市场代码,合约代码,时间,最新,持仓,增仓,成交额,成交量,开仓,平仓,成交类型,方向,买一价,买二价,买三价,买四价,买五价,卖一价,卖二价,卖三价,卖四价,卖五价,买一量,买二量,买三量,买四量,买五量,卖一量,卖二量,卖三量,卖四量,卖五量
zc,WS209,2012-06-11 07:54:01.133,0.0000,233768,0,0.0000,0.0000,0,0,空换,S,0.0000,0.0000,0.0000,0.0000,0.0000,0.0000,0.0000,0.0000,0.0000,0.0000,0,0,0,0,0,0,0,0,0,0
zc,WS209,2012-06-11 07:56:01.133,0.0000,233768,0,0.0000,0.0000,0,0,空换,S,0.0000,0.0000,0.0000,0.0000,0.0000,0.0000,0.0000,0.0000,0.0000,0.0000,0,0,0,0,0,0,0,0,0,0
zc,WS209,2012-06-11 07:58:01.147,0.0000,233768,0,0.0000,0.0000,0,0,空换,S,0.0000,0.0000,0.0000,0.0000,0.0000,0.0000,0.0000,0.0000,0.0000,0.0000,0,0,0,0,0,0,0,0,0,0
zc,WS209,2012-06-11 08:04:01.133,0.0000,233768,0,0.0000,0.0000,0,0,空换,S,0.0000,0.0000,0.0000,0.0000,0.0000,0.0000,0.0000,0.0000,0.0000,0.0000,0,0,0,0,0,0,0,0,0,0
zc,WS209,2012-06-11 08:05:01.133,0.0000,233768,0,0.0000,0.0000,0,0,空换,S,0.0000,0.0000,0.0000,0.0000,0.0000,0.0000,0.0000,0.0000,0.0000,0.0000,0,0,0,0,0,0,0,0,0,0
zc,WS209,2012-06-11 08:13:01.117,0.0000,233768,0,0.0000,0.0000,0,0,空换,S,0.0000,0.0000,0.0000,0.0000,0.0000,0.0000,0.0000,0.0000,0.0000,0.0000,0,0,0,0,0,0,0,0,0,0
zc,WS209,2012-06-11 08:14:01.117,0.0000,233768,0,0.0000,0.0000,0,0,空换,S,0.0000,0.0000,0.0000,0.0000,0.0000,0.0000,0.0000,0.0000,0.0000,0.0000,0,0,0,0,0,0,0,0,0,0
zc,WS209,2012-06-11 08:29:02.447,0.0000,233768,0,0.0000,0.0000,0,0,空换,S,0.0000,0.0000,0.0000,0.0000,0.0000,0.0000,0.0000,0.0000,0.0000,0.0000,0,0,0,0,0,0,0,0,0,0
zc,WS209,2012-06-11 08:33:02.447,0.0000,233768,0,0.0000,0.0000,0,0,空换,S,0.0000,0.0000,0.0000,0.0000,0.0000,0.0000,0.0000,0.0000,0.0000,0.0000,0,0,0,0,0,0,0,0,0,0
zc,WS209,2012-06-11 08:34:02.447,0.0000,233768,0,0.0000,0.0000,0,0,空换,S,0.0000,0.0000,0.0000,0.0000,0.0000,0.0000,0.0000,0.0000,0.0000,0.0000,0,0,0,0,0,0,0,0,0,0
zc,WS209,2012-06-11 08:36:02.447,0.0000,233768,0,0.0000,0.0000,0,0,空换,S,0.0000,0.0000,0.0000,0.0000,0.0000,0.0000,0.0000,0.0000,0.0000,0.0000,0,0,0,0,0,0,0,0,0,0
zc,WS209,2012-06-11 08:39:02.447,0.0000,233768,0,0.0000,0.0000,0,0,空换,S,0.0000,0.0000,0.0000,0.0000,0.0000,0.0000,0.0000,0.0000,0.0000,0.0000,0,0,0,0,0,0,0,0,0,0
zc,WS209,2012-06-11 08:40:02.447,0.0000,233768,0,0.0000,0.0000,0,0,空换,S,0.0000,0.0000,0.0000,0.0000,0.0000,0.0000,0.0000,0.0000,0.0000,0.0000,0,0,0,0,0,0,0,0,0,0
zc,WS209,2012-06-11 08:44:02.460,0.0000,233768,0,0.0000,0.0000,0,0,空换,S,0.0000,0.0000,0.0000,0.0000,0.0000,0.0000,0.0000,0.0000,0.0000,0.0000,0,0,0,0,0,0,0,0,0,0
zc,WS209,2012-06-11 08:47:02.447,0.0000,233768,0,0.0000,0.0000,0,0,空换,S,0.0000,0.0000,0.0000,0.0000,0.0000,0.0000,0.0000,0.0000,0.0000,0.0000,0,0,0,0,0,0,0,0,0,0
zc,WS209,2012-06-11 08:48:02.447,0.0000,233768,0,0.0000,0.0000,0,0,空换,S,0.0000,0.0000,0.0000,0.0000,0.0000,0.0000,0.0000,0.0000,0.0000,0.0000,0,0,0,0,0,0,0,0,0,0
zc,WS209,2012-06-11 08:49:02.447,0.0000,233768,0,0.0000,0.0000,0,0,空换,S,0.0000,0.0000,0.0000,0.0000,0.0000,0.0000,0.0000,0.0000,0.0000,0.0000,0,0,0,0,0,0,0,0,0,0
zc,WS209,2012-06-11 08:52:02.460,0.0000,233768,0,0.0000,0.0000,0,0,空换,S,0.0000,0.0000,0.0000,0.0000,0.0000,0.0000,0.0000,0.0000,0.0000,0.0000,0,0,0,0,0,0,0,0,0,0
zc,WS209,2012-06-11 08:55:03.710,0.0000,233768,0,0.0000,0.0000,0,0,空换,S,0.0000,0.0000,0.0000,0.0000,0.0000,0.0000,0.0000,0.0000,0.0000,0.0000,0,0,0,0,0,0,0,0,0,0
zc,WS209,2012-06-11 08:55:04.960,0.0000,233768,0,0.0000,0.0000,0,0,空换,S,0.0000,0.0000,0.0000,0.0000,0.0000,0.0000,0.0000,0.0000,0.0000,0.0000,0,0,0,0,0,0,0,0,0,0
zc,WS209,2012-06-11 08:55:27.180,0.0000,233768,0,0.0000,0.0000,0,0,空换,S,0.0000,0.0000,0.0000,0.0000,0.0000,0.0000,0.0000,0.0000,0.0000,0.0000,0,0,0,0,0,0,0,0,0,0
zc,WS209,2012-06-11 08:55:27.430,0.0000,233768,0,0.0000,0.0000,0,0,空换,S,0.0000,0.0000,0.0000,0.0000,0.0000,0.0000,0.0000,0.0000,0.0000,0.0000,0,0,0,0,0,0,0,0,0,0
zc,WS209,2012-06-11 08:55:45.947,0.0000,233768,0,0.0000,0.0000,0,0,空换,S,0.0000,0.0000,0.0000,0.0000,0.0000,0.0000,0.0000,0.0000,0.0000,0.0000,0,0,0,0,0,0,0,0,0,0
zc,WS209,2012-06-11 08:56:01.180,0.0000,233768,0,0.0000,0.0000,0,0,空换,S,0.0000,0.0000,0.0000,0.0000,0.0000,0.0000,0.0000,0.0000,0.0000,0.0000,0,0,0,0,0,0,0,0,0,0
zc,WS209,2012-06-11 08:56:38.947,0.0000,233768,0,0.0000,0.0000,0,0,空换,S,0.0000,0.0000,0.0000,0.0000,0.0000,0.0000,0.0000,0.0000,0.0000,0.0000,0,0,0,0,0,0,0,0,0,0
zc,WS209,2012-06-11 08:57:16.930,0.0000,233768,0,0.0000,0.0000,0,0,空换,S,0.0000,0.0000,0.0000,0.0000,0.0000,0.0000,0.0000,0.0000,0.0000,0.0000,0,0,0,0,0,0,0,0,0,0
zc,WS209,2012-06-11 08:57:24.960,0.0000,233768,0,0.0000,0.0000,0,0,空换,S,0.0000,0.0000,0.0000,0.0000,0.0000,0.0000,0.0000,0.0000,0.0000,0.0000,0,0,0,0,0,0,0,0,0,0
zc,WS209,2012-06-11 08:57:28.697,0.0000,233768,0,0.0000,0.0000,0,0,空换,S,0.0000,0.0000,0.0000,0.0000,0.0000,0.0000,0.0000,0.0000,0.0000,0.0000,0,0,0,0,0,0,0,0,0,0
zc,WS209,2012-06-11 08:57:32.197,0.0000,233768,0,0.0000,0.0000,0,0,空换,S,0.0000,0.0000,0.0000,0.0000,0.0000,0.0000,0.0000,0.0000,0.0000,0.0000,0,0,0,0,0,0,0,0,0,0
zc,WS209,2012-06-11 08:57:35.947,0.0000,233768,0,0.0000,0.0000,0,0,空换,S,0.0000,0.0000,0.0000,0.0000,0.0000,0.0000,0.0000,0.0000,0.0000,0.0000,0,0,0,0,0,0,0,0,0,0
zc,WS209,2012-06-11 08:57:38.947,0.0000,233768,0,0.0000,0.0000,0,0,空换,S,0.0000,0.0000,0.0000,0.0000,0.0000,0.0000,0.0000,0.0000,0.0000,0.0000,0,0,0,0,0,0,0,0,0,0
zc,WS209,2012-06-11 08:57:56.447,0.0000,233768,0,0.0000,0.0000,0,0,空换,S,0.0000,0.0000,0.0000,0.0000,0.0000,0.0000,0.0000,0.0000,0.0000,0.0000,0,0,0,0,0,0,0,0,0,0
zc,WS209,2012-06-11 08:57:57.947,0.0000,233768,0,0.0000,0.0000,0,0,空换,S,0.0000,0.0000,0.0000,0.0000,0.0000,0.0000,0.0000,0.0000,0.0000,0.0000,0,0,0,0,0,0,0,0,0,0
zc,WS209,2012-06-11 08:58:00.697,0.0000,233768,0,0.0000,0.0000,0,0,空换,S,0.0000,0.0000,0.0000,0.0000,0.0000,0.0000,0.0000,0.0000,0.0000,0.0000,0,0,0,0,0,0,0,0,0,0
zc,WS209,2012-06-11 08:58:02.447,0.0000,233768,0,0.0000,0.0000,0,0,空换,S,0.0000,0.0000,0.0000,0.0000,0.0000,0.0000,0.0000,0.0000,0.0000,0.0000,0,0,0,0,0,0,0,0,0,0
zc,WS209,2012-06-11 08:58:06.697,0.0000,233768,0,0.0000,0.0000,0,0,空换,S,0.0000,0.0000,0.0000,0.0000,0.0000,0.0000,0.0000,0.0000,0.0000,0.0000,0,0,0,0,0,0,0,0,0,0
zc,WS209,2012-06-11 08:58:08.197,0.0000,233768,0,0.0000,0.0000,0,0,空换,S,0.0000,0.0000,0.0000,0.0000,0.0000,0.0000,0.0000,0.0000,0.0000,0.0000,0,0,0,0,0,0,0,0,0,0
zc,WS209,2012-06-11 08:58:11.947,0.0000,233768,0,0.0000,0.0000,0,0,空换,S,0.0000,0.0000,0.0000,0.0000,0.0000,0.0000,0.0000,0.0000,0.0000,0.0000,0,0,0,0,0,0,0,0,0,0
zc,WS209,2012-06-11 08:58:19.680,0.0000,233768,0,0.0000,0.0000,0,0,空换,S,0.0000,0.0000,0.0000,0.0000,0.0000,0.0000,0.0000,0.0000,0.0000,0.0000,0,0,0,0,0,0,0,0,0,0
zc,WS209,2012-06-11 08:58:23.947,0.0000,233768,0,0.0000,0.0000,0,0,空换,S,0.0000,0.0000,0.0000,0.0000,0.0000,0.0000,0.0000,0.0000,0.0000,0.0000,0,0,0,0,0,0,0,0,0,0
zc,WS209,2012-06-11 08:58:24.930,0.0000,233768,0,0.0000,0.0000,0,0,空换,S,0.0000,0.0000,0.0000,0.0000,0.0000,0.0000,0.0000,0.0000,0.0000,0.0000,0,0,0,0,0,0,0,0,0,0
zc,WS209,2012-06-11 08:58:26.197,0.0000,233768,0,0.0000,0.0000,0,0,空换,S,0.0000,0.0000,0.0000,0.0000,0.0000,0.0000,0.0000,0.0000,0.0000,0.0000,0,0,0,0,0,0,0,0,0,0
zc,WS209,2012-06-11 08:58:35.947,0.0000,233768,0,0.0000,0.0000,0,0,空换,S,0.0000,0.0000,0.0000,0.0000,0.0000,0.0000,0.0000,0.0000,0.0000,0.0000,0,0,0,0,0,0,0,0,0,0
zc,WS209,2012-06-11 08:58:40.930,0.0000,233768,0,0.0000,0.0000,0,0,空换,S,0.0000,0.0000,0.0000,0.0000,0.0000,0.0000,0.0000,0.0000,0.0000,0.0000,0,0,0,0,0,0,0,0,0,0
zc,WS209,2012-06-11 08:59:01.197,2429.0000,233954,186,0.0000,440.0000,313,127,多开,B,2426.0000,0.0000,0.0000,0.0000,0.0000,2429.0000,0.0000,0.0000,0.0000,0.0000,1,0,0,0,0,65,0,0,0,0
zc,WS209,2012-06-11 09:00:01.100,2429.0000,233954,0,0.0000,0.0000,0,0,多换,B,2426.0000,0.0000,0.0000,0.0000,0.0000,2427.0000,0.0000,0.0000,0.0000,0.0000,1,0,0,0,0,34,0,0,0,0
zc,WS209,2012-06-11 09:00:04.210,2426.0000,233942,-12,0.0000,138.0000,63,75,多平,S,2426.0000,0.0000,0.0000,0.0000,0.0000,2428.0000,0.0000,0.0000,0.0000,0.0000,10,0,0,0,0,20,0,0,0,0
zc,WS209,2012-06-11 09:00:05.430,2426.0000,233922,-20,0.0000,38.0000,9,29,多平,S,2425.0000,0.0000,0.0000,0.0000,0.0000,2428.0000,0.0000,0.0000,0.0000,0.0000,20,0,0,0,0,22,0,0,0,0
zc,WS209,2012-06-11 09:00:05.897,2426.0000,233922,0,0.0000,0.0000,0,0,空换,S,2427.0000,0.0000,0.0000,0.0000,0.0000,2428.0000,0.0000,0.0000,0.0000,0.0000,18,0,0,0,0,31,0,0,0,0
zc,WS209,2012-06-11 09:00:06.633,2427.0000,233914,-8,0.0000,8.0000,0,8,双平,B,2427.0000,0.0000,0.0000,0.0000,0.0000,2428.0000,0.0000,0.0000,0.0000,0.0000,15,0,0,0,0,35,0,0,0,0
zc,WS209,2012-06-11 09:00:07.117,2427.0000,233910,-4,0.0000,4.0000,0,4,双平,B,2427.0000,0.0000,0.0000,0.0000,0.0000,2428.0000,0.0000,0.0000,0.0000,0.0000,13,0,0,0,0,37,0,0,0,0
zc,WS209,2012-06-11 09:00:08.147,2427.0000,233896,-14,0.0000,14.0000,0,14,双平,B,2427.0000,0.0000,0.0000,0.0000,0.0000,2428.0000,0.0000,0.0000,0.0000,0.0000,6,0,0,0,0,37,0,0,0,0
zc,WS209,2012-06-11 09:00:08.600,2428.0000,233874,-22,0.0000,28.0000,3,25,空平,B,2427.0000,0.0000,0.0000,0.0000,0.0000,2428.0000,0.0000,0.0000,0.0000,0.0000,6,0,0,0,0,30,0,0,0,0
zc,WS209,2012-06-11 09:00:09.117,2427.0000,233872,-2,0.0000,12.0000,5,7,多平,S,2426.0000,0.0000,0.0000,0.0000,0.0000,2427.0000,0.0000,0.0000,0.0000,0.0000,50,0,0,0,0,1,0,0,0,0
zc,WS209,2012-06-11 09:00:09.883,2427.0000,233860,-12,0.0000,16.0000,2,14,多平,S,2426.0000,0.0000,0.0000,0.0000,0.0000,2427.0000,0.0000,0.0000,0.0000,0.0000,50,0,0,0,0,19,0,0,0,0
zc,WS209,2012-06-11 09:00:10.617,2426.0000,233860,0,0.0000,8.0000,4,4,空换,S,2426.0000,0.0000,0.0000,0.0000,0.0000,2427.0000,0.0000,0.0000,0.0000,0.0000,47,0,0,0,0,35,0,0,0,0
zc,WS209,2012-06-11 09:00:11.117,2427.0000,233858,-2,0.0000,2.0000,0,2,双平,B,2426.0000,0.0000,0.0000,0.0000,0.0000,2427.0000,0.0000,0.0000,0.0000,0.0000,47,0,0,0,0,39,0,0,0,0
zc,WS209,2012-06-11 09:00:12.147,2427.0000,233858,0,0.0000,0.0000,0,0,多换,B,2426.0000,0.0000,0.0000,0.0000,0.0000,2427.0000,0.0000,0.0000,0.0000,0.0000,48,0,0,0,0,39,0,0,0,0
zc,WS209,2012-06-11 09:00:12.600,2427.0000,233858,0,0.0000,0.0000,0,0,多换,B,2426.0000,0.0000,0.0000,0.0000,0.0000,2427.0000,0.0000,0.0000,0.0000,0.0000,88,0,0,0,0,39,0,0,0,0
zc,WS209,2012-06-11 09:00:13.367,2426.0000,233862,4,0.0000,4.0000,4,0,双开,S,2426.0000,0.0000,0.0000,0.0000,0.0000,2427.0000,0.0000,0.0000,0.0000,0.0000,86,0,0,0,0,39,0,0,0,0
zc,WS209,2012-06-11 09:00:13.850,2427.0000,233840,-22,0.0000,62.0000,20,42,空平,B,2426.0000,0.0000,0.0000,0.0000,0.0000,2427.0000,0.0000,0.0000,0.0000,0.0000,66,0,0,0,0,26,0,0,0,0
zc,WS209,2012-06-11 09:00:14.587,2427.0000,233832,-8,0.0000,10.0000,1,9,空平,B,2426.0000,0.0000,0.0000,0.0000,0.0000,2427.0000,0.0000,0.0000,0.0000,0.0000,61,0,0,0,0,22,0,0,0,0
zc,WS209,2012-06-11 09:00:15.053,2426.0000,233824,-8,0.0000,12.0000,2,10,多平,S,2426.0000,0.0000,0.0000,0.0000,0.0000,2427.0000,0.0000,0.0000,0.0000,0.0000,56,0,0,0,0,27,0,0,0,0
zc,WS209,2012-06-11 09:00:15.600,2427.0000,233794,-30,0.0000,46.0000,8,38,空平,B,2426.0000,0.0000,0.0000,0.0000,0.0000,2427.0000,0.0000,0.0000,0.0000,0.0000,34,0,0,0,0,11,0,0,0,0
zc,WS209,2012-06-11 09:00:16.397,2427.0000,233798,4,0.0000,8.0000,6,2,多开,B,2426.0000,0.0000,0.0000,0.0000,0.0000,2427.0000,0.0000,0.0000,0.0000,0.0000,30,0,0,0,0,210,0,0,0,0
zc,WS209,2012-06-11 09:00:17.163,2427.0000,233794,-4,0.0000,18.0000,7,11,空平,B,2426.0000,0.0000,0.0000,0.0000,0.0000,2427.0000,0.0000,0.0000,0.0000,0.0000,22,0,0,0,0,207,0,0,0,0
zc,WS209,2012-06-11 09:00:17.867,2426.0000,233786,-8,0.0000,22.0000,7,15,多平,S,2426.0000,0.0000,0.0000,0.0000,0.0000,2427.0000,0.0000,0.0000,0.0000,0.0000,16,0,0,0,0,225,0,0,0,0
zc,WS209,2012-06-11 09:00:18.600,2426.0000,233788,2,0.0000,6.0000,4,2,空开,S,2426.0000,0.0000,0.0000,0.0000,0.0000,2427.0000,0.0000,0.0000,0.0000,0.0000,15,0,0,0,0,223,0,0,0,0
zc,WS209,2012-06-11 09:00:19.100,2426.0000,233788,0,0.0000,10.0000,5,5,空换,S,2426.0000,0.0000,0.0000,0.0000,0.0000,2427.0000,0.0000,0.0000,0.0000,0.0000,14,0,0,0,0,219,0,0,0,0
zc,WS209,2012-06-11 09:00:19.867,2427.0000,233786,-2,0.0000,16.0000,7,9,空平,B,2426.0000,0.0000,0.0000,0.0000,0.0000,2427.0000,0.0000,0.0000,0.0000,0.0000,7,0,0,0,0,213,0,0,0,0
zc,WS209,2012-06-11 09:00:20.570,2426.0000,233784,-2,0.0000,4.0000,1,3,多平,S,2426.0000,0.0000,0.0000,0.0000,0.0000,2427.0000,0.0000,0.0000,0.0000,0.0000,5,0,0,0,0,216,0,0,0,0
zc,WS209,2012-06-11 09:00:21.397,2425.0000,233788,4,0.0000,12.0000,8,4,空开,S,2425.0000,0.0000,0.0000,0.0000,0.0000,2426.0000,0.0000,0.0000,0.0000,0.0000,1,0,0,0,0,77,0,0,0,0
zc,WS209,2012-06-11 09:00:21.837,2425.0000,233770,-18,0.0000,20.0000,1,19,多平,S,2424.0000,0.0000,0.0000,0.0000,0.0000,2426.0000,0.0000,0.0000,0.0000,0.0000,13,0,0,0,0,70,0,0,0,0
zc,WS209,2012-06-11 09:00:22.553,2426.0000,233770,0,0.0000,2.0000,1,1,多换,B,2424.0000,0.0000,0.0000,0.0000,0.0000,2426.0000,0.0000,0.0000,0.0000,0.0000,8,0,0,0,0,74,0,0,0,0
zc,WS209,2012-06-11 09:00:23.087,2424.0000,233768,-2,0.0000,2.0000,0,2,双平,S,2423.0000,0.0000,0.0000,0.0000,0.0000,2425.0000,0.0000,0.0000,0.0000,0.0000,5,0,0,0,0,4,0,0,0,0
zc,WS209,2012-06-11 09:00:23.600,2424.0000,233768,0,0.0000,0.0000,0,0,空换,S,2423.0000,0.0000,0.0000,0.0000,0.0000,2424.0000,0.0000,0.0000,0.0000,0.0000,5,0,0,0,0,1,0,0,0,0
zc,WS209,2012-06-11 09:00:24.320,2425.0000,233776,8,0.0000,10.0000,9,1,多开,B,2423.0000,0.0000,0.0000,0.0000,0.0000,2425.0000,0.0000,0.0000,0.0000,0.0000,13,0,0,0,0,2,0,0,0,0
zc,WS209,2012-06-11 09:00:24.773,2425.0000,233776,0,0.0000,0.0000,0,0,多换,B,2423.0000,0.0000,0.0000,0.0000,0.0000,2424.0000,0.0000,0.0000,0.0000,0.0000,15,0,0,0,0,1,0,0,0,0
zc,WS209,2012-06-11 09:00:25.303,2424.0000,233774,-2,0.0000,2.0000,0,2,双平,S,2424.0000,0.0000,0.0000,0.0000,0.0000,2426.0000,0.0000,0.0000,0.0000,0.0000,18,0,0,0,0,74,0,0,0,0
zc,WS209,2012-06-11 09:00:25.837,2424.0000,233764,-10,0.0000,10.0000,0,10,双平,S,2424.0000,0.0000,0.0000,0.0000,0.0000,2426.0000,0.0000,0.0000,0.0000,0.0000,14,0,0,0,0,74,0,0,0,0
zc,WS209,2012-06-11 09:00:26.883,2424.0000,233764,0,0.0000,2.0000,1,1,空换,S,2423.0000,0.0000,0.0000,0.0000,0.0000,2424.0000,0.0000,0.0000,0.0000,0.0000,2,0,0,0,0,1,0,0,0,0
zc,WS209,2012-06-11 09:00:27.337,2424.0000,233764,0,0.0000,0.0000,0,0,空换,S,2423.0000,0.0000,0.0000,0.0000,0.0000,2424.0000,0.0000,0.0000,0.0000,0.0000,3,0,0,0,0,1,0,0,0,0
zc,WS209,2012-06-11 09:00:28.117,2424.0000,233760,-4,0.0000,6.0000,1,5,多平,S,2423.0000,0.0000,0.0000,0.0000,0.0000,2424.0000,0.0000,0.0000,0.0000,0.0000,14,0,0,0,0,65,0,0,0,0
zc,WS209,2012-06-11 09:00:29.100,2424.0000,233742,-18,0.0000,18.0000,0,18,双平,S,2423.0000,0.0000,0.0000,0.0000,0.0000,2424.0000,0.0000,0.0000,0.0000,0.0000,5,0,0,0,0,56,0,0,0,0
zc,WS209,2012-06-11 09:00:29.600,2424.0000,233740,-2,0.0000,20.0000,9,11,多平,S,2423.0000,0.0000,0.0000,0.0000,0.0000,2424.0000,0.0000,0.0000,0.0000,0.0000,4,0,0,0,0,46,0,0,0,0
zc,WS209,2012-06-11 09:00:30.053,2424.0000,233692,-48,0.0000,52.0000,2,50,多平,S,2423.0000,0.0000,0.0000,0.0000,0.0000,2424.0000,0.0000,0.0000,0.0000,0.0000,30,0,0,0,0,22,0,0,0,0
zc,WS209,2012-06-11 09:00:30.867,2424.0000,233692,0,0.0000,0.0000,0,0,空换,S,2423.0000,0.0000,0.0000,0.0000,0.0000,2424.0000,0.0000,0.0000,0.0000,0.0000,33,0,0,0,0,22,0,0,0,0
zc,WS209,2012-06-11 09:00:31.617,2424.0000,233692,0,0.0000,0.0000,0,0,空换,S,2423.0000,0.0000,0.0000,0.0000,0.0000,2424.0000,0.0000,0.0000,0.0000,0.0000,3,0,0,0,0,23,0,0,0,0
zc,WS209,2012-06-11 09:00:32.053,2423.0000,233692,0,0.0000,2.0000,1,1,空换,S,2423.0000,0.0000,0.0000,0.0000,0.0000,2424.0000,0.0000,0.0000,0.0000,0.0000,3,0,0,0,0,23,0,0,0,0
zc,WS209,2012-06-11 09:00:32.850,2422.0000,233690,-2,0.0000,18.0000,8,10,多平,S,2422.0000,0.0000,0.0000,0.0000,0.0000,2424.0000,0.0000,0.0000,0.0000,0.0000,30,0,0,0,0,22,0,0,0,0
zc,WS209,2012-06-11 09:00:33.287,2424.0000,233690,0,0.0000,2.0000,1,1,多换,B,2422.0000,0.0000,0.0000,0.0000,0.0000,2424.0000,0.0000,0.0000,0.0000,0.0000,31,0,0,0,0,3,0,0,0,0
zc,WS209,2012-06-11 09:00:35.337,2424.0000,233690,0,0.0000,0.0000,0,0,多换,B,2423.0000,0.0000,0.0000,0.0000,0.0000,2424.0000,0.0000,0.0000,0.0000,0.0000,1,0,0,0,0,5,0,0,0,0
zc,WS209,2012-06-11 09:00:36.163,2424.0000,233690,0,0.0000,0.0000,0,0,多换,B,2423.0000,0.0000,0.0000,0.0000,0.0000,2424.0000,0.0000,0.0000,0.0000,0.0000,31,0,0,0,0,5,0,0,0,0
zc,WS209,2012-06-11 09:00:36.867,2424.0000,233692,2,0.0000,2.0000,2,0,双开,B,2423.0000,0.0000,0.0000,0.0000,0.0000,2424.0000,0.0000,0.0000,0.0000,0.0000,27,0,0,0,0,4,0,0,0,0
zc,WS209,2012-06-11 09:00:37.350,2423.0000,233694,2,0.0000,4.0000,3,1,空开,S,2423.0000,0.0000,0.0000,0.0000,0.0000,2424.0000,0.0000,0.0000,0.0000,0.0000,22,0,0,0,0,12,0,0,0,0
zc,WS209,2012-06-11 09:00:38.257,2424.0000,233698,4,0.0000,26.0000,15,11,多开,B,2423.0000,0.0000,0.0000,0.0000,0.0000,2425.0000,0.0000,0.0000,0.0000,0.0000,6,0,0,0,0,4,0,0,0,0
zc,WS209,2012-06-11 09:00:38.787,2424.0000,233698,0,0.0000,0.0000,0,0,多换,B,2423.0000,0.0000,0.0000,0.0000,0.0000,2425.0000,0.0000,0.0000,0.0000,0.0000,7,0,0,0,0,4,0,0,0,0
zc,WS209,2012-06-11 09:00:39.850,2423.0000,233734,36,0.0000,40.0000,38,2,空开,S,2423.0000,0.0000,0.0000,0.0000,0.0000,2424.0000,0.0000,0.0000,0.0000,0.0000,1,0,0,0,0,8,0,0,0,0
zc,WS209,2012-06-11 09:00:40.587,2423.0000,233736,2,0.0000,2.0000,2,0,双开,S,2422.0000,0.0000,0.0000,0.0000,0.0000,2423.0000,0.0000,0.0000,0.0000,0.0000,31,0,0,0,0,19,0,0,0,0
zc,WS209,2012-06-11 09:00:41.303,2423.0000,233744,8,0.0000,8.0000,8,0,双开,S,2422.0000,0.0000,0.0000,0.0000,0.0000,2423.0000,0.0000,0.0000,0.0000,0.0000,32,0,0,0,0,15,0,0,0,0
zc,WS209,2012-06-11 09:00:41.883,2423.0000,233756,12,0.0000,12.0000,12,0,双开,S,2422.0000,0.0000,0.0000,0.0000,0.0000,2423.0000,0.0000,0.0000,0.0000,0.0000,35,0,0,0,0,9,0,0,0,0
zc,WS209,2012-06-11 09:00:42.570,2423.0000,233772,16,0.0000,18.0000,17,1,空开,S,2423.0000,0.0000,0.0000,0.0000,0.0000,2424.0000,0.0000,0.0000,0.0000,0.0000,6,0,0,0,0,5,0,0,0,0
zc,WS209,2012-06-11 09:00:43.367,2423.0000,233772,0,0.0000,2.0000,1,1,空换,S,2423.0000,0.0000,0.0000,0.0000,0.0000,2424.0000,0.0000,0.0000,0.0000,0.0000,5,0,0,0,0,7,0,0,0,0
zc,WS209,2012-06-11 09:00:43.837,2423.0000,233772,0,0.0000,10.0000,5,5,空换,S,2422.0000,0.0000,0.0000,0.0000,0.0000,2423.0000,0.0000,0.0000,0.0000,0.0000,21,0,0,0,0,115,0,0,0,0
zc,WS209,2012-06-11 09:00:45.350,2423.0000,233770,-2,0.0000,14.0000,6,8,多平,S,2422.0000,0.0000,0.0000,0.0000,0.0000,2423.0000,0.0000,0.0000,0.0000,0.0000,17,0,0,0,0,109,0,0,0,0
zc,WS209,2012-06-11 09:00:45.837,2423.0000,233770,0,0.0000,4.0000,2,2,空换,S,2422.0000,0.0000,0.0000,0.0000,0.0000,2423.0000,0.0000,0.0000,0.0000,0.0000,15,0,0,0,0,107,0,0,0,0
zc,WS209,2012-06-11 09:00:46.587,2422.0000,233788,18,0.0000,18.0000,18,0,双开,S,2422.0000,0.0000,0.0000,0.0000,0.0000,2423.0000,0.0000,0.0000,0.0000,0.0000,6,0,0,0,0,107,0,0,0,0
zc,WS209,2012-06-11 09:00:47.117,2422.0000,233788,0,0.0000,0.0000,0,0,空换,S,2422.0000,0.0000,0.0000,0.0000,0.0000,2423.0000,0.0000,0.0000,0.0000,0.0000,7,0,0,0,0,107,0,0,0,0
zc,WS209,2012-06-11 09:00:47.837,2423.0000,233788,0,0.0000,40.0000,20,20,多换,B,2422.0000,0.0000,0.0000,0.0000,0.0000,2423.0000,0.0000,0.0000,0.0000,0.0000,6,0,0,0,0,87,0,0,0,0
zc,WS209,2012-06-11 09:00:49.087,2423.0000,233788,0,0.0000,0.0000,0,0,多换,B,2422.0000,0.0000,0.0000,0.0000,0.0000,2423.0000,0.0000,0.0000,0.0000,0.0000,6,0,0,0,0,88,0,0,0,0
zc,WS209,2012-06-11 09:00:49.600,2422.0000,233786,-2,0.0000,14.0000,6,8,多平,S,2421.0000,0.0000,0.0000,0.0000,0.0000,2422.0000,0.0000,0.0000,0.0000,0.0000,12,0,0,0,0,11,0,0,0,0
zc,WS209,2012-06-11 09:00:50.350,2422.0000,233780,-6,0.0000,10.0000,2,8,多平,S,2421.0000,0.0000,0.0000,0.0000,0.0000,2422.0000,0.0000,0.0000,0.0000,0.0000,14,0,0,0,0,6,0,0,0,0
zc,WS209,2012-06-11 09:00:50.850,2422.0000,233780,0,0.0000,2.0000,1,1,空换,S,2421.0000,0.0000,0.0000,0.0000,0.0000,2422.0000,0.0000,0.0000,0.0000,0.0000,14,0,0,0,0,5,0,0,0,0
zc,WS209,2012-06-11 09:00:51.553,2422.0000,233780,0,0.0000,6.0000,3,3,空换,S,2421.0000,0.0000,0.0000,0.0000,0.0000,2422.0000,0.0000,0.0000,0.0000,0.0000,14,0,0,0,0,2,0,0,0,0
zc,WS209,2012-06-11 09:00:52.053,2422.0000,233780,0,0.0000,0.0000,0,0,空换,S,2421.0000,0.0000,0.0000,0.0000,0.0000,2422.0000,0.0000,0.0000,0.0000,0.0000,12,0,0,0,0,2,0,0,0,0
zc,WS209,2012-06-11 09:00:52.867,2422.0000,233780,0,0.0000,8.0000,4,4,空换,S,2422.0000,0.0000,0.0000,0.0000,0.0000,2423.0000,0.0000,0.0000,0.0000,0.0000,1,0,0,0,0,92,0,0,0,0
zc,WS209,2012-06-11 09:00:53.617,2422.0000,233780,0,0.0000,4.0000,2,2,空换,S,2421.0000,0.0000,0.0000,0.0000,0.0000,2423.0000,0.0000,0.0000,0.0000,0.0000,20,0,0,0,0,91,0,0,0,0
zc,WS209,2012-06-11 09:00:54.320,2423.0000,233780,0,0.0000,36.0000,18,18,多换,B,2421.0000,0.0000,0.0000,0.0000,0.0000,2423.0000,0.0000,0.0000,0.0000,0.0000,20,0,0,0,0,73,0,0,0,0
zc,WS209,2012-06-11 09:00:54.883,2423.0000,233782,2,0.0000,6.0000,4,2,多开,B,2422.0000,0.0000,0.0000,0.0000,0.0000,2423.0000,0.0000,0.0000,0.0000,0.0000,1,0,0,0,0,71,0,0,0,0
zc,WS209,2012-06-11 09:00:55.367,2423.0000,233782,0,0.0000,4.0000,2,2,多换,B,2422.0000,0.0000,0.0000,0.0000,0.0000,2423.0000,0.0000,0.0000,0.0000,0.0000,3,0,0,0,0,69,0,0,0,0
zc,WS209,2012-06-11 09:00:55.867,2423.0000,233782,0,0.0000,0.0000,0,0,多换,B,2422.0000,0.0000,0.0000,0.0000,0.0000,2423.0000,0.0000,0.0000,0.0000,0.0000,4,0,0,0,0,69,0,0,0,0
zc,WS209,2012-06-11 09:00:57.037,2423.0000,233782,0,0.0000,30.0000,15,15,多换,B,2422.0000,0.0000,0.0000,0.0000,0.0000,2423.0000,0.0000,0.0000,0.0000,0.0000,5,0,0,0,0,54,0,0,0,0
zc,WS209,2012-06-11 09:00:58.397,2422.0000,233782,0,0.0000,6.0000,3,3,空换,S,2422.0000,0.0000,0.0000,0.0000,0.0000,2423.0000,0.0000,0.0000,0.0000,0.0000,2,0,0,0,0,53,0,0,0,0
zc,WS209,2012-06-11 09:00:59.523,2422.0000,233788,6,0.0000,6.0000,6,0,双开,S,2421.0000,0.0000,0.0000,0.0000,0.0000,2423.0000,0.0000,0.0000,0.0000,0.0000,35,0,0,0,0,53,0,0,0,0
zc,WS209,2012-06-11 09:01:00.287,2422.0000,233788,0,0.0000,0.0000,0,0,空换,S,2422.0000,0.0000,0.0000,0.0000,0.0000,2423.0000,0.0000,0.0000,0.0000,0.0000,3,0,0,0,0,53,0,0,0,0
zc,WS209,2012-06-11 09:01:01.117,2423.0000,233788,0,0.0000,52.0000,26,26,多换,B,2422.0000,0.0000,0.0000,0.0000,0.0000,2423.0000,0.0000,0.0000,0.0000,0.0000,3,0,0,0,0,28,0,0,0,0
zc,WS209,2012-06-11 09:01:01.587,2422.0000,233788,0,0.0000,2.0000,1,1,空换,S,2422.0000,0.0000,0.0000,0.0000,0.0000,2423.0000,0.0000,0.0000,0.0000,0.0000,33,0,0,0,0,29,0,0,0,0
zc,WS209,2012-06-11 09:01:02.477,2422.0000,233790,2,0.0000,36.0000,19,17,空开,S,2422.0000,0.0000,0.0000,0.0000,0.0000,2423.0000,0.0000,0.0000,0.0000,0.0000,30,0,0,0,0,19,0,0,0,0
zc,WS209,2012-06-11 09:01:03.087,2422.0000,233790,0,0.0000,0.0000,0,0,空换,S,2422.0000,0.0000,0.0000,0.0000,0.0000,2423.0000,0.0000,0.0000,0.0000,0.0000,33,0,0,0,0,19,0,0,0,0
zc,WS209,2012-06-11 09:01:04.070,2423.0000,233792,2,0.0000,34.0000,18,16,多开,B,2422.0000,0.0000,0.0000,0.0000,0.0000,2423.0000,0.0000,0.0000,0.0000,0.0000,33,0,0,0,0,2,0,0,0,0
zc,WS209,2012-06-11 09:01:04.837,2423.0000,233794,2,0.0000,2.0000,2,0,双开,B,2422.0000,0.0000,0.0000,0.0000,0.0000,2423.0000,0.0000,0.0000,0.0000,0.0000,34,0,0,0,0,1,0,0,0,0
zc,WS209,2012-06-11 09:01:05.320,2423.0000,233792,-2,0.0000,2.0000,0,2,双平,B,2422.0000,0.0000,0.0000,0.0000,0.0000,2424.0000,0.0000,0.0000,0.0000,0.0000,38,0,0,0,0,6,0,0,0,0
zc,WS209,2012-06-11 09:01:06.117,2422.0000,233794,2,0.0000,2.0000,2,0,双开,S,2423.0000,0.0000,0.0000,0.0000,0.0000,2424.0000,0.0000,0.0000,0.0000,0.0000,3,0,0,0,0,6,0,0,0,0
zc,WS209,2012-06-11 09:01:07.383,2422.0000,233804,10,0.0000,10.0000,10,0,双开,S,2422.0000,0.0000,0.0000,0.0000,0.0000,2424.0000,0.0000,0.0000,0.0000,0.0000,33,0,0,0,0,6,0,0,0,0
zc,WS209,2012-06-11 09:01:08.413,2423.0000,233804,0,0.0000,2.0000,1,1,多换,B,2422.0000,0.0000,0.0000,0.0000,0.0000,2423.0000,0.0000,0.0000,0.0000,0.0000,36,0,0,0,0,5,0,0,0,0
zc,WS209,2012-06-11 09:01:08.897,2422.0000,233808,4,0.0000,4.0000,4,0,双开,S,2422.0000,0.0000,0.0000,0.0000,0.0000,2423.0000,0.0000,0.0000,0.0000,0.0000,36,0,0,0,0,5,0,0,0,0
zc,WS209,2012-06-11 09:01:09.553,2423.0000,233808,0,0.0000,10.0000,5,5,多换,B,2423.0000,0.0000,0.0000,0.0000,0.0000,2424.0000,0.0000,0.0000,0.0000,0.0000,14,0,0,0,0,6,0,0,0,0
zc,WS209,2012-06-11 09:01:10.087,2423.0000,233808,0,0.0000,2.0000,1,1,多换,B,2423.0000,0.0000,0.0000,0.0000,0.0000,2424.0000,0.0000,0.0000,0.0000,0.0000,9,0,0,0,0,6,0,0,0,0
zc,WS209,2012-06-11 09:01:10.883,2424.0000,233808,0,0.0000,4.0000,2,2,多换,B,2423.0000,0.0000,0.0000,0.0000,0.0000,2424.0000,0.0000,0.0000,0.0000,0.0000,10,0,0,0,0,5,0,0,0,0
zc,WS209,2012-06-11 09:01:11.600,2424.0000,233808,0,0.0000,0.0000,0,0,多换,B,2423.0000,0.0000,0.0000,0.0000,0.0000,2424.0000,0.0000,0.0000,0.0000,0.0000,9,0,0,0,0,5,0,0,0,0
zc,WS209,2012-06-11 09:01:12.100,2424.0000,233808,0,0.0000,0.0000,0,0,多换,B,2423.0000,0.0000,0.0000,0.0000,0.0000,2424.0000,0.0000,0.0000,0.0000,0.0000,10,0,0,0,0,5,0,0,0,0
zc,WS209,2012-06-11 09:01:12.913,2423.0000,233810,2,0.0000,14.0000,8,6,空开,S,2423.0000,0.0000,0.0000,0.0000,0.0000,2425.0000,0.0000,0.0000,0.0000,0.0000,6,0,0,0,0,5,0,0,0,0
zc,WS209,2012-06-11 09:01:13.320,2425.0000,233810,0,0.0000,2.0000,1,1,多换,B,2423.0000,0.0000,0.0000,0.0000,0.0000,2425.0000,0.0000,0.0000,0.0000,0.0000,6,0,0,0,0,6,0,0,0,0
zc,WS209,2012-06-11 09:01:14.100,2425.0000,233810,0,0.0000,0.0000,0,0,多换,B,2424.0000,0.0000,0.0000,0.0000,0.0000,2425.0000,0.0000,0.0000,0.0000,0.0000,1,0,0,0,0,6,0,0,0,0
zc,WS209,2012-06-11 09:01:14.617,2425.0000,233806,-4,0.0000,4.0000,0,4,双平,B,2424.0000,0.0000,0.0000,0.0000,0.0000,2425.0000,0.0000,0.0000,0.0000,0.0000,1,0,0,0,0,2,0,0,0,0
zc,WS209,2012-06-11 09:01:15.287,2425.0000,233806,0,0.0000,2.0000,1,1,多换,B,2424.0000,0.0000,0.0000,0.0000,0.0000,2425.0000,0.0000,0.0000,0.0000,0.0000,1,0,0,0,0,1,0,0,0,0
zc,WS209,2012-06-11 09:01:16.600,2424.0000,233808,2,0.0000,8.0000,5,3,空开,S,2424.0000,0.0000,0.0000,0.0000,0.0000,2426.0000,0.0000,0.0000,0.0000,0.0000,3,0,0,0,0,12,0,0,0,0
zc,WS209,2012-06-11 09:01:17.087,2424.0000,233810,2,0.0000,2.0000,2,0,双开,S,2424.0000,0.0000,0.0000,0.0000,0.0000,2426.0000,0.0000,0.0000,0.0000,0.0000,3,0,0,0,0,13,0,0,0,0
zc,WS209,2012-06-11 09:01:17.850,2424.0000,233810,0,0.0000,20.0000,10,10,空换,S,2424.0000,0.0000,0.0000,0.0000,0.0000,2426.0000,0.0000,0.0000,0.0000,0.0000,23,0,0,0,0,14,0,0,0,0
zc,WS209,2012-06-11 09:01:18.587,2426.0000,233812,2,0.0000,2.0000,2,0,双开,B,2425.0000,0.0000,0.0000,0.0000,0.0000,2426.0000,0.0000,0.0000,0.0000,0.0000,7,0,0,0,0,13,0,0,0,0
zc,WS209,2012-06-11 09:01:19.337,2426.0000,233812,0,0.0000,0.0000,0,0,多换,B,2425.0000,0.0000,0.0000,0.0000,0.0000,2426.0000,0.0000,0.0000,0.0000,0.0000,7,0,0,0,0,16,0,0,0,0
zc,WS209,2012-06-11 09:01:19.820,2425.0000,233818,6,0.0000,6.0000,6,0,双开,S,2425.0000,0.0000,0.0000,0.0000,0.0000,2426.0000,0.0000,0.0000,0.0000,0.0000,4,0,0,0,0,19,0,0,0,0
zc,WS209,2012-06-11 09:01:20.350,2425.0000,233818,0,0.0000,0.0000,0,0,空换,S,2425.0000,0.0000,0.0000,0.0000,0.0000,2426.0000,0.0000,0.0000,0.0000,0.0000,4,0,0,0,0,17,0,0,0,0
zc,WS209,2012-06-11 09:01:21.133,2426.0000,233828,10,0.0000,48.0000,29,19,多开,B,2425.0000,0.0000,0.0000,0.0000,0.0000,2426.0000,0.0000,0.0000,0.0000,0.0000,4,0,0,0,0,14,0,0,0,0
zc,WS209,2012-06-11 09:01:21.570,2426.0000,233828,0,0.0000,0.0000,0,0,多换,B,2425.0000,0.0000,0.0000,0.0000,0.0000,2426.0000,0.0000,0.0000,0.0000,0.0000,4,0,0,0,0,6,0,0,0,0
zc,WS209,2012-06-11 09:01:22.087,2426.0000,233828,0,0.0000,12.0000,6,6,多换,B,2426.0000,0.0000,0.0000,0.0000,0.0000,2427.0000,0.0000,0.0000,0.0000,0.0000,115,0,0,0,0,213,0,0,0,0
zc,WS209,2012-06-11 09:01:22.803,2426.0000,233836,8,0.0000,20.0000,14,6,多开,B,2426.0000,0.0000,0.0000,0.0000,0.0000,2427.0000,0.0000,0.0000,0.0000,0.0000,105,0,0,0,0,215,0,0,0,0
zc,WS209,2012-06-11 09:01:23.350,2426.0000,233836,0,0.0000,2.0000,1,1,多换,B,2426.0000,0.0000,0.0000,0.0000,0.0000,2427.0000,0.0000,0.0000,0.0000,0.0000,104,0,0,0,0,214,0,0,0,0
zc,WS209,2012-06-11 09:01:23.837,2426.0000,233836,0,0.0000,2.0000,1,1,多换,B,2426.0000,0.0000,0.0000,0.0000,0.0000,2427.0000,0.0000,0.0000,0.0000,0.0000,103,0,0,0,0,213,0,0,0,0
zc,WS209,2012-06-11 09:01:24.570,2426.0000,233836,0,0.0000,16.0000,8,8,多换,B,2426.0000,0.0000,0.0000,0.0000,0.0000,2427.0000,0.0000,0.0000,0.0000,0.0000,95,0,0,0,0,205,0,0,0,0
zc,WS209,2012-06-11 09:01:24.867,2426.0000,233836,0,0.0000,2.0000,1,1,多换,B,2426.0000,0.0000,0.0000,0.0000,0.0000,2427.0000,0.0000,0.0000,0.0000,0.0000,94,0,0,0,0,204,0,0,0,0
zc,WS209,2012-06-11 09:01:25.837,2426.0000,233836,0,0.0000,2.0000,1,1,多换,B,2426.0000,0.0000,0.0000,0.0000,0.0000,2427.0000,0.0000,0.0000,0.0000,0.0000,93,0,0,0,0,204,0,0,0,0
zc,WS209,2012-06-11 09:01:27.087,2427.0000,233832,-4,0.0000,16.0000,6,10,空平,B,2426.0000,0.0000,0.0000,0.0000,0.0000,2427.0000,0.0000,0.0000,0.0000,0.0000,91,0,0,0,0,198,0,0,0,0
zc,WS209,2012-06-11 09:01:27.587,2427.0000,233830,-2,0.0000,6.0000,2,4,空平,B,2426.0000,0.0000,0.0000,0.0000,0.0000,2427.0000,0.0000,0.0000,0.0000,0.0000,89,0,0,0,0,195,0,0,0,0
zc,WS209,2012-06-11 09:01:28.553,2426.0000,233830,0,0.0000,4.0000,2,2,空换,S,2426.0000,0.0000,0.0000,0.0000,0.0000,2427.0000,0.0000,0.0000,0.0000,0.0000,87,0,0,0,0,195,0,0,0,0
zc,WS209,2012-06-11 09:01:29.117,2427.0000,233830,0,0.0000,24.0000,12,12,多换,B,2426.0000,0.0000,0.0000,0.0000,0.0000,2427.0000,0.0000,0.0000,0.0000,0.0000,85,0,0,0,0,185,0,0,0,0
zc,WS209,2012-06-11 09:01:29.617,2427.0000,233830,0,0.0000,2.0000,1,1,多换,B,2426.0000,0.0000,0.0000,0.0000,0.0000,2427.0000,0.0000,0.0000,0.0000,0.0000,85,0,0,0,0,184,0,0,0,0
zc,WS209,2012-06-11 09:01:30.367,2426.0000,233850,20,0.0000,108.0000,64,44,空开,S,2426.0000,0.0000,0.0000,0.0000,0.0000,2427.0000,0.0000,0.0000,0.0000,0.0000,31,0,0,0,0,190,0,0,0,0
zc,WS209,2012-06-11 09:01:31.587,2426.0000,233854,4,0.0000,22.0000,13,9,空开,S,2426.0000,0.0000,0.0000,0.0000,0.0000,2427.0000,0.0000,0.0000,0.0000,0.0000,22,0,0,0,0,182,0,0,0,0
zc,WS209,2012-06-11 09:01:32.367,2426.0000,233854,0,0.0000,6.0000,3,3,空换,S,2426.0000,0.0000,0.0000,0.0000,0.0000,2427.0000,0.0000,0.0000,0.0000,0.0000,19,0,0,0,0,200,0,0,0,0
zc,WS209,2012-06-11 09:01:32.837,2426.0000,233856,2,0.0000,4.0000,3,1,空开,S,2426.0000,0.0000,0.0000,0.0000,0.0000,2427.0000,0.0000,0.0000,0.0000,0.0000,18,0,0,0,0,200,0,0,0,0
zc,WS209,2012-06-11 09:01:33.553,2426.0000,233856,0,0.0000,6.0000,3,3,空换,S,2426.0000,0.0000,0.0000,0.0000,0.0000,2427.0000,0.0000,0.0000,0.0000,0.0000,16,0,0,0,0,200,0,0,0,0
zc,WS209,2012-06-11 09:01:34.070,2426.0000,233858,2,0.0000,2.0000,2,0,双开,S,2426.0000,0.0000,0.0000,0.0000,0.0000,2427.0000,0.0000,0.0000,0.0000,0.0000,15,0,0,0,0,200,0,0,0,0
zc,WS209,2012-06-11 09:01:35.337,2426.0000,233858,0,0.0000,2.0000,1,1,空换,S,2426.0000,0.0000,0.0000,0.0000,0.0000,2427.0000,0.0000,0.0000,0.0000,0.0000,15,0,0,0,0,200,0,0,0,0
zc,WS209,2012-06-11 09:01:36.037,2426.0000,233858,0,0.0000,322.0000,161,161,空换,S,2426.0000,0.0000,0.0000,0.0000,0.0000,2427.0000,0.0000,0.0000,0.0000,0.0000,17,0,0,0,0,21,0,0,0,0
zc,WS209,2012-06-11 09:01:36.587,2426.0000,233868,10,0.0000,16.0000,13,3,空开,S,2426.0000,0.0000,0.0000,0.0000,0.0000,2427.0000,0.0000,0.0000,0.0000,0.0000,9,0,0,0,0,24,0,0,0,0
zc,WS209,2012-06-11 09:01:37.350,2427.0000,233868,0,0.0000,2.0000,1,1,多换,B,2426.0000,0.0000,0.0000,0.0000,0.0000,2427.0000,0.0000,0.0000,0.0000,0.0000,9,0,0,0,0,26,0,0,0,0
zc,WS209,2012-06-11 09:01:38.303,2426.0000,233842,-26,0.0000,32.0000,3,29,多平,S,2426.0000,0.0000,0.0000,0.0000,0.0000,2427.0000,0.0000,0.0000,0.0000,0.0000,11,0,0,0,0,13,0,0,0,0
zc,WS209,2012-06-11 09:01:39.053,2427.0000,233848,6,0.0000,28.0000,17,11,多开,B,2426.0000,0.0000,0.0000,0.0000,0.0000,2428.0000,0.0000,0.0000,0.0000,0.0000,12,0,0,0,0,23,0,0,0,0
zc,WS209,2012-06-11 09:01:39.820,2426.0000,233848,0,0.0000,4.0000,2,2,空换,S,2426.0000,0.0000,0.0000,0.0000,0.0000,2428.0000,0.0000,0.0000,0.0000,0.0000,4,0,0,0,0,25,0,0,0,0
zc,WS209,2012-06-11 09:01:40.367,2426.0000,233848,0,0.0000,2.0000,1,1,空换,S,2426.0000,0.0000,0.0000,0.0000,0.0000,2428.0000,0.0000,0.0000,0.0000,0.0000,3,0,0,0,0,38,0,0,0,0
zc,WS209,2012-06-11 09:01:40.850,2426.0000,233848,0,0.0000,0.0000,0,0,空换,S,2426.0000,0.0000,0.0000,0.0000,0.0000,2428.0000,0.0000,0.0000,0.0000,0.0000,18,0,0,0,0,27,0,0,0,0
zc,WS209,2012-06-11 09:01:42.053,2426.0000,233848,0,0.0000,4.0000,2,2,空换,S,2426.0000,0.0000,0.0000,0.0000,0.0000,2428.0000,0.0000,0.0000,0.0000,0.0000,26,0,0,0,0,27,0,0,0,0
zc,WS209,2012-06-11 09:01:43.023,2428.0000,233842,-6,0.0000,6.0000,0,6,双平,B,2426.0000,0.0000,0.0000,0.0000,0.0000,2428.0000,0.0000,0.0000,0.0000,0.0000,26,0,0,0,0,24,0,0,0,0
zc,WS209,2012-06-11 09:01:43.850,2428.0000,233842,0,0.0000,20.0000,10,10,多换,B,2426.0000,0.0000,0.0000,0.0000,0.0000,2428.0000,0.0000,0.0000,0.0000,0.0000,26,0,0,0,0,24,0,0,0,0
zc,WS209,2012-06-11 09:01:44.350,2426.0000,233842,0,0.0000,2.0000,1,1,空换,S,2426.0000,0.0000,0.0000,0.0000,0.0000,2428.0000,0.0000,0.0000,0.0000,0.0000,26,0,0,0,0,24,0,0,0,0
zc,WS209,2012-06-11 09:01:45.053,2426.0000,233842,0,0.0000,2.0000,1,1,空换,S,2426.0000,0.0000,0.0000,0.0000,0.0000,2428.0000,0.0000,0.0000,0.0000,0.0000,25,0,0,0,0,24,0,0,0,0
zc,WS209,2012-06-11 09:01:45.507,2426.0000,233842,0,0.0000,0.0000,0,0,空换,S,2426.0000,0.0000,0.0000,0.0000,0.0000,2427.0000,0.0000,0.0000,0.0000,0.0000,25,0,0,0,0,1,0,0,0,0
zc,WS209,2012-06-11 09:01:47.320,2426.0000,233842,0,0.0000,0.0000,0,0,空换,S,2426.0000,0.0000,0.0000,0.0000,0.0000,2427.0000,0.0000,0.0000,0.0000,0.0000,24,0,0,0,0,3,0,0,0,0
zc,WS209,2012-06-11 09:01:48.287,2427.0000,233840,-2,0.0000,6.0000,2,4,空平,B,2426.0000,0.0000,0.0000,0.0000,0.0000,2428.0000,0.0000,0.0000,0.0000,0.0000,26,0,0,0,0,22,0,0,0,0
zc,WS209,2012-06-11 09:01:49.037,2427.0000,233840,0,0.0000,0.0000,0,0,多换,B,2427.0000,0.0000,0.0000,0.0000,0.0000,2428.0000,0.0000,0.0000,0.0000,0.0000,40,0,0,0,0,24,0,0,0,0
zc,WS209,2012-06-11 09:01:49.523,2427.0000,233840,0,0.0000,8.0000,4,4,多换,B,2427.0000,0.0000,0.0000,0.0000,0.0000,2428.0000,0.0000,0.0000,0.0000,0.0000,36,0,0,0,0,24,0,0,0,0
zc,WS209,2012-06-11 09:01:50.367,2427.0000,233840,0,0.0000,4.0000,2,2,多换,B,2427.0000,0.0000,0.0000,0.0000,0.0000,2428.0000,0.0000,0.0000,0.0000,0.0000,35,0,0,0,0,24,0,0,0,0
zc,WS209,2012-06-11 09:01:50.773,2427.0000,233842,2,0.0000,2.0000,2,0,双开,B,2427.0000,0.0000,0.0000,0.0000,0.0000,2428.0000,0.0000,0.0000,0.0000,0.0000,34,0,0,0,0,24,0,0,0,0
zc,WS209,2012-06-11 09:01:51.570,2427.0000,233842,0,0.0000,2.0000,1,1,多换,B,2427.0000,0.0000,0.0000,0.0000,0.0000,2428.0000,0.0000,0.0000,0.0000,0.0000,33,0,0,0,0,26,0,0,0,0
zc,WS209,2012-06-11 09:01:51.990,2427.0000,233842,0,0.0000,0.0000,0,0,多换,B,2427.0000,0.0000,0.0000,0.0000,0.0000,2428.0000,0.0000,0.0000,0.0000,0.0000,33,0,0,0,0,31,0,0,0,0
zc,WS209,2012-06-11 09:01:52.820,2428.0000,233842,0,0.0000,2.0000,1,1,多换,B,2427.0000,0.0000,0.0000,0.0000,0.0000,2428.0000,0.0000,0.0000,0.0000,0.0000,34,0,0,0,0,26,0,0,0,0
zc,WS209,2012-06-11 09:01:53.507,2428.0000,233842,0,0.0000,0.0000,0,0,多换,B,2427.0000,0.0000,0.0000,0.0000,0.0000,2428.0000,0.0000,0.0000,0.0000,0.0000,43,0,0,0,0,27,0,0,0,0
zc,WS209,2012-06-11 09:01:54.070,2427.0000,233844,2,0.0000,2.0000,2,0,双开,S,2427.0000,0.0000,0.0000,0.0000,0.0000,2428.0000,0.0000,0.0000,0.0000,0.0000,50,0,0,0,0,27,0,0,0,0
zc,WS209,2012-06-11 09:01:54.803,2427.0000,233844,0,0.0000,0.0000,0,0,空换,S,2427.0000,0.0000,0.0000,0.0000,0.0000,2428.0000,0.0000,0.0000,0.0000,0.0000,49,0,0,0,0,27,0,0,0,0
zc,WS209,2012-06-11 09:01:55.303,2427.0000,233844,0,0.0000,0.0000,0,0,空换,S,2427.0000,0.0000,0.0000,0.0000,0.0000,2428.0000,0.0000,0.0000,0.0000,0.0000,50,0,0,0,0,27,0,0,0,0
zc,WS209,2012-06-11 09:01:56.070,2427.0000,233844,0,0.0000,0.0000,0,0,空换,S,2427.0000,0.0000,0.0000,0.0000,0.0000,2428.0000,0.0000,0.0000,0.0000,0.0000,51,0,0,0,0,27,0,0,0,0
zc,WS209,2012-06-11 09:01:56.587,2427.0000,233846,2,0.0000,16.0000,9,7,空开,S,2427.0000,0.0000,0.0000,0.0000,0.0000,2428.0000,0.0000,0.0000,0.0000,0.0000,43,0,0,0,0,27,0,0,0,0
zc,WS209,2012-06-11 09:01:57.337,2428.0000,233838,-8,0.0000,8.0000,0,8,双平,B,2427.0000,0.0000,0.0000,0.0000,0.0000,2428.0000,0.0000,0.0000,0.0000,0.0000,54,0,0,0,0,23,0,0,0,0
zc,WS209,2012-06-11 09:01:57.803,2428.0000,233838,0,0.0000,2.0000,1,1,多换,B,2427.0000,0.0000,0.0000,0.0000,0.0000,2428.0000,0.0000,0.0000,0.0000,0.0000,54,0,0,0,0,24,0,0,0,0
zc,WS209,2012-06-11 09:01:58.633,2427.0000,233842,4,0.0000,6.0000,5,1,空开,S,2427.0000,0.0000,0.0000,0.0000,0.0000,2428.0000,0.0000,0.0000,0.0000,0.0000,52,0,0,0,0,24,0,0,0,0
zc,WS209,2012-06-11 09:01:59.100,2428.0000,233848,6,0.0000,48.0000,27,21,多开,B,2428.0000,0.0000,0.0000,0.0000,0.0000,2429.0000,0.0000,0.0000,0.0000,0.0000,2,0,0,0,0,195,0,0,0,0
zc,WS209,2012-06-11 09:01:59.787,2428.0000,233848,0,0.0000,2.0000,1,1,多换,B,2428.0000,0.0000,0.0000,0.0000,0.0000,2429.0000,0.0000,0.0000,0.0000,0.0000,2,0,0,0,0,196,0,0,0,0
zc,WS209,2012-06-11 09:02:00.303,2428.0000,233846,-2,0.0000,4.0000,1,3,空平,B,2427.0000,0.0000,0.0000,0.0000,0.0000,2429.0000,0.0000,0.0000,0.0000,0.0000,58,0,0,0,0,199,0,0,0,0
zc,WS209,2012-06-11 09:02:01.070,2428.0000,233846,0,0.0000,0.0000,0,0,多换,B,2428.0000,0.0000,0.0000,0.0000,0.0000,2429.0000,0.0000,0.0000,0.0000,0.0000,18,0,0,0,0,199,0,0,0,0
zc,WS209,2012-06-11 09:02:01.553,2428.0000,233846,0,0.0000,0.0000,0,0,多换,B,2428.0000,0.0000,0.0000,0.0000,0.0000,2429.0000,0.0000,0.0000,0.0000,0.0000,20,0,0,0,0,199,0,0,0,0
zc,WS209,2012-06-11 09:02:02.460,2428.0000,233848,2,0.0000,2.0000,2,0,双开,B,2428.0000,0.0000,0.0000,0.0000,0.0000,2429.0000,0.0000,0.0000,0.0000,0.0000,19,0,0,0,0,199,0,0,0,0
zc,WS209,2012-06-11 09:02:02.757,2429.0000,233848,0,0.0000,30.0000,15,15,多换,B,2428.0000,0.0000,0.0000,0.0000,0.0000,2429.0000,0.0000,0.0000,0.0000,0.0000,4,0,0,0,0,193,0,0,0,0
zc,WS209,2012-06-11 09:02:03.587,2428.0000,233822,-26,0.0000,32.0000,3,29,多平,S,2428.0000,0.0000,0.0000,0.0000,0.0000,2429.0000,0.0000,0.0000,0.0000,0.0000,48,0,0,0,0,183,0,0,0,0
zc,WS209,2012-06-11 09:02:04.117,2428.0000,233802,-20,0.0000,26.0000,3,23,多平,S,2428.0000,0.0000,0.0000,0.0000,0.0000,2429.0000,0.0000,0.0000,0.0000,0.0000,37,0,0,0,0,173,0,0,0,0
zc,WS209,2012-06-11 09:02:04.820,2429.0000,233792,-10,0.0000,10.0000,0,10,双平,B,2428.0000,0.0000,0.0000,0.0000,0.0000,2429.0000,0.0000,0.0000,0.0000,0.0000,33,0,0,0,0,168,0,0,0,0
zc,WS209,2012-06-11 09:02:05.287,2429.0000,233744,-48,0.0000,58.0000,5,53,空平,B,2428.0000,0.0000,0.0000,0.0000,0.0000,2429.0000,0.0000,0.0000,0.0000,0.0000,107,0,0,0,0,139,0,0,0,0
zc,WS209,2012-06-11 09:02:06.147,2428.0000,233742,-2,0.0000,2.0000,0,2,双平,S,2428.0000,0.0000,0.0000,0.0000,0.0000,2429.0000,0.0000,0.0000,0.0000,0.0000,111,0,0,0,0,139,0,0,0,0
zc,WS209,2012-06-11 09:02:06.553,2429.0000,233616,-126,0.0000,176.0000,25,151,空平,B,2428.0000,0.0000,0.0000,0.0000,0.0000,2429.0000,0.0000,0.0000,0.0000,0.0000,23,0,0,0,0,51,0,0,0,0
zc,WS209,2012-06-11 09:02:07.287,2428.0000,233616,0,0.0000,56.0000,28,28,空换,S,2428.0000,0.0000,0.0000,0.0000,0.0000,2429.0000,0.0000,0.0000,0.0000,0.0000,37,0,0,0,0,28,0,0,0,0
zc,WS209,2012-06-11 09:02:08.070,2429.0000,233614,-2,0.0000,6.0000,2,4,空平,B,2428.0000,0.0000,0.0000,0.0000,0.0000,2429.0000,0.0000,0.0000,0.0000,0.0000,10,0,0,0,0,26,0,0,0,0
zc,WS209,2012-06-11 09:02:08.773,2429.0000,233614,0,0.0000,0.0000,0,0,多换,B,2428.0000,0.0000,0.0000,0.0000,0.0000,2429.0000,0.0000,0.0000,0.0000,0.0000,30,0,0,0,0,26,0,0,0,0
zc,WS209,2012-06-11 09:02:09.337,2428.0000,233620,6,0.0000,46.0000,26,20,空开,S,2428.0000,0.0000,0.0000,0.0000,0.0000,2429.0000,0.0000,0.0000,0.0000,0.0000,31,0,0,0,0,6,0,0,0,0
zc,WS209,2012-06-11 09:02:10.037,2428.0000,233624,4,0.0000,4.0000,4,0,双开,S,2428.0000,0.0000,0.0000,0.0000,0.0000,2429.0000,0.0000,0.0000,0.0000,0.0000,10,0,0,0,0,6,0,0,0,0
zc,WS209,2012-06-11 09:02:10.587,2429.0000,233622,-2,0.0000,2.0000,0,2,双平,B,2428.0000,0.0000,0.0000,0.0000,0.0000,2429.0000,0.0000,0.0000,0.0000,0.0000,11,0,0,0,0,5,0,0,0,0
zc,WS209,2012-06-11 09:02:11.320,2429.0000,233622,0,0.0000,4.0000,2,2,多换,B,2428.0000,0.0000,0.0000,0.0000,0.0000,2429.0000,0.0000,0.0000,0.0000,0.0000,30,0,0,0,0,3,0,0,0,0
zc,WS209,2012-06-11 09:02:12.053,2429.0000,233624,2,0.0000,4.0000,3,1,多开,B,2428.0000,0.0000,0.0000,0.0000,0.0000,2429.0000,0.0000,0.0000,0.0000,0.0000,29,0,0,0,0,4,0,0,0,0
zc,WS209,2012-06-11 09:02:12.553,2429.0000,233628,4,0.0000,8.0000,6,2,多开,B,2429.0000,0.0000,0.0000,0.0000,0.0000,2430.0000,0.0000,0.0000,0.0000,0.0000,14,0,0,0,0,58,0,0,0,0
zc,WS209,2012-06-11 09:02:13.070,2429.0000,233628,0,0.0000,2.0000,1,1,多换,B,2429.0000,0.0000,0.0000,0.0000,0.0000,2430.0000,0.0000,0.0000,0.0000,0.0000,16,0,0,0,0,60,0,0,0,0
zc,WS209,2012-06-11 09:02:13.787,2430.0000,233630,2,0.0000,16.0000,9,7,多开,B,2429.0000,0.0000,0.0000,0.0000,0.0000,2430.0000,0.0000,0.0000,0.0000,0.0000,8,0,0,0,0,52,0,0,0,0
zc,WS209,2012-06-11 09:02:14.553,2430.0000,233630,0,0.0000,8.0000,4,4,多换,B,2429.0000,0.0000,0.0000,0.0000,0.0000,2430.0000,0.0000,0.0000,0.0000,0.0000,5,0,0,0,0,51,0,0,0,0
zc,WS209,2012-06-11 09:02:15.303,2430.0000,233632,2,0.0000,64.0000,33,31,多开,B,2429.0000,0.0000,0.0000,0.0000,0.0000,2430.0000,0.0000,0.0000,0.0000,0.0000,5,0,0,0,0,19,0,0,0,0
zc,WS209,2012-06-11 09:02:15.803,2429.0000,233634,2,0.0000,2.0000,2,0,双开,S,2429.0000,0.0000,0.0000,0.0000,0.0000,2430.0000,0.0000,0.0000,0.0000,0.0000,3,0,0,0,0,19,0,0,0,0
zc,WS209,2012-06-11 09:02:16.320,2430.0000,233630,-4,0.0000,42.0000,19,23,空平,B,2430.0000,0.0000,0.0000,0.0000,0.0000,2431.0000,0.0000,0.0000,0.0000,0.0000,6,0,0,0,0,11,0,0,0,0
zc,WS209,2012-06-11 09:02:16.850,2430.0000,233636,6,0.0000,6.0000,6,0,双开,B,2430.0000,0.0000,0.0000,0.0000,0.0000,2431.0000,0.0000,0.0000,0.0000,0.0000,14,0,0,0,0,12,0,0,0,0
zc,WS209,2012-06-11 09:02:17.523,2430.0000,233636,0,0.0000,2.0000,1,1,多换,B,2430.0000,0.0000,0.0000,0.0000,0.0000,2431.0000,0.0000,0.0000,0.0000,0.0000,14,0,0,0,0,13,0,0,0,0
zc,WS209,2012-06-11 09:02:18.273,2431.0000,233638,2,0.0000,30.0000,16,14,多开,B,2430.0000,0.0000,0.0000,0.0000,0.0000,2432.0000,0.0000,0.0000,0.0000,0.0000,13,0,0,0,0,4,0,0,0,0
zc,WS209,2012-06-11 09:02:19.303,2430.0000,233638,0,0.0000,2.0000,1,1,空换,S,2431.0000,0.0000,0.0000,0.0000,0.0000,2432.0000,0.0000,0.0000,0.0000,0.0000,3,0,0,0,0,6,0,0,0,0
zc,WS209,2012-06-11 09:02:22.147,2431.0000,233640,2,0.0000,10.0000,6,4,多开,B,2431.0000,0.0000,0.0000,0.0000,0.0000,2432.0000,0.0000,0.0000,0.0000,0.0000,17,0,0,0,0,3,0,0,0,0
zc,WS209,2012-06-11 09:02:22.600,2431.0000,233642,2,0.0000,2.0000,2,0,双开,B,2431.0000,0.0000,0.0000,0.0000,0.0000,2432.0000,0.0000,0.0000,0.0000,0.0000,16,0,0,0,0,5,0,0,0,0
zc,WS209,2012-06-11 09:02:23.337,2432.0000,233644,2,0.0000,14.0000,8,6,多开,B,2431.0000,0.0000,0.0000,0.0000,0.0000,2432.0000,0.0000,0.0000,0.0000,0.0000,13,0,0,0,0,1,0,0,0,0
zc,WS209,2012-06-11 09:02:23.850,2432.0000,233642,-2,0.0000,22.0000,10,12,空平,B,2431.0000,0.0000,0.0000,0.0000,0.0000,2433.0000,0.0000,0.0000,0.0000,0.0000,6,0,0,0,0,9,0,0,0,0
zc,WS209,2012-06-11 09:02:24.570,2433.0000,233642,0,0.0000,2.0000,1,1,多换,B,2432.0000,0.0000,0.0000,0.0000,0.0000,2433.0000,0.0000,0.0000,0.0000,0.0000,3,0,0,0,0,10,0,0,0,0
zc,WS209,2012-06-11 09:02:25.053,2433.0000,233638,-4,0.0000,138.0000,67,71,空平,B,2433.0000,0.0000,0.0000,0.0000,0.0000,2434.0000,0.0000,0.0000,0.0000,0.0000,13,0,0,0,0,38,0,0,0,0
zc,WS209,2012-06-11 09:02:25.837,2433.0000,233638,0,0.0000,0.0000,0,0,多换,B,2433.0000,0.0000,0.0000,0.0000,0.0000,2434.0000,0.0000,0.0000,0.0000,0.0000,18,0,0,0,0,38,0,0,0,0
zc,WS209,2012-06-11 09:02:26.320,2433.0000,233638,0,0.0000,34.0000,17,17,多换,B,2433.0000,0.0000,0.0000,0.0000,0.0000,2434.0000,0.0000,0.0000,0.0000,0.0000,2,0,0,0,0,39,0,0,0,0
zc,WS209,2012-06-11 09:02:27.070,2433.0000,233638,0,0.0000,4.0000,2,2,多换,B,2431.0000,0.0000,0.0000,0.0000,0.0000,2433.0000,0.0000,0.0000,0.0000,0.0000,4,0,0,0,0,2,0,0,0,0
zc,WS209,2012-06-11 09:02:27.587,2433.0000,233638,0,0.0000,4.0000,2,2,多换,B,2431.0000,0.0000,0.0000,0.0000,0.0000,2432.0000,0.0000,0.0000,0.0000,0.0000,4,0,0,0,0,49,0,0,0,0
zc,WS209,2012-06-11 09:02:28.367,2432.0000,233638,0,0.0000,2.0000,1,1,空换,S,2431.0000,0.0000,0.0000,0.0000,0.0000,2432.0000,0.0000,0.0000,0.0000,0.0000,4,0,0,0,0,48,0,0,0,0
zc,WS209,2012-06-11 09:02:29.537,2432.0000,233638,0,0.0000,0.0000,0,0,空换,S,2431.0000,0.0000,0.0000,0.0000,0.0000,2432.0000,0.0000,0.0000,0.0000,0.0000,2,0,0,0,0,48,0,0,0,0
zc,WS209,2012-06-11 09:02:30.337,2432.0000,233638,0,0.0000,0.0000,0,0,空换,S,2431.0000,0.0000,0.0000,0.0000,0.0000,2432.0000,0.0000,0.0000,0.0000,0.0000,1,0,0,0,0,48,0,0,0,0
zc,WS209,2012-06-11 09:02:31.087,2431.0000,233638,0,0.0000,4.0000,2,2,空换,S,2430.0000,0.0000,0.0000,0.0000,0.0000,2432.0000,0.0000,0.0000,0.0000,0.0000,60,0,0,0,0,47,0,0,0,0
zc,WS209,2012-06-11 09:02:31.570,2431.0000,233640,2,0.0000,2.0000,2,0,双开,S,2431.0000,0.0000,0.0000,0.0000,0.0000,2432.0000,0.0000,0.0000,0.0000,0.0000,6,0,0,0,0,47,0,0,0,0
zc,WS209,2012-06-11 09:02:32.320,2431.0000,233640,0,0.0000,0.0000,0,0,空换,S,2431.0000,0.0000,0.0000,0.0000,0.0000,2432.0000,0.0000,0.0000,0.0000,0.0000,7,0,0,0,0,47,0,0,0,0
zc,WS209,2012-06-11 09:02:32.837,2431.0000,233640,0,0.0000,18.0000,9,9,空换,S,2430.0000,0.0000,0.0000,0.0000,0.0000,2431.0000,0.0000,0.0000,0.0000,0.0000,61,0,0,0,0,7,0,0,0,0
zc,WS209,2012-06-11 09:02:33.523,2431.0000,233658,18,0.0000,36.0000,27,9,空开,S,2431.0000,0.0000,0.0000,0.0000,0.0000,2432.0000,0.0000,0.0000,0.0000,0.0000,12,0,0,0,0,46,0,0,0,0
zc,WS209,2012-06-11 09:02:34.053,2432.0000,233658,0,0.0000,4.0000,2,2,多换,B,2431.0000,0.0000,0.0000,0.0000,0.0000,2432.0000,0.0000,0.0000,0.0000,0.0000,12,0,0,0,0,44,0,0,0,0
zc,WS209,2012-06-11 09:02:34.803,2432.0000,233658,0,0.0000,4.0000,2,2,多换,B,2431.0000,0.0000,0.0000,0.0000,0.0000,2432.0000,0.0000,0.0000,0.0000,0.0000,12,0,0,0,0,43,0,0,0,0
zc,WS209,2012-06-11 09:02:35.587,2432.0000,233658,0,0.0000,4.0000,2,2,多换,B,2431.0000,0.0000,0.0000,0.0000,0.0000,2432.0000,0.0000,0.0000,0.0000,0.0000,11,0,0,0,0,43,0,0,0,0
zc,WS209,2012-06-11 09:02:36.883,2432.0000,233658,0,0.0000,2.0000,1,1,多换,B,2431.0000,0.0000,0.0000,0.0000,0.0000,2432.0000,0.0000,0.0000,0.0000,0.0000,11,0,0,0,0,43,0,0,0,0
zc,WS209,2012-06-11 09:02:37.553,2432.0000,233658,0,0.0000,0.0000,0,0,多换,B,2431.0000,0.0000,0.0000,0.0000,0.0000,2432.0000,0.0000,0.0000,0.0000,0.0000,11,0,0,0,0,44,0,0,0,0
zc,WS209,2012-06-11 09:02:38.053,2432.0000,233658,0,0.0000,0.0000,0,0,多换,B,2431.0000,0.0000,0.0000,0.0000,0.0000,2432.0000,0.0000,0.0000,0.0000,0.0000,12,0,0,0,0,44,0,0,0,0
zc,WS209,2012-06-11 09:02:39.320,2431.0000,233670,12,0.0000,16.0000,14,2,空开,S,2431.0000,0.0000,0.0000,0.0000,0.0000,2432.0000,0.0000,0.0000,0.0000,0.0000,4,0,0,0,0,45,0,0,0,0
zc,WS209,2012-06-11 09:02:39.837,2432.0000,233670,0,0.0000,2.0000,1,1,多换,B,2431.0000,0.0000,0.0000,0.0000,0.0000,2432.0000,0.0000,0.0000,0.0000,0.0000,4,0,0,0,0,44,0,0,0,0
zc,WS209,2012-06-11 09:02:40.587,2432.0000,233670,0,0.0000,0.0000,0,0,多换,B,2431.0000,0.0000,0.0000,0.0000,0.0000,2432.0000,0.0000,0.0000,0.0000,0.0000,4,0,0,0,0,97,0,0,0,0
zc,WS209,2012-06-11 09:02:41.037,2432.0000,233668,-2,0.0000,2.0000,0,2,双平,B,2431.0000,0.0000,0.0000,0.0000,0.0000,2432.0000,0.0000,0.0000,0.0000,0.0000,7,0,0,0,0,97,0,0,0,0
zc,WS209,2012-06-11 09:02:41.837,2431.0000,233668,0,0.0000,2.0000,1,1,空换,S,2431.0000,0.0000,0.0000,0.0000,0.0000,2432.0000,0.0000,0.0000,0.0000,0.0000,36,0,0,0,0,97,0,0,0,0
zc,WS209,2012-06-11 09:02:42.367,2432.0000,233662,-6,0.0000,10.0000,2,8,空平,B,2431.0000,0.0000,0.0000,0.0000,0.0000,2432.0000,0.0000,0.0000,0.0000,0.0000,36,0,0,0,0,94,0,0,0,0
zc,WS209,2012-06-11 09:02:43.100,2432.0000,233662,0,0.0000,0.0000,0,0,多换,B,2431.0000,0.0000,0.0000,0.0000,0.0000,2432.0000,0.0000,0.0000,0.0000,0.0000,36,0,0,0,0,97,0,0,0,0
zc,WS209,2012-06-11 09:02:43.617,2431.0000,233664,2,0.0000,2.0000,2,0,双开,S,2431.0000,0.0000,0.0000,0.0000,0.0000,2432.0000,0.0000,0.0000,0.0000,0.0000,36,0,0,0,0,100,0,0,0,0
zc,WS209,2012-06-11 09:02:44.570,2432.0000,233664,0,0.0000,12.0000,6,6,多换,B,2431.0000,0.0000,0.0000,0.0000,0.0000,2432.0000,0.0000,0.0000,0.0000,0.0000,36,0,0,0,0,97,0,0,0,0
zc,WS209,2012-06-11 09:02:45.100,2432.0000,233672,8,0.0000,12.0000,10,2,多开,B,2431.0000,0.0000,0.0000,0.0000,0.0000,2432.0000,0.0000,0.0000,0.0000,0.0000,32,0,0,0,0,101,0,0,0,0
zc,WS209,2012-06-11 09:02:45.803,2432.0000,233672,0,0.0000,0.0000,0,0,多换,B,2431.0000,0.0000,0.0000,0.0000,0.0000,2432.0000,0.0000,0.0000,0.0000,0.0000,32,0,0,0,0,102,0,0,0,0
zc,WS209,2012-06-11 09:02:46.287,2431.0000,233674,2,0.0000,2.0000,2,0,双开,S,2431.0000,0.0000,0.0000,0.0000,0.0000,2432.0000,0.0000,0.0000,0.0000,0.0000,31,0,0,0,0,103,0,0,0,0
zc,WS209,2012-06-11 09:02:47.303,2431.0000,233674,0,0.0000,0.0000,0,0,空换,S,2431.0000,0.0000,0.0000,0.0000,0.0000,2432.0000,0.0000,0.0000,0.0000,0.0000,31,0,0,0,0,104,0,0,0,0
zc,WS209,2012-06-11 09:02:48.133,2431.0000,233674,0,0.0000,2.0000,1,1,空换,S,2431.0000,0.0000,0.0000,0.0000,0.0000,2432.0000,0.0000,0.0000,0.0000,0.0000,30,0,0,0,0,260,0,0,0,0
zc,WS209,2012-06-11 09:02:48.587,2431.0000,233674,0,0.0000,6.0000,3,3,空换,S,2431.0000,0.0000,0.0000,0.0000,0.0000,2432.0000,0.0000,0.0000,0.0000,0.0000,27,0,0,0,0,260,0,0,0,0
zc,WS209,2012-06-11 09:02:50.117,2431.0000,233674,0,0.0000,0.0000,0,0,空换,S,2431.0000,0.0000,0.0000,0.0000,0.0000,2432.0000,0.0000,0.0000,0.0000,0.0000,118,0,0,0,0,261,0,0,0,0
zc,WS209,2012-06-11 09:02:50.850,2431.0000,233676,2,0.0000,14.0000,8,6,空开,S,2431.0000,0.0000,0.0000,0.0000,0.0000,2432.0000,0.0000,0.0000,0.0000,0.0000,111,0,0,0,0,261,0,0,0,0
zc,WS209,2012-06-11 09:02:51.820,2431.0000,233676,0,0.0000,0.0000,0,0,空换,S,2431.0000,0.0000,0.0000,0.0000,0.0000,2432.0000,0.0000,0.0000,0.0000,0.0000,114,0,0,0,0,261,0,0,0,0
zc,WS209,2012-06-11 09:02:52.587,2431.0000,233676,0,0.0000,38.0000,19,19,空换,S,2431.0000,0.0000,0.0000,0.0000,0.0000,2432.0000,0.0000,0.0000,0.0000,0.0000,104,0,0,0,0,247,0,0,0,0
zc,WS209,2012-06-11 09:02:53.337,2431.0000,233678,2,0.0000,2.0000,2,0,双开,S,2431.0000,0.0000,0.0000,0.0000,0.0000,2432.0000,0.0000,0.0000,0.0000,0.0000,103,0,0,0,0,248,0,0,0,0
zc,WS209,2012-06-11 09:02:53.803,2432.0000,233678,0,0.0000,2.0000,1,1,多换,B,2431.0000,0.0000,0.0000,0.0000,0.0000,2432.0000,0.0000,0.0000,0.0000,0.0000,103,0,0,0,0,253,0,0,0,0
zc,WS209,2012-06-11 09:02:55.087,2432.0000,233678,0,0.0000,2.0000,1,1,多换,B,2431.0000,0.0000,0.0000,0.0000,0.0000,2432.0000,0.0000,0.0000,0.0000,0.0000,103,0,0,0,0,252,0,0,0,0
zc,WS209,2012-06-11 09:02:55.570,2432.0000,233678,0,0.0000,12.0000,6,6,多换,B,2431.0000,0.0000,0.0000,0.0000,0.0000,2432.0000,0.0000,0.0000,0.0000,0.0000,103,0,0,0,0,246,0,0,0,0
zc,WS209,2012-06-11 09:02:56.320,2432.0000,233678,0,0.0000,0.0000,0,0,多换,B,2431.0000,0.0000,0.0000,0.0000,0.0000,2432.0000,0.0000,0.0000,0.0000,0.0000,104,0,0,0,0,246,0,0,0,0
zc,WS209,2012-06-11 09:02:57.117,2431.0000,233680,2,0.0000,2.0000,2,0,双开,S,2431.0000,0.0000,0.0000,0.0000,0.0000,2432.0000,0.0000,0.0000,0.0000,0.0000,103,0,0,0,0,246,0,0,0,0
zc,WS209,2012-06-11 09:02:57.803,2432.0000,233680,0,0.0000,2.0000,1,1,多换,B,2431.0000,0.0000,0.0000,0.0000,0.0000,2432.0000,0.0000,0.0000,0.0000,0.0000,103,0,0,0,0,245,0,0,0,0
zc,WS209,2012-06-11 09:02:58.523,2431.0000,233680,0,0.0000,2.0000,1,1,空换,S,2431.0000,0.0000,0.0000,0.0000,0.0000,2432.0000,0.0000,0.0000,0.0000,0.0000,102,0,0,0,0,245,0,0,0,0
zc,WS209,2012-06-11 09:02:59.023,2431.0000,233680,0,0.0000,0.0000,0,0,空换,S,2431.0000,0.0000,0.0000,0.0000,0.0000,2432.0000,0.0000,0.0000,0.0000,0.0000,103,0,0,0,0,245,0,0,0,0
zc,WS209,2012-06-11 09:03:00.320,2431.0000,233680,0,0.0000,2.0000,1,1,空换,S,2431.0000,0.0000,0.0000,0.0000,0.0000,2432.0000,0.0000,0.0000,0.0000,0.0000,102,0,0,0,0,255,0,0,0,0
zc,WS209,2012-06-11 09:03:01.100,2431.0000,233680,0,0.0000,0.0000,0,0,空换,S,2431.0000,0.0000,0.0000,0.0000,0.0000,2432.0000,0.0000,0.0000,0.0000,0.0000,110,0,0,0,0,255,0,0,0,0
zc,WS209,2012-06-11 09:03:01.837,2431.0000,233690,10,0.0000,140.0000,75,65,空开,S,2431.0000,0.0000,0.0000,0.0000,0.0000,2432.0000,0.0000,0.0000,0.0000,0.0000,40,0,0,0,0,255,0,0,0,0
zc,WS209,2012-06-11 09:03:02.647,2432.0000,233688,-2,0.0000,2.0000,0,2,双平,B,2431.0000,0.0000,0.0000,0.0000,0.0000,2432.0000,0.0000,0.0000,0.0000,0.0000,40,0,0,0,0,254,0,0,0,0
zc,WS209,2012-06-11 09:03:03.617,2432.0000,233528,-160,0.0000,598.0000,219,379,空平,B,2432.0000,0.0000,0.0000,0.0000,0.0000,2433.0000,0.0000,0.0000,0.0000,0.0000,6,0,0,0,0,43,0,0,0,0
zc,WS209,2012-06-11 09:03:04.320,2432.0000,233528,0,0.0000,0.0000,0,0,多换,B,2432.0000,0.0000,0.0000,0.0000,0.0000,2433.0000,0.0000,0.0000,0.0000,0.0000,6,0,0,0,0,42,0,0,0,0
zc,WS209,2012-06-11 09:03:04.837,2431.0000,233514,-14,0.0000,14.0000,0,14,双平,S,2431.0000,0.0000,0.0000,0.0000,0.0000,2432.0000,0.0000,0.0000,0.0000,0.0000,36,0,0,0,0,12,0,0,0,0
zc,WS209,2012-06-11 09:03:05.537,2431.0000,233512,-2,0.0000,4.0000,1,3,多平,S,2431.0000,0.0000,0.0000,0.0000,0.0000,2432.0000,0.0000,0.0000,0.0000,0.0000,36,0,0,0,0,1,0,0,0,0
zc,WS209,2012-06-11 09:03:06.070,2431.0000,233512,0,0.0000,0.0000,0,0,空换,S,2431.0000,0.0000,0.0000,0.0000,0.0000,2432.0000,0.0000,0.0000,0.0000,0.0000,36,0,0,0,0,2,0,0,0,0
zc,WS209,2012-06-11 09:03:06.837,2432.0000,233514,2,0.0000,4.0000,3,1,多开,B,2432.0000,0.0000,0.0000,0.0000,0.0000,2433.0000,0.0000,0.0000,0.0000,0.0000,10,0,0,0,0,40,0,0,0,0
zc,WS209,2012-06-11 09:03:07.337,2432.0000,233512,-2,0.0000,2.0000,0,2,双平,B,2432.0000,0.0000,0.0000,0.0000,0.0000,2433.0000,0.0000,0.0000,0.0000,0.0000,9,0,0,0,0,40,0,0,0,0
zc,WS209,2012-06-11 09:03:08.100,2433.0000,233514,2,0.0000,2.0000,2,0,双开,B,2432.0000,0.0000,0.0000,0.0000,0.0000,2433.0000,0.0000,0.0000,0.0000,0.0000,43,0,0,0,0,39,0,0,0,0
zc,WS209,2012-06-11 09:03:08.587,2432.0000,233496,-18,0.0000,34.0000,8,26,多平,S,2432.0000,0.0000,0.0000,0.0000,0.0000,2433.0000,0.0000,0.0000,0.0000,0.0000,26,0,0,0,0,39,0,0,0,0
zc,WS209,2012-06-11 09:03:09.553,2432.0000,233496,0,0.0000,12.0000,6,6,空换,S,2432.0000,0.0000,0.0000,0.0000,0.0000,2433.0000,0.0000,0.0000,0.0000,0.0000,20,0,0,0,0,39,0,0,0,0
zc,WS209,2012-06-11 09:03:10.087,2433.0000,233500,4,0.0000,22.0000,13,9,多开,B,2432.0000,0.0000,0.0000,0.0000,0.0000,2433.0000,0.0000,0.0000,0.0000,0.0000,20,0,0,0,0,28,0,0,0,0
zc,WS209,2012-06-11 09:03:10.820,2433.0000,233502,2,0.0000,6.0000,4,2,多开,B,2432.0000,0.0000,0.0000,0.0000,0.0000,2433.0000,0.0000,0.0000,0.0000,0.0000,19,0,0,0,0,27,0,0,0,0
zc,WS209,2012-06-11 09:03:11.320,2432.0000,233502,0,0.0000,4.0000,2,2,空换,S,2432.0000,0.0000,0.0000,0.0000,0.0000,2433.0000,0.0000,0.0000,0.0000,0.0000,17,0,0,0,0,29,0,0,0,0
zc,WS209,2012-06-11 09:03:12.053,2431.0000,233496,-6,0.0000,40.0000,17,23,多平,S,2431.0000,0.0000,0.0000,0.0000,0.0000,2433.0000,0.0000,0.0000,0.0000,0.0000,32,0,0,0,0,29,0,0,0,0
zc,WS209,2012-06-11 09:03:12.837,2433.0000,233524,28,0.0000,62.0000,45,17,多开,B,2433.0000,0.0000,0.0000,0.0000,0.0000,2434.0000,0.0000,0.0000,0.0000,0.0000,136,0,0,0,0,29,0,0,0,0
zc,WS209,2012-06-11 09:03:13.537,2433.0000,233524,0,0.0000,0.0000,0,0,多换,B,2433.0000,0.0000,0.0000,0.0000,0.0000,2434.0000,0.0000,0.0000,0.0000,0.0000,138,0,0,0,0,35,0,0,0,0
zc,WS209,2012-06-11 09:03:14.037,2433.0000,233524,0,0.0000,0.0000,0,0,多换,B,2433.0000,0.0000,0.0000,0.0000,0.0000,2434.0000,0.0000,0.0000,0.0000,0.0000,138,0,0,0,0,26,0,0,0,0
zc,WS209,2012-06-11 09:03:14.883,2433.0000,233528,4,0.0000,106.0000,55,51,多开,B,2433.0000,0.0000,0.0000,0.0000,0.0000,2434.0000,0.0000,0.0000,0.0000,0.0000,85,0,0,0,0,21,0,0,0,0
zc,WS209,2012-06-11 09:03:15.337,2433.0000,233528,0,0.0000,4.0000,2,2,多换,B,2433.0000,0.0000,0.0000,0.0000,0.0000,2434.0000,0.0000,0.0000,0.0000,0.0000,91,0,0,0,0,35,0,0,0,0
zc,WS209,2012-06-11 09:03:16.070,2433.0000,233530,2,0.0000,2.0000,2,0,双开,B,2433.0000,0.0000,0.0000,0.0000,0.0000,2434.0000,0.0000,0.0000,0.0000,0.0000,91,0,0,0,0,36,0,0,0,0
zc,WS209,2012-06-11 09:03:16.553,2433.0000,233530,0,0.0000,0.0000,0,0,多换,B,2433.0000,0.0000,0.0000,0.0000,0.0000,2434.0000,0.0000,0.0000,0.0000,0.0000,92,0,0,0,0,36,0,0,0,0
zc,WS209,2012-06-11 09:03:17.320,2433.0000,233530,0,0.0000,4.0000,2,2,多换,B,2433.0000,0.0000,0.0000,0.0000,0.0000,2434.0000,0.0000,0.0000,0.0000,0.0000,100,0,0,0,0,36,0,0,0,0
zc,WS209,2012-06-11 09:03:18.383,2433.0000,233532,2,0.0000,50.0000,26,24,多开,B,2433.0000,0.0000,0.0000,0.0000,0.0000,2434.0000,0.0000,0.0000,0.0000,0.0000,75,0,0,0,0,42,0,0,0,0
zc,WS209,2012-06-11 09:03:18.867,2433.0000,233532,0,0.0000,20.0000,10,10,多换,B,2433.0000,0.0000,0.0000,0.0000,0.0000,2434.0000,0.0000,0.0000,0.0000,0.0000,71,0,0,0,0,34,0,0,0,0
zc,WS209,2012-06-11 09:03:19.587,2433.0000,233532,0,0.0000,56.0000,28,28,多换,B,2433.0000,0.0000,0.0000,0.0000,0.0000,2434.0000,0.0000,0.0000,0.0000,0.0000,43,0,0,0,0,7,0,0,0,0
zc,WS209,2012-06-11 09:03:20.117,2433.0000,233532,0,0.0000,0.0000,0,0,多换,B,2433.0000,0.0000,0.0000,0.0000,0.0000,2434.0000,0.0000,0.0000,0.0000,0.0000,43,0,0,0,0,8,0,0,0,0
zc,WS209,2012-06-11 09:03:20.837,2434.0000,233532,0,0.0000,4.0000,2,2,多换,B,2433.0000,0.0000,0.0000,0.0000,0.0000,2434.0000,0.0000,0.0000,0.0000,0.0000,43,0,0,0,0,26,0,0,0,0
zc,WS209,2012-06-11 09:03:21.570,2434.0000,233532,0,0.0000,8.0000,4,4,多换,B,2433.0000,0.0000,0.0000,0.0000,0.0000,2434.0000,0.0000,0.0000,0.0000,0.0000,77,0,0,0,0,22,0,0,0,0
zc,WS209,2012-06-11 09:03:22.337,2433.0000,233532,0,0.0000,10.0000,5,5,空换,S,2433.0000,0.0000,0.0000,0.0000,0.0000,2434.0000,0.0000,0.0000,0.0000,0.0000,72,0,0,0,0,20,0,0,0,0
zc,WS209,2012-06-11 09:03:22.867,2433.0000,233532,0,0.0000,0.0000,0,0,空换,S,2433.0000,0.0000,0.0000,0.0000,0.0000,2434.0000,0.0000,0.0000,0.0000,0.0000,74,0,0,0,0,24,0,0,0,0
zc,WS209,2012-06-11 09:03:23.553,2433.0000,233532,0,0.0000,0.0000,0,0,空换,S,2433.0000,0.0000,0.0000,0.0000,0.0000,2434.0000,0.0000,0.0000,0.0000,0.0000,74,0,0,0,0,29,0,0,0,0
zc,WS209,2012-06-11 09:03:25.350,2433.0000,233538,6,0.0000,10.0000,8,2,空开,S,2433.0000,0.0000,0.0000,0.0000,0.0000,2434.0000,0.0000,0.0000,0.0000,0.0000,69,0,0,0,0,28,0,0,0,0
zc,WS209,2012-06-11 09:03:26.087,2434.0000,233538,0,0.0000,18.0000,9,9,多换,B,2433.0000,0.0000,0.0000,0.0000,0.0000,2434.0000,0.0000,0.0000,0.0000,0.0000,62,0,0,0,0,19,0,0,0,0
zc,WS209,2012-06-11 09:03:26.587,2433.0000,233540,2,0.0000,12.0000,7,5,空开,S,2433.0000,0.0000,0.0000,0.0000,0.0000,2434.0000,0.0000,0.0000,0.0000,0.0000,56,0,0,0,0,24,0,0,0,0
zc,WS209,2012-06-11 09:03:27.320,2433.0000,233540,0,0.0000,12.0000,6,6,空换,S,2433.0000,0.0000,0.0000,0.0000,0.0000,2434.0000,0.0000,0.0000,0.0000,0.0000,50,0,0,0,0,18,0,0,0,0
zc,WS209,2012-06-11 09:03:28.087,2433.0000,233538,-2,0.0000,10.0000,4,6,多平,S,2433.0000,0.0000,0.0000,0.0000,0.0000,2434.0000,0.0000,0.0000,0.0000,0.0000,45,0,0,0,0,18,0,0,0,0
zc,WS209,2012-06-11 09:03:28.367,2433.0000,233538,0,0.0000,0.0000,0,0,空换,S,2433.0000,0.0000,0.0000,0.0000,0.0000,2434.0000,0.0000,0.0000,0.0000,0.0000,47,0,0,0,0,18,0,0,0,0
zc,WS209,2012-06-11 09:03:29.337,2434.0000,233558,20,0.0000,36.0000,28,8,多开,B,2433.0000,0.0000,0.0000,0.0000,0.0000,2434.0000,0.0000,0.0000,0.0000,0.0000,41,0,0,0,0,37,0,0,0,0
zc,WS209,2012-06-11 09:03:29.787,2434.0000,233558,0,0.0000,0.0000,0,0,多换,B,2433.0000,0.0000,0.0000,0.0000,0.0000,2434.0000,0.0000,0.0000,0.0000,0.0000,42,0,0,0,0,35,0,0,0,0
zc,WS209,2012-06-11 09:03:30.273,2433.0000,233572,14,0.0000,18.0000,16,2,空开,S,2433.0000,0.0000,0.0000,0.0000,0.0000,2434.0000,0.0000,0.0000,0.0000,0.0000,33,0,0,0,0,26,0,0,0,0
zc,WS209,2012-06-11 09:03:30.820,2433.0000,233578,6,0.0000,8.0000,7,1,空开,S,2433.0000,0.0000,0.0000,0.0000,0.0000,2434.0000,0.0000,0.0000,0.0000,0.0000,29,0,0,0,0,24,0,0,0,0
zc,WS209,2012-06-11 09:03:31.570,2433.0000,233590,12,0.0000,30.0000,21,9,空开,S,2433.0000,0.0000,0.0000,0.0000,0.0000,2434.0000,0.0000,0.0000,0.0000,0.0000,14,0,0,0,0,21,0,0,0,0
zc,WS209,2012-06-11 09:03:32.087,2433.0000,233590,0,0.0000,12.0000,6,6,空换,S,2433.0000,0.0000,0.0000,0.0000,0.0000,2434.0000,0.0000,0.0000,0.0000,0.0000,58,0,0,0,0,46,0,0,0,0
zc,WS209,2012-06-11 09:03:33.350,2433.0000,233586,-4,0.0000,60.0000,28,32,多平,S,2433.0000,0.0000,0.0000,0.0000,0.0000,2434.0000,0.0000,0.0000,0.0000,0.0000,33,0,0,0,0,42,0,0,0,0
zc,WS209,2012-06-11 09:03:33.537,2433.0000,233586,0,0.0000,40.0000,20,20,空换,S,2433.0000,0.0000,0.0000,0.0000,0.0000,2434.0000,0.0000,0.0000,0.0000,0.0000,13,0,0,0,0,23,0,0,0,0
zc,WS209,2012-06-11 09:03:34.287,2434.0000,233608,22,0.0000,24.0000,23,1,多开,B,2433.0000,0.0000,0.0000,0.0000,0.0000,2434.0000,0.0000,0.0000,0.0000,0.0000,2,0,0,0,0,22,0,0,0,0
zc,WS209,2012-06-11 09:03:34.837,2433.0000,233608,0,0.0000,6.0000,3,3,空换,S,2432.0000,0.0000,0.0000,0.0000,0.0000,2433.0000,0.0000,0.0000,0.0000,0.0000,11,0,0,0,0,2,0,0,0,0
zc,WS209,2012-06-11 09:03:35.600,2433.0000,233608,0,0.0000,0.0000,0,0,空换,S,2432.0000,0.0000,0.0000,0.0000,0.0000,2433.0000,0.0000,0.0000,0.0000,0.0000,11,0,0,0,0,3,0,0,0,0
zc,WS209,2012-06-11 09:03:36.023,2433.0000,233608,0,0.0000,2.0000,1,1,空换,S,2432.0000,0.0000,0.0000,0.0000,0.0000,2433.0000,0.0000,0.0000,0.0000,0.0000,11,0,0,0,0,2,0,0,0,0
zc,WS209,2012-06-11 09:03:36.803,2432.0000,233606,-2,0.0000,2.0000,0,2,双平,S,2432.0000,0.0000,0.0000,0.0000,0.0000,2433.0000,0.0000,0.0000,0.0000,0.0000,10,0,0,0,0,2,0,0,0,0
zc,WS209,2012-06-11 09:03:37.337,2433.0000,233606,0,0.0000,2.0000,1,1,多换,B,2432.0000,0.0000,0.0000,0.0000,0.0000,2433.0000,0.0000,0.0000,0.0000,0.0000,10,0,0,0,0,1,0,0,0,0
zc,WS209,2012-06-11 09:03:38.303,2434.0000,233608,2,0.0000,12.0000,7,5,多开,B,2432.0000,0.0000,0.0000,0.0000,0.0000,2434.0000,0.0000,0.0000,0.0000,0.0000,10,0,0,0,0,28,0,0,0,0
zc,WS209,2012-06-11 09:03:38.773,2434.0000,233608,0,0.0000,0.0000,0,0,多换,B,2433.0000,0.0000,0.0000,0.0000,0.0000,2434.0000,0.0000,0.0000,0.0000,0.0000,1,0,0,0,0,28,0,0,0,0
zc,WS209,2012-06-11 09:03:39.273,2433.0000,233608,0,0.0000,2.0000,1,1,空换,S,2432.0000,0.0000,0.0000,0.0000,0.0000,2433.0000,0.0000,0.0000,0.0000,0.0000,10,0,0,0,0,2,0,0,0,0
zc,WS209,2012-06-11 09:03:39.787,2433.0000,233608,0,0.0000,0.0000,0,0,空换,S,2432.0000,0.0000,0.0000,0.0000,0.0000,2433.0000,0.0000,0.0000,0.0000,0.0000,10,0,0,0,0,3,0,0,0,0
zc,WS209,2012-06-11 09:03:40.570,2433.0000,233608,0,0.0000,0.0000,0,0,空换,S,2432.0000,0.0000,0.0000,0.0000,0.0000,2433.0000,0.0000,0.0000,0.0000,0.0000,10,0,0,0,0,4,0,0,0,0
zc,WS209,2012-06-11 09:03:41.117,2433.0000,233612,4,0.0000,8.0000,6,2,空开,S,2433.0000,0.0000,0.0000,0.0000,0.0000,2434.0000,0.0000,0.0000,0.0000,0.0000,11,0,0,0,0,29,0,0,0,0
zc,WS209,2012-06-11 09:03:41.803,2433.0000,233614,2,0.0000,2.0000,2,0,双开,S,2433.0000,0.0000,0.0000,0.0000,0.0000,2434.0000,0.0000,0.0000,0.0000,0.0000,10,0,0,0,0,30,0,0,0,0
zc,WS209,2012-06-11 09:03:42.320,2433.0000,233616,2,0.0000,2.0000,2,0,双开,S,2433.0000,0.0000,0.0000,0.0000,0.0000,2434.0000,0.0000,0.0000,0.0000,0.0000,9,0,0,0,0,30,0,0,0,0
zc,WS209,2012-06-11 09:03:43.037,2433.0000,233616,0,0.0000,18.0000,9,9,空换,S,2431.0000,0.0000,0.0000,0.0000,0.0000,2433.0000,0.0000,0.0000,0.0000,0.0000,41,0,0,0,0,67,0,0,0,0
zc,WS209,2012-06-11 09:03:43.600,2433.0000,233616,0,0.0000,0.0000,0,0,空换,S,2431.0000,0.0000,0.0000,0.0000,0.0000,2433.0000,0.0000,0.0000,0.0000,0.0000,42,0,0,0,0,67,0,0,0,0
zc,WS209,2012-06-11 09:03:44.837,2431.0000,233612,-4,0.0000,4.0000,0,4,双平,S,2431.0000,0.0000,0.0000,0.0000,0.0000,2433.0000,0.0000,0.0000,0.0000,0.0000,41,0,0,0,0,68,0,0,0,0
zc,WS209,2012-06-11 09:03:46.070,2433.0000,233612,0,0.0000,4.0000,2,2,多换,B,2431.0000,0.0000,0.0000,0.0000,0.0000,2433.0000,0.0000,0.0000,0.0000,0.0000,41,0,0,0,0,67,0,0,0,0
zc,WS209,2012-06-11 09:03:46.273,2433.0000,233612,0,0.0000,4.0000,2,2,多换,B,2431.0000,0.0000,0.0000,0.0000,0.0000,2433.0000,0.0000,0.0000,0.0000,0.0000,41,0,0,0,0,65,0,0,0,0
zc,WS209,2012-06-11 09:03:47.570,2433.0000,233612,0,0.0000,0.0000,0,0,多换,B,2432.0000,0.0000,0.0000,0.0000,0.0000,2433.0000,0.0000,0.0000,0.0000,0.0000,2,0,0,0,0,65,0,0,0,0
zc,WS209,2012-06-11 09:03:49.507,2433.0000,233612,0,0.0000,0.0000,0,0,多换,B,2432.0000,0.0000,0.0000,0.0000,0.0000,2433.0000,0.0000,0.0000,0.0000,0.0000,2,0,0,0,0,67,0,0,0,0
zc,WS209,2012-06-11 09:03:50.287,2433.0000,233612,0,0.0000,0.0000,0,0,多换,B,2432.0000,0.0000,0.0000,0.0000,0.0000,2433.0000,0.0000,0.0000,0.0000,0.0000,2,0,0,0,0,68,0,0,0,0
zc,WS209,2012-06-11 09:03:51.337,2433.0000,233612,0,0.0000,4.0000,2,2,多换,B,2432.0000,0.0000,0.0000,0.0000,0.0000,2433.0000,0.0000,0.0000,0.0000,0.0000,2,0,0,0,0,66,0,0,0,0
zc,WS209,2012-06-11 09:03:52.023,2432.0000,233612,0,0.0000,6.0000,3,3,空换,S,2431.0000,0.0000,0.0000,0.0000,0.0000,2432.0000,0.0000,0.0000,0.0000,0.0000,70,0,0,0,0,197,0,0,0,0
zc,WS209,2012-06-11 09:03:52.537,2431.0000,233606,-6,0.0000,16.0000,5,11,多平,S,2431.0000,0.0000,0.0000,0.0000,0.0000,2432.0000,0.0000,0.0000,0.0000,0.0000,59,0,0,0,0,193,0,0,0,0
zc,WS209,2012-06-11 09:03:53.053,2432.0000,233586,-20,0.0000,176.0000,78,98,空平,B,2431.0000,0.0000,0.0000,0.0000,0.0000,2432.0000,0.0000,0.0000,0.0000,0.0000,60,0,0,0,0,108,0,0,0,0
zc,WS209,2012-06-11 09:03:53.757,2431.0000,233576,-10,0.0000,10.0000,0,10,双平,S,2431.0000,0.0000,0.0000,0.0000,0.0000,2432.0000,0.0000,0.0000,0.0000,0.0000,62,0,0,0,0,110,0,0,0,0
zc,WS209,2012-06-11 09:03:55.617,2432.0000,233576,0,0.0000,2.0000,1,1,多换,B,2431.0000,0.0000,0.0000,0.0000,0.0000,2432.0000,0.0000,0.0000,0.0000,0.0000,61,0,0,0,0,109,0,0,0,0
zc,WS209,2012-06-11 09:03:56.320,2432.0000,233576,0,0.0000,0.0000,0,0,多换,B,2431.0000,0.0000,0.0000,0.0000,0.0000,2432.0000,0.0000,0.0000,0.0000,0.0000,55,0,0,0,0,110,0,0,0,0
zc,WS209,2012-06-11 09:03:56.850,2432.0000,233576,0,0.0000,0.0000,0,0,多换,B,2431.0000,0.0000,0.0000,0.0000,0.0000,2432.0000,0.0000,0.0000,0.0000,0.0000,55,0,0,0,0,111,0,0,0,0
zc,WS209,2012-06-11 09:03:57.337,2432.0000,233576,0,0.0000,20.0000,10,10,多换,B,2431.0000,0.0000,0.0000,0.0000,0.0000,2432.0000,0.0000,0.0000,0.0000,0.0000,55,0,0,0,0,101,0,0,0,0
zc,WS209,2012-06-11 09:03:58.053,2432.0000,233572,-4,0.0000,4.0000,0,4,双平,B,2431.0000,0.0000,0.0000,0.0000,0.0000,2432.0000,0.0000,0.0000,0.0000,0.0000,54,0,0,0,0,100,0,0,0,0
zc,WS209,2012-06-11 09:03:58.787,2431.0000,233570,-2,0.0000,2.0000,0,2,双平,S,2431.0000,0.0000,0.0000,0.0000,0.0000,2432.0000,0.0000,0.0000,0.0000,0.0000,53,0,0,0,0,100,0,0,0,0
zc,WS209,2012-06-11 09:03:59.287,2432.0000,233570,0,0.0000,2.0000,1,1,多换,B,2431.0000,0.0000,0.0000,0.0000,0.0000,2432.0000,0.0000,0.0000,0.0000,0.0000,53,0,0,0,0,96,0,0,0,0
zc,WS209,2012-06-11 09:03:59.803,2432.0000,233570,0,0.0000,0.0000,0,0,多换,B,2431.0000,0.0000,0.0000,0.0000,0.0000,2432.0000,0.0000,0.0000,0.0000,0.0000,54,0,0,0,0,96,0,0,0,0
zc,WS209,2012-06-11 09:04:01.053,2432.0000,233570,0,0.0000,0.0000,0,0,多换,B,2431.0000,0.0000,0.0000,0.0000,0.0000,2432.0000,0.0000,0.0000,0.0000,0.0000,55,0,0,0,0,100,0,0,0,0
zc,WS209,2012-06-11 09:04:01.850,2431.0000,233560,-10,0.0000,20.0000,5,15,多平,S,2431.0000,0.0000,0.0000,0.0000,0.0000,2432.0000,0.0000,0.0000,0.0000,0.0000,46,0,0,0,0,120,0,0,0,0
zc,WS209,2012-06-11 09:04:03.007,2431.0000,233560,0,0.0000,0.0000,0,0,空换,S,2431.0000,0.0000,0.0000,0.0000,0.0000,2432.0000,0.0000,0.0000,0.0000,0.0000,51,0,0,0,0,150,0,0,0,0
zc,WS209,2012-06-11 09:04:03.320,2431.0000,233560,0,0.0000,0.0000,0,0,空换,S,2431.0000,0.0000,0.0000,0.0000,0.0000,2432.0000,0.0000,0.0000,0.0000,0.0000,51,0,0,0,0,151,0,0,0,0
zc,WS209,2012-06-11 09:04:05.337,2431.0000,233562,2,0.0000,2.0000,2,0,双开,S,2431.0000,0.0000,0.0000,0.0000,0.0000,2432.0000,0.0000,0.0000,0.0000,0.0000,50,0,0,0,0,152,0,0,0,0
zc,WS209,2012-06-11 09:04:06.037,2431.0000,233562,0,0.0000,8.0000,4,4,空换,S,2431.0000,0.0000,0.0000,0.0000,0.0000,2432.0000,0.0000,0.0000,0.0000,0.0000,48,0,0,0,0,151,0,0,0,0
zc,WS209,2012-06-11 09:04:06.523,2431.0000,233564,2,0.0000,2.0000,2,0,双开,S,2431.0000,0.0000,0.0000,0.0000,0.0000,2432.0000,0.0000,0.0000,0.0000,0.0000,47,0,0,0,0,151,0,0,0,0
zc,WS209,2012-06-11 09:04:07.350,2431.0000,233564,0,0.0000,0.0000,0,0,空换,S,2431.0000,0.0000,0.0000,0.0000,0.0000,2432.0000,0.0000,0.0000,0.0000,0.0000,49,0,0,0,0,151,0,0,0,0
zc,WS209,2012-06-11 09:04:07.803,2431.0000,233564,0,0.0000,0.0000,0,0,空换,S,2431.0000,0.0000,0.0000,0.0000,0.0000,2432.0000,0.0000,0.0000,0.0000,0.0000,50,0,0,0,0,151,0,0,0,0
zc,WS209,2012-06-11 09:04:08.850,2431.0000,233566,2,0.0000,2.0000,2,0,双开,S,2431.0000,0.0000,0.0000,0.0000,0.0000,2432.0000,0.0000,0.0000,0.0000,0.0000,49,0,0,0,0,152,0,0,0,0
zc,WS209,2012-06-11 09:04:09.570,2431.0000,233566,0,0.0000,2.0000,1,1,空换,S,2431.0000,0.0000,0.0000,0.0000,0.0000,2432.0000,0.0000,0.0000,0.0000,0.0000,48,0,0,0,0,152,0,0,0,0
zc,WS209,2012-06-11 09:04:10.053,2431.0000,233566,0,0.0000,0.0000,0,0,空换,S,2431.0000,0.0000,0.0000,0.0000,0.0000,2432.0000,0.0000,0.0000,0.0000,0.0000,48,0,0,0,0,153,0,0,0,0
zc,WS209,2012-06-11 09:04:10.773,2431.0000,233566,0,0.0000,4.0000,2,2,空换,S,2431.0000,0.0000,0.0000,0.0000,0.0000,2432.0000,0.0000,0.0000,0.0000,0.0000,46,0,0,0,0,152,0,0,0,0
zc,WS209,2012-06-11 09:04:11.320,2431.0000,233566,0,0.0000,2.0000,1,1,空换,S,2431.0000,0.0000,0.0000,0.0000,0.0000,2432.0000,0.0000,0.0000,0.0000,0.0000,47,0,0,0,0,152,0,0,0,0
zc,WS209,2012-06-11 09:04:12.070,2431.0000,233566,0,0.0000,202.0000,101,101,空换,S,2431.0000,0.0000,0.0000,0.0000,0.0000,2432.0000,0.0000,0.0000,0.0000,0.0000,16,0,0,0,0,52,0,0,0,0
zc,WS209,2012-06-11 09:04:13.320,2431.0000,233566,0,0.0000,0.0000,0,0,空换,S,2431.0000,0.0000,0.0000,0.0000,0.0000,2432.0000,0.0000,0.0000,0.0000,0.0000,16,0,0,0,0,53,0,0,0,0
zc,WS209,2012-06-11 09:04:13.803,2431.0000,233566,0,0.0000,2.0000,1,1,空换,S,2431.0000,0.0000,0.0000,0.0000,0.0000,2432.0000,0.0000,0.0000,0.0000,0.0000,15,0,0,0,0,52,0,0,0,0
zc,WS209,2012-06-11 09:04:14.383,2431.0000,233566,0,0.0000,0.0000,0,0,空换,S,2431.0000,0.0000,0.0000,0.0000,0.0000,2432.0000,0.0000,0.0000,0.0000,0.0000,15,0,0,0,0,53,0,0,0,0
zc,WS209,2012-06-11 09:04:15.087,2431.0000,233566,0,0.0000,6.0000,3,3,空换,S,2431.0000,0.0000,0.0000,0.0000,0.0000,2432.0000,0.0000,0.0000,0.0000,0.0000,12,0,0,0,0,53,0,0,0,0
zc,WS209,2012-06-11 09:04:15.537,2431.0000,233566,0,0.0000,0.0000,0,0,空换,S,2431.0000,0.0000,0.0000,0.0000,0.0000,2432.0000,0.0000,0.0000,0.0000,0.0000,19,0,0,0,0,54,0,0,0,0
zc,WS209,2012-06-11 09:04:16.850,2431.0000,233568,2,0.0000,2.0000,2,0,双开,S,2431.0000,0.0000,0.0000,0.0000,0.0000,2432.0000,0.0000,0.0000,0.0000,0.0000,218,0,0,0,0,54,0,0,0,0
zc,WS209,2012-06-11 09:04:17.587,2431.0000,233568,0,0.0000,0.0000,0,0,空换,S,2431.0000,0.0000,0.0000,0.0000,0.0000,2432.0000,0.0000,0.0000,0.0000,0.0000,219,0,0,0,0,54,0,0,0,0
zc,WS209,2012-06-11 09:04:18.053,2431.0000,233568,0,0.0000,0.0000,0,0,空换,S,2431.0000,0.0000,0.0000,0.0000,0.0000,2432.0000,0.0000,0.0000,0.0000,0.0000,220,0,0,0,0,64,0,0,0,0
zc,WS209,2012-06-11 09:04:18.740,2431.0000,233568,0,0.0000,0.0000,0,0,空换,S,2431.0000,0.0000,0.0000,0.0000,0.0000,2432.0000,0.0000,0.0000,0.0000,0.0000,221,0,0,0,0,64,0,0,0,0
zc,WS209,2012-06-11 09:04:19.320,2432.0000,233568,0,0.0000,12.0000,6,6,多换,B,2431.0000,0.0000,0.0000,0.0000,0.0000,2432.0000,0.0000,0.0000,0.0000,0.0000,221,0,0,0,0,58,0,0,0,0
zc,WS209,2012-06-11 09:04:20.023,2431.0000,233588,20,0.0000,20.0000,20,0,双开,S,2431.0000,0.0000,0.0000,0.0000,0.0000,2432.0000,0.0000,0.0000,0.0000,0.0000,207,0,0,0,0,59,0,0,0,0
zc,WS209,2012-06-11 09:04:20.570,2432.0000,233586,-2,0.0000,22.0000,10,12,空平,B,2431.0000,0.0000,0.0000,0.0000,0.0000,2432.0000,0.0000,0.0000,0.0000,0.0000,207,0,0,0,0,48,0,0,0,0
zc,WS209,2012-06-11 09:04:21.053,2431.0000,233586,0,0.0000,4.0000,2,2,空换,S,2431.0000,0.0000,0.0000,0.0000,0.0000,2432.0000,0.0000,0.0000,0.0000,0.0000,206,0,0,0,0,48,0,0,0,0
zc,WS209,2012-06-11 09:04:21.867,2432.0000,233586,0,0.0000,2.0000,1,1,多换,B,2431.0000,0.0000,0.0000,0.0000,0.0000,2432.0000,0.0000,0.0000,0.0000,0.0000,206,0,0,0,0,47,0,0,0,0
zc,WS209,2012-06-11 09:04:22.320,2431.0000,233586,0,0.0000,2.0000,1,1,空换,S,2431.0000,0.0000,0.0000,0.0000,0.0000,2432.0000,0.0000,0.0000,0.0000,0.0000,213,0,0,0,0,17,0,0,0,0
zc,WS209,2012-06-11 09:04:23.037,2431.0000,233586,0,0.0000,0.0000,0,0,空换,S,2431.0000,0.0000,0.0000,0.0000,0.0000,2432.0000,0.0000,0.0000,0.0000,0.0000,213,0,0,0,0,18,0,0,0,0
zc,WS209,2012-06-11 09:04:23.820,2432.0000,233566,-20,0.0000,22.0000,1,21,空平,B,2431.0000,0.0000,0.0000,0.0000,0.0000,2432.0000,0.0000,0.0000,0.0000,0.0000,209,0,0,0,0,12,0,0,0,0
zc,WS209,2012-06-11 09:04:24.990,2432.0000,233548,-18,0.0000,22.0000,2,20,空平,B,2432.0000,0.0000,0.0000,0.0000,0.0000,2433.0000,0.0000,0.0000,0.0000,0.0000,197,0,0,0,0,111,0,0,0,0
zc,WS209,2012-06-11 09:04:25.757,2432.0000,233484,-64,0.0000,66.0000,1,65,空平,B,2432.0000,0.0000,0.0000,0.0000,0.0000,2433.0000,0.0000,0.0000,0.0000,0.0000,164,0,0,0,0,86,0,0,0,0
zc,WS209,2012-06-11 09:04:26.287,2432.0000,233484,0,0.0000,6.0000,3,3,多换,B,2432.0000,0.0000,0.0000,0.0000,0.0000,2433.0000,0.0000,0.0000,0.0000,0.0000,161,0,0,0,0,86,0,0,0,0
zc,WS209,2012-06-11 09:04:26.820,2432.0000,233484,0,0.0000,0.0000,0,0,多换,B,2432.0000,0.0000,0.0000,0.0000,0.0000,2433.0000,0.0000,0.0000,0.0000,0.0000,161,0,0,0,0,85,0,0,0,0
zc,WS209,2012-06-11 09:04:28.553,2432.0000,233484,0,0.0000,0.0000,0,0,多换,B,2432.0000,0.0000,0.0000,0.0000,0.0000,2433.0000,0.0000,0.0000,0.0000,0.0000,161,0,0,0,0,86,0,0,0,0
zc,WS209,2012-06-11 09:04:29.257,2432.0000,233482,-2,0.0000,2.0000,0,2,双平,B,2432.0000,0.0000,0.0000,0.0000,0.0000,2433.0000,0.0000,0.0000,0.0000,0.0000,160,0,0,0,0,87,0,0,0,0
zc,WS209,2012-06-11 09:04:29.773,2432.0000,233478,-4,0.0000,4.0000,0,4,双平,B,2432.0000,0.0000,0.0000,0.0000,0.0000,2433.0000,0.0000,0.0000,0.0000,0.0000,158,0,0,0,0,107,0,0,0,0
zc,WS209,2012-06-11 09:04:30.570,2432.0000,233478,0,0.0000,0.0000,0,0,多换,B,2432.0000,0.0000,0.0000,0.0000,0.0000,2433.0000,0.0000,0.0000,0.0000,0.0000,158,0,0,0,0,108,0,0,0,0
zc,WS209,2012-06-11 09:04:31.037,2432.0000,233478,0,0.0000,0.0000,0,0,多换,B,2432.0000,0.0000,0.0000,0.0000,0.0000,2433.0000,0.0000,0.0000,0.0000,0.0000,158,0,0,0,0,110,0,0,0,0
zc,WS209,2012-06-11 09:04:31.803,2432.0000,233478,0,0.0000,0.0000,0,0,多换,B,2432.0000,0.0000,0.0000,0.0000,0.0000,2433.0000,0.0000,0.0000,0.0000,0.0000,158,0,0,0,0,111,0,0,0,0
zc,WS209,2012-06-11 09:04:33.553,2432.0000,233478,0,0.0000,0.0000,0,0,多换,B,2432.0000,0.0000,0.0000,0.0000,0.0000,2433.0000,0.0000,0.0000,0.0000,0.0000,158,0,0,0,0,113,0,0,0,0
zc,WS209,2012-06-11 09:04:34.273,2432.0000,233476,-2,0.0000,2.0000,0,2,双平,B,2432.0000,0.0000,0.0000,0.0000,0.0000,2433.0000,0.0000,0.0000,0.0000,0.0000,162,0,0,0,0,113,0,0,0,0
zc,WS209,2012-06-11 09:04:35.600,2432.0000,233396,-80,0.0000,80.0000,0,80,双平,B,2432.0000,0.0000,0.0000,0.0000,0.0000,2433.0000,0.0000,0.0000,0.0000,0.0000,122,0,0,0,0,113,0,0,0,0
zc,WS209,2012-06-11 09:04:38.287,2433.0000,233396,0,0.0000,4.0000,2,2,多换,B,2432.0000,0.0000,0.0000,0.0000,0.0000,2433.0000,0.0000,0.0000,0.0000,0.0000,121,0,0,0,0,113,0,0,0,0
zc,WS209,2012-06-11 09:04:38.757,2432.0000,233396,0,0.0000,4.0000,2,2,空换,S,2432.0000,0.0000,0.0000,0.0000,0.0000,2433.0000,0.0000,0.0000,0.0000,0.0000,120,0,0,0,0,110,0,0,0,0
zc,WS209,2012-06-11 09:04:39.303,2432.0000,233396,0,0.0000,10.0000,5,5,空换,S,2432.0000,0.0000,0.0000,0.0000,0.0000,2433.0000,0.0000,0.0000,0.0000,0.0000,115,0,0,0,0,110,0,0,0,0
zc,WS209,2012-06-11 09:04:40.023,2433.0000,233394,-2,0.0000,2.0000,0,2,双平,B,2432.0000,0.0000,0.0000,0.0000,0.0000,2433.0000,0.0000,0.0000,0.0000,0.0000,117,0,0,0,0,109,0,0,0,0
zc,WS209,2012-06-11 09:04:40.553,2432.0000,233394,0,0.0000,2.0000,1,1,空换,S,2432.0000,0.0000,0.0000,0.0000,0.0000,2433.0000,0.0000,0.0000,0.0000,0.0000,116,0,0,0,0,110,0,0,0,0
zc,WS209,2012-06-11 09:04:41.320,2432.0000,233390,-4,0.0000,4.0000,0,4,双平,S,2432.0000,0.0000,0.0000,0.0000,0.0000,2433.0000,0.0000,0.0000,0.0000,0.0000,121,0,0,0,0,109,0,0,0,0
zc,WS209,2012-06-11 09:04:41.757,2432.0000,233390,0,0.0000,0.0000,0,0,空换,S,2432.0000,0.0000,0.0000,0.0000,0.0000,2433.0000,0.0000,0.0000,0.0000,0.0000,121,0,0,0,0,114,0,0,0,0
zc,WS209,2012-06-11 09:04:43.273,2432.0000,233370,-20,0.0000,20.0000,0,20,双平,S,2432.0000,0.0000,0.0000,0.0000,0.0000,2433.0000,0.0000,0.0000,0.0000,0.0000,111,0,0,0,0,114,0,0,0,0
zc,WS209,2012-06-11 09:04:44.070,2432.0000,233370,0,0.0000,0.0000,0,0,空换,S,2432.0000,0.0000,0.0000,0.0000,0.0000,2433.0000,0.0000,0.0000,0.0000,0.0000,111,0,0,0,0,115,0,0,0,0
zc,WS209,2012-06-11 09:04:44.587,2432.0000,233370,0,0.0000,0.0000,0,0,空换,S,2432.0000,0.0000,0.0000,0.0000,0.0000,2433.0000,0.0000,0.0000,0.0000,0.0000,111,0,0,0,0,114,0,0,0,0
zc,WS209,2012-06-11 09:04:45.337,2433.0000,233370,0,0.0000,2.0000,1,1,多换,B,2432.0000,0.0000,0.0000,0.0000,0.0000,2433.0000,0.0000,0.0000,0.0000,0.0000,111,0,0,0,0,113,0,0,0,0
zc,WS209,2012-06-11 09:04:45.727,2432.0000,233368,-2,0.0000,2.0000,0,2,双平,S,2432.0000,0.0000,0.0000,0.0000,0.0000,2433.0000,0.0000,0.0000,0.0000,0.0000,110,0,0,0,0,113,0,0,0,0
zc,WS209,2012-06-11 09:04:46.820,2432.0000,233368,0,0.0000,0.0000,0,0,空换,S,2432.0000,0.0000,0.0000,0.0000,0.0000,2433.0000,0.0000,0.0000,0.0000,0.0000,107,0,0,0,0,113,0,0,0,0
zc,WS209,2012-06-11 09:04:47.523,2432.0000,233368,0,0.0000,0.0000,0,0,空换,S,2432.0000,0.0000,0.0000,0.0000,0.0000,2433.0000,0.0000,0.0000,0.0000,0.0000,110,0,0,0,0,115,0,0,0,0
zc,WS209,2012-06-11 09:04:49.320,2433.0000,233376,8,0.0000,236.0000,122,114,多开,B,2433.0000,0.0000,0.0000,0.0000,0.0000,2434.0000,0.0000,0.0000,0.0000,0.0000,85,0,0,0,0,58,0,0,0,0
zc,WS209,2012-06-11 09:04:50.070,2433.0000,233376,0,0.0000,42.0000,21,21,多换,B,2433.0000,0.0000,0.0000,0.0000,0.0000,2434.0000,0.0000,0.0000,0.0000,0.0000,64,0,0,0,0,68,0,0,0,0
zc,WS209,2012-06-11 09:04:52.070,2433.0000,233376,0,0.0000,0.0000,0,0,多换,B,2433.0000,0.0000,0.0000,0.0000,0.0000,2434.0000,0.0000,0.0000,0.0000,0.0000,64,0,0,0,0,65,0,0,0,0
zc,WS209,2012-06-11 09:04:52.587,2433.0000,233376,0,0.0000,2.0000,1,1,多换,B,2433.0000,0.0000,0.0000,0.0000,0.0000,2434.0000,0.0000,0.0000,0.0000,0.0000,63,0,0,0,0,65,0,0,0,0
zc,WS209,2012-06-11 09:04:54.303,2433.0000,233376,0,0.0000,4.0000,2,2,多换,B,2433.0000,0.0000,0.0000,0.0000,0.0000,2434.0000,0.0000,0.0000,0.0000,0.0000,61,0,0,0,0,65,0,0,0,0
zc,WS209,2012-06-11 09:04:54.837,2433.0000,233378,2,0.0000,12.0000,7,5,多开,B,2433.0000,0.0000,0.0000,0.0000,0.0000,2434.0000,0.0000,0.0000,0.0000,0.0000,60,0,0,0,0,60,0,0,0,0
zc,WS209,2012-06-11 09:04:55.570,2433.0000,233378,0,0.0000,0.0000,0,0,多换,B,2433.0000,0.0000,0.0000,0.0000,0.0000,2434.0000,0.0000,0.0000,0.0000,0.0000,65,0,0,0,0,63,0,0,0,0
zc,WS209,2012-06-11 09:04:56.053,2434.0000,233376,-2,0.0000,48.0000,23,25,空平,B,2433.0000,0.0000,0.0000,0.0000,0.0000,2434.0000,0.0000,0.0000,0.0000,0.0000,65,0,0,0,0,69,0,0,0,0
zc,WS209,2012-06-11 09:04:57.337,2434.0000,233376,0,0.0000,0.0000,0,0,多换,B,2433.0000,0.0000,0.0000,0.0000,0.0000,2434.0000,0.0000,0.0000,0.0000,0.0000,66,0,0,0,0,69,0,0,0,0
zc,WS209,2012-06-11 09:04:58.303,2434.0000,233376,0,0.0000,4.0000,2,2,多换,B,2433.0000,0.0000,0.0000,0.0000,0.0000,2434.0000,0.0000,0.0000,0.0000,0.0000,66,0,0,0,0,67,0,0,0,0
zc,WS209,2012-06-11 09:04:58.850,2434.0000,233374,-2,0.0000,8.0000,3,5,空平,B,2433.0000,0.0000,0.0000,0.0000,0.0000,2434.0000,0.0000,0.0000,0.0000,0.0000,63,0,0,0,0,64,0,0,0,0
zc,WS209,2012-06-11 09:05:00.100,2433.0000,233380,6,0.0000,10.0000,8,2,空开,S,2433.0000,0.0000,0.0000,0.0000,0.0000,2434.0000,0.0000,0.0000,0.0000,0.0000,58,0,0,0,0,62,0,0,0,0
zc,WS209,2012-06-11 09:05:00.850,2434.0000,233384,4,0.0000,202.0000,103,99,多开,B,2433.0000,0.0000,0.0000,0.0000,0.0000,2434.0000,0.0000,0.0000,0.0000,0.0000,57,0,0,0,0,64,0,0,0,0
zc,WS209,2012-06-11 09:05:01.303,2433.0000,233384,0,0.0000,114.0000,57,57,空换,S,2432.0000,0.0000,0.0000,0.0000,0.0000,2433.0000,0.0000,0.0000,0.0000,0.0000,109,0,0,0,0,91,0,0,0,0
zc,WS209,2012-06-11 09:05:02.477,2433.0000,233384,0,0.0000,0.0000,0,0,空换,S,2432.0000,0.0000,0.0000,0.0000,0.0000,2433.0000,0.0000,0.0000,0.0000,0.0000,109,0,0,0,0,91,0,0,0,0
zc,WS209,2012-06-11 09:05:02.837,2433.0000,233382,-2,0.0000,2.0000,0,2,双平,S,2432.0000,0.0000,0.0000,0.0000,0.0000,2433.0000,0.0000,0.0000,0.0000,0.0000,102,0,0,0,0,90,0,0,0,0
zc,WS209,2012-06-11 09:05:03.537,2433.0000,233382,0,0.0000,2.0000,1,1,空换,S,2432.0000,0.0000,0.0000,0.0000,0.0000,2433.0000,0.0000,0.0000,0.0000,0.0000,102,0,0,0,0,89,0,0,0,0
zc,WS209,2012-06-11 09:05:04.070,2433.0000,233382,0,0.0000,8.0000,4,4,空换,S,2432.0000,0.0000,0.0000,0.0000,0.0000,2433.0000,0.0000,0.0000,0.0000,0.0000,102,0,0,0,0,85,0,0,0,0
zc,WS209,2012-06-11 09:05:04.787,2433.0000,233382,0,0.0000,16.0000,8,8,空换,S,2432.0000,0.0000,0.0000,0.0000,0.0000,2433.0000,0.0000,0.0000,0.0000,0.0000,102,0,0,0,0,77,0,0,0,0
zc,WS209,2012-06-11 09:05:07.820,2433.0000,233378,-4,0.0000,6.0000,1,5,多平,S,2432.0000,0.0000,0.0000,0.0000,0.0000,2433.0000,0.0000,0.0000,0.0000,0.0000,100,0,0,0,0,76,0,0,0,0
zc,WS209,2012-06-11 09:05:08.350,2432.0000,233378,0,0.0000,4.0000,2,2,空换,S,2432.0000,0.0000,0.0000,0.0000,0.0000,2433.0000,0.0000,0.0000,0.0000,0.0000,98,0,0,0,0,78,0,0,0,0
zc,WS209,2012-06-11 09:05:10.337,2432.0000,233378,0,0.0000,0.0000,0,0,空换,S,2432.0000,0.0000,0.0000,0.0000,0.0000,2433.0000,0.0000,0.0000,0.0000,0.0000,98,0,0,0,0,79,0,0,0,0
zc,WS209,2012-06-11 09:05:11.537,2432.0000,233378,0,0.0000,0.0000,0,0,空换,S,2432.0000,0.0000,0.0000,0.0000,0.0000,2433.0000,0.0000,0.0000,0.0000,0.0000,98,0,0,0,0,80,0,0,0,0
zc,WS209,2012-06-11 09:05:12.303,2432.0000,233216,-162,0.0000,318.0000,78,240,多平,S,2431.0000,0.0000,0.0000,0.0000,0.0000,2432.0000,0.0000,0.0000,0.0000,0.0000,22,0,0,0,0,8,0,0,0,0
zc,WS209,2012-06-11 09:05:14.320,2431.0000,233216,0,0.0000,4.0000,2,2,空换,S,2431.0000,0.0000,0.0000,0.0000,0.0000,2432.0000,0.0000,0.0000,0.0000,0.0000,20,0,0,0,0,8,0,0,0,0
zc,WS209,2012-06-11 09:05:14.803,2432.0000,233216,0,0.0000,4.0000,2,2,多换,B,2431.0000,0.0000,0.0000,0.0000,0.0000,2432.0000,0.0000,0.0000,0.0000,0.0000,22,0,0,0,0,6,0,0,0,0
zc,WS209,2012-06-11 09:05:15.587,2432.0000,233216,0,0.0000,0.0000,0,0,多换,B,2431.0000,0.0000,0.0000,0.0000,0.0000,2432.0000,0.0000,0.0000,0.0000,0.0000,22,0,0,0,0,7,0,0,0,0
zc,WS209,2012-06-11 09:05:16.773,2432.0000,233216,0,0.0000,14.0000,7,7,多换,B,2431.0000,0.0000,0.0000,0.0000,0.0000,2433.0000,0.0000,0.0000,0.0000,0.0000,45,0,0,0,0,83,0,0,0,0
zc,WS209,2012-06-11 09:05:18.337,2432.0000,233216,0,0.0000,0.0000,0,0,多换,B,2432.0000,0.0000,0.0000,0.0000,0.0000,2433.0000,0.0000,0.0000,0.0000,0.0000,3,0,0,0,0,82,0,0,0,0
zc,WS209,2012-06-11 09:05:19.053,2432.0000,233216,0,0.0000,0.0000,0,0,多换,B,2432.0000,0.0000,0.0000,0.0000,0.0000,2433.0000,0.0000,0.0000,0.0000,0.0000,3,0,0,0,0,92,0,0,0,0
zc,WS209,2012-06-11 09:05:19.570,2432.0000,233216,0,0.0000,2.0000,1,1,多换,B,2432.0000,0.0000,0.0000,0.0000,0.0000,2433.0000,0.0000,0.0000,0.0000,0.0000,2,0,0,0,0,92,0,0,0,0
zc,WS209,2012-06-11 09:05:20.273,2432.0000,233216,0,0.0000,0.0000,0,0,多换,B,2432.0000,0.0000,0.0000,0.0000,0.0000,2433.0000,0.0000,0.0000,0.0000,0.0000,2,0,0,0,0,93,0,0,0,0
zc,WS209,2012-06-11 09:05:21.037,2432.0000,233216,0,0.0000,0.0000,0,0,多换,B,2432.0000,0.0000,0.0000,0.0000,0.0000,2433.0000,0.0000,0.0000,0.0000,0.0000,3,0,0,0,0,93,0,0,0,0
zc,WS209,2012-06-11 09:05:22.007,2432.0000,233216,0,0.0000,0.0000,0,0,多换,B,2432.0000,0.0000,0.0000,0.0000,0.0000,2433.0000,0.0000,0.0000,0.0000,0.0000,4,0,0,0,0,93,0,0,0,0
zc,WS209,2012-06-11 09:05:23.037,2432.0000,233216,0,0.0000,4.0000,2,2,多换,B,2432.0000,0.0000,0.0000,0.0000,0.0000,2433.0000,0.0000,0.0000,0.0000,0.0000,32,0,0,0,0,95,0,0,0,0
zc,WS209,2012-06-11 09:05:23.553,2433.0000,233216,0,0.0000,20.0000,10,10,多换,B,2432.0000,0.0000,0.0000,0.0000,0.0000,2433.0000,0.0000,0.0000,0.0000,0.0000,32,0,0,0,0,95,0,0,0,0
zc,WS209,2012-06-11 09:05:25.053,2432.0000,233216,0,0.0000,36.0000,18,18,空换,S,2432.0000,0.0000,0.0000,0.0000,0.0000,2433.0000,0.0000,0.0000,0.0000,0.0000,14,0,0,0,0,95,0,0,0,0
zc,WS209,2012-06-11 09:05:25.773,2432.0000,233216,0,0.0000,0.0000,0,0,空换,S,2432.0000,0.0000,0.0000,0.0000,0.0000,2433.0000,0.0000,0.0000,0.0000,0.0000,18,0,0,0,0,95,0,0,0,0
zc,WS209,2012-06-11 09:05:27.053,2432.0000,233220,4,0.0000,6.0000,5,1,空开,S,2432.0000,0.0000,0.0000,0.0000,0.0000,2433.0000,0.0000,0.0000,0.0000,0.0000,16,0,0,0,0,95,0,0,0,0
zc,WS209,2012-06-11 09:05:28.257,2433.0000,233218,-2,0.0000,2.0000,0,2,双平,B,2432.0000,0.0000,0.0000,0.0000,0.0000,2433.0000,0.0000,0.0000,0.0000,0.0000,20,0,0,0,0,94,0,0,0,0
zc,WS209,2012-06-11 09:05:28.803,2433.0000,233218,0,0.0000,2.0000,1,1,多换,B,2432.0000,0.0000,0.0000,0.0000,0.0000,2433.0000,0.0000,0.0000,0.0000,0.0000,20,0,0,0,0,101,0,0,0,0
zc,WS209,2012-06-11 09:05:29.523,2433.0000,233218,0,0.0000,0.0000,0,0,多换,B,2432.0000,0.0000,0.0000,0.0000,0.0000,2433.0000,0.0000,0.0000,0.0000,0.0000,20,0,0,0,0,102,0,0,0,0
zc,WS209,2012-06-11 09:05:30.053,2433.0000,233218,0,0.0000,0.0000,0,0,多换,B,2432.0000,0.0000,0.0000,0.0000,0.0000,2433.0000,0.0000,0.0000,0.0000,0.0000,20,0,0,0,0,108,0,0,0,0
zc,WS209,2012-06-11 09:05:30.757,2432.0000,233218,0,0.0000,2.0000,1,1,空换,S,2432.0000,0.0000,0.0000,0.0000,0.0000,2433.0000,0.0000,0.0000,0.0000,0.0000,19,0,0,0,0,109,0,0,0,0
zc,WS209,2012-06-11 09:05:31.287,2432.0000,233218,0,0.0000,2.0000,1,1,空换,S,2432.0000,0.0000,0.0000,0.0000,0.0000,2433.0000,0.0000,0.0000,0.0000,0.0000,18,0,0,0,0,109,0,0,0,0
zc,WS209,2012-06-11 09:05:31.773,2432.0000,233218,0,0.0000,0.0000,0,0,空换,S,2432.0000,0.0000,0.0000,0.0000,0.0000,2433.0000,0.0000,0.0000,0.0000,0.0000,19,0,0,0,0,110,0,0,0,0
zc,WS209,2012-06-11 09:05:32.523,2432.0000,233218,0,0.0000,0.0000,0,0,空换,S,2432.0000,0.0000,0.0000,0.0000,0.0000,2433.0000,0.0000,0.0000,0.0000,0.0000,19,0,0,0,0,111,0,0,0,0
zc,WS209,2012-06-11 09:05:33.273,2432.0000,233220,2,0.0000,2.0000,2,0,双开,S,2432.0000,0.0000,0.0000,0.0000,0.0000,2433.0000,0.0000,0.0000,0.0000,0.0000,18,0,0,0,0,111,0,0,0,0
zc,WS209,2012-06-11 09:05:34.037,2433.0000,233220,0,0.0000,2.0000,1,1,多换,B,2432.0000,0.0000,0.0000,0.0000,0.0000,2433.0000,0.0000,0.0000,0.0000,0.0000,18,0,0,0,0,110,0,0,0,0
zc,WS209,2012-06-11 09:05:35.007,2432.0000,233220,0,0.0000,20.0000,10,10,空换,S,2432.0000,0.0000,0.0000,0.0000,0.0000,2433.0000,0.0000,0.0000,0.0000,0.0000,8,0,0,0,0,101,0,0,0,0
zc,WS209,2012-06-11 09:05:35.507,2432.0000,233220,0,0.0000,0.0000,0,0,空换,S,2432.0000,0.0000,0.0000,0.0000,0.0000,2433.0000,0.0000,0.0000,0.0000,0.0000,8,0,0,0,0,102,0,0,0,0
zc,WS209,2012-06-11 09:05:36.787,2432.0000,233220,0,0.0000,0.0000,0,0,空换,S,2432.0000,0.0000,0.0000,0.0000,0.0000,2433.0000,0.0000,0.0000,0.0000,0.0000,9,0,0,0,0,102,0,0,0,0
zc,WS209,2012-06-11 09:05:37.523,2432.0000,233236,16,0.0000,18.0000,17,1,空开,S,2431.0000,0.0000,0.0000,0.0000,0.0000,2432.0000,0.0000,0.0000,0.0000,0.0000,115,0,0,0,0,2,0,0,0,0
zc,WS209,2012-06-11 09:05:38.007,2432.0000,233236,0,0.0000,0.0000,0,0,空换,S,2431.0000,0.0000,0.0000,0.0000,0.0000,2432.0000,0.0000,0.0000,0.0000,0.0000,102,0,0,0,0,2,0,0,0,0
zc,WS209,2012-06-11 09:05:39.773,2432.0000,233238,2,0.0000,2.0000,2,0,双开,S,2431.0000,0.0000,0.0000,0.0000,0.0000,2432.0000,0.0000,0.0000,0.0000,0.0000,103,0,0,0,0,9,0,0,0,0
zc,WS209,2012-06-11 09:05:40.537,2431.0000,233238,0,0.0000,10.0000,5,5,空换,S,2431.0000,0.0000,0.0000,0.0000,0.0000,2432.0000,0.0000,0.0000,0.0000,0.0000,98,0,0,0,0,10,0,0,0,0
zc,WS209,2012-06-11 09:05:40.990,2432.0000,233240,2,0.0000,2.0000,2,0,双开,B,2431.0000,0.0000,0.0000,0.0000,0.0000,2432.0000,0.0000,0.0000,0.0000,0.0000,98,0,0,0,0,8,0,0,0,0
zc,WS209,2012-06-11 09:05:41.803,2432.0000,233240,0,0.0000,2.0000,1,1,多换,B,2431.0000,0.0000,0.0000,0.0000,0.0000,2432.0000,0.0000,0.0000,0.0000,0.0000,98,0,0,0,0,1,0,0,0,0
zc,WS209,2012-06-11 09:05:42.273,2431.0000,233208,-32,0.0000,196.0000,82,114,多平,S,2430.0000,0.0000,0.0000,0.0000,0.0000,2431.0000,0.0000,0.0000,0.0000,0.0000,73,0,0,0,0,52,0,0,0,0
zc,WS209,2012-06-11 09:05:42.803,2430.0000,233208,0,0.0000,2.0000,1,1,空换,S,2430.0000,0.0000,0.0000,0.0000,0.0000,2431.0000,0.0000,0.0000,0.0000,0.0000,73,0,0,0,0,52,0,0,0,0
zc,WS209,2012-06-11 09:05:43.303,2431.0000,233208,0,0.0000,2.0000,1,1,多换,B,2430.0000,0.0000,0.0000,0.0000,0.0000,2431.0000,0.0000,0.0000,0.0000,0.0000,76,0,0,0,0,51,0,0,0,0
zc,WS209,2012-06-11 09:05:43.990,2431.0000,233208,0,0.0000,0.0000,0,0,多换,B,2430.0000,0.0000,0.0000,0.0000,0.0000,2431.0000,0.0000,0.0000,0.0000,0.0000,100,0,0,0,0,51,0,0,0,0
zc,WS209,2012-06-11 09:05:44.757,2431.0000,233208,0,0.0000,2.0000,1,1,多换,B,2430.0000,0.0000,0.0000,0.0000,0.0000,2431.0000,0.0000,0.0000,0.0000,0.0000,100,0,0,0,0,50,0,0,0,0
zc,WS209,2012-06-11 09:05:45.523,2431.0000,233206,-2,0.0000,2.0000,0,2,双平,B,2430.0000,0.0000,0.0000,0.0000,0.0000,2431.0000,0.0000,0.0000,0.0000,0.0000,100,0,0,0,0,49,0,0,0,0
zc,WS209,2012-06-11 09:05:46.053,2431.0000,233206,0,0.0000,0.0000,0,0,多换,B,2430.0000,0.0000,0.0000,0.0000,0.0000,2431.0000,0.0000,0.0000,0.0000,0.0000,101,0,0,0,0,49,0,0,0,0
zc,WS209,2012-06-11 09:05:47.787,2431.0000,233204,-2,0.0000,2.0000,0,2,双平,B,2430.0000,0.0000,0.0000,0.0000,0.0000,2431.0000,0.0000,0.0000,0.0000,0.0000,101,0,0,0,0,48,0,0,0,0
zc,WS209,2012-06-11 09:05:49.023,2431.0000,233204,0,0.0000,0.0000,0,0,多换,B,2430.0000,0.0000,0.0000,0.0000,0.0000,2431.0000,0.0000,0.0000,0.0000,0.0000,101,0,0,0,0,49,0,0,0,0
zc,WS209,2012-06-11 09:05:49.850,2431.0000,233204,0,0.0000,2.0000,1,1,多换,B,2430.0000,0.0000,0.0000,0.0000,0.0000,2431.0000,0.0000,0.0000,0.0000,0.0000,101,0,0,0,0,48,0,0,0,0
zc,WS209,2012-06-11 09:05:50.320,2431.0000,233204,0,0.0000,2.0000,1,1,多换,B,2430.0000,0.0000,0.0000,0.0000,0.0000,2431.0000,0.0000,0.0000,0.0000,0.0000,101,0,0,0,0,47,0,0,0,0
zc,WS209,2012-06-11 09:05:52.007,2431.0000,233204,0,0.0000,6.0000,3,3,多换,B,2430.0000,0.0000,0.0000,0.0000,0.0000,2431.0000,0.0000,0.0000,0.0000,0.0000,101,0,0,0,0,44,0,0,0,0
zc,WS209,2012-06-11 09:05:52.553,2430.0000,233206,2,0.0000,2.0000,2,0,双开,S,2430.0000,0.0000,0.0000,0.0000,0.0000,2431.0000,0.0000,0.0000,0.0000,0.0000,100,0,0,0,0,45,0,0,0,0
zc,WS209,2012-06-11 09:05:53.303,2431.0000,233206,0,0.0000,10.0000,5,5,多换,B,2430.0000,0.0000,0.0000,0.0000,0.0000,2431.0000,0.0000,0.0000,0.0000,0.0000,100,0,0,0,0,40,0,0,0,0
zc,WS209,2012-06-11 09:05:53.803,2430.0000,233212,6,0.0000,10.0000,8,2,空开,S,2430.0000,0.0000,0.0000,0.0000,0.0000,2431.0000,0.0000,0.0000,0.0000,0.0000,95,0,0,0,0,40,0,0,0,0
zc,WS209,2012-06-11 09:05:54.523,2430.0000,233212,0,0.0000,4.0000,2,2,空换,S,2430.0000,0.0000,0.0000,0.0000,0.0000,2431.0000,0.0000,0.0000,0.0000,0.0000,94,0,0,0,0,3,0,0,0,0
zc,WS209,2012-06-11 09:05:55.037,2430.0000,233212,0,0.0000,4.0000,2,2,空换,S,2430.0000,0.0000,0.0000,0.0000,0.0000,2431.0000,0.0000,0.0000,0.0000,0.0000,92,0,0,0,0,3,0,0,0,0
zc,WS209,2012-06-11 09:05:55.803,2431.0000,233210,-2,0.0000,6.0000,2,4,空平,B,2431.0000,0.0000,0.0000,0.0000,0.0000,2432.0000,0.0000,0.0000,0.0000,0.0000,8,0,0,0,0,8,0,0,0,0
zc,WS209,2012-06-11 09:05:57.023,2431.0000,233218,8,0.0000,20.0000,14,6,多开,B,2431.0000,0.0000,0.0000,0.0000,0.0000,2433.0000,0.0000,0.0000,0.0000,0.0000,6,0,0,0,0,215,0,0,0,0
zc,WS209,2012-06-11 09:05:57.553,2431.0000,233218,0,0.0000,2.0000,1,1,多换,B,2431.0000,0.0000,0.0000,0.0000,0.0000,2433.0000,0.0000,0.0000,0.0000,0.0000,5,0,0,0,0,215,0,0,0,0
zc,WS209,2012-06-11 09:05:58.023,2431.0000,233218,0,0.0000,0.0000,0,0,多换,B,2431.0000,0.0000,0.0000,0.0000,0.0000,2432.0000,0.0000,0.0000,0.0000,0.0000,9,0,0,0,0,1,0,0,0,0
zc,WS209,2012-06-11 09:05:58.820,2431.0000,233208,-10,0.0000,18.0000,4,14,空平,B,2430.0000,0.0000,0.0000,0.0000,0.0000,2431.0000,0.0000,0.0000,0.0000,0.0000,65,0,0,0,0,28,0,0,0,0
zc,WS209,2012-06-11 09:05:59.257,2431.0000,233200,-8,0.0000,10.0000,1,9,空平,B,2430.0000,0.0000,0.0000,0.0000,0.0000,2431.0000,0.0000,0.0000,0.0000,0.0000,63,0,0,0,0,24,0,0,0,0
zc,WS209,2012-06-11 09:06:00.070,2431.0000,233200,0,0.0000,0.0000,0,0,多换,B,2430.0000,0.0000,0.0000,0.0000,0.0000,2431.0000,0.0000,0.0000,0.0000,0.0000,65,0,0,0,0,46,0,0,0,0
zc,WS209,2012-06-11 09:06:00.553,2431.0000,233200,0,0.0000,20.0000,10,10,多换,B,2430.0000,0.0000,0.0000,0.0000,0.0000,2431.0000,0.0000,0.0000,0.0000,0.0000,65,0,0,0,0,37,0,0,0,0
zc,WS209,2012-06-11 09:06:01.320,2431.0000,233200,0,0.0000,2.0000,1,1,多换,B,2430.0000,0.0000,0.0000,0.0000,0.0000,2431.0000,0.0000,0.0000,0.0000,0.0000,65,0,0,0,0,36,0,0,0,0
zc,WS209,2012-06-11 09:06:02.633,2430.0000,233200,0,0.0000,50.0000,25,25,空换,S,2430.0000,0.0000,0.0000,0.0000,0.0000,2431.0000,0.0000,0.0000,0.0000,0.0000,50,0,0,0,0,26,0,0,0,0
zc,WS209,2012-06-11 09:06:02.757,2430.0000,233200,0,0.0000,0.0000,0,0,空换,S,2430.0000,0.0000,0.0000,0.0000,0.0000,2431.0000,0.0000,0.0000,0.0000,0.0000,49,0,0,0,0,26,0,0,0,0
zc,WS209,2012-06-11 09:06:03.803,2430.0000,233200,0,0.0000,2.0000,1,1,空换,S,2430.0000,0.0000,0.0000,0.0000,0.0000,2431.0000,0.0000,0.0000,0.0000,0.0000,49,0,0,0,0,26,0,0,0,0
zc,WS209,2012-06-11 09:06:04.087,2430.0000,233200,0,0.0000,0.0000,0,0,空换,S,2430.0000,0.0000,0.0000,0.0000,0.0000,2431.0000,0.0000,0.0000,0.0000,0.0000,50,0,0,0,0,26,0,0,0,0
zc,WS209,2012-06-11 09:06:04.740,2431.0000,233196,-4,0.0000,4.0000,0,4,双平,B,2430.0000,0.0000,0.0000,0.0000,0.0000,2431.0000,0.0000,0.0000,0.0000,0.0000,49,0,0,0,0,31,0,0,0,0
zc,WS209,2012-06-11 09:06:05.553,2431.0000,233196,0,0.0000,0.0000,0,0,多换,B,2430.0000,0.0000,0.0000,0.0000,0.0000,2431.0000,0.0000,0.0000,0.0000,0.0000,50,0,0,0,0,31,0,0,0,0
zc,WS209,2012-06-11 09:06:06.070,2430.0000,233196,0,0.0000,14.0000,7,7,空换,S,2430.0000,0.0000,0.0000,0.0000,0.0000,2431.0000,0.0000,0.0000,0.0000,0.0000,43,0,0,0,0,31,0,0,0,0
zc,WS209,2012-06-11 09:06:07.023,2430.0000,233196,0,0.0000,6.0000,3,3,空换,S,2430.0000,0.0000,0.0000,0.0000,0.0000,2431.0000,0.0000,0.0000,0.0000,0.0000,40,0,0,0,0,31,0,0,0,0
zc,WS209,2012-06-11 09:06:07.740,2431.0000,233198,2,0.0000,2.0000,2,0,双开,B,2430.0000,0.0000,0.0000,0.0000,0.0000,2431.0000,0.0000,0.0000,0.0000,0.0000,40,0,0,0,0,30,0,0,0,0
zc,WS209,2012-06-11 09:06:08.303,2430.0000,233202,4,0.0000,4.0000,4,0,双开,S,2430.0000,0.0000,0.0000,0.0000,0.0000,2431.0000,0.0000,0.0000,0.0000,0.0000,38,0,0,0,0,32,0,0,0,0
zc,WS209,2012-06-11 09:06:09.070,2431.0000,233202,0,0.0000,4.0000,2,2,多换,B,2430.0000,0.0000,0.0000,0.0000,0.0000,2431.0000,0.0000,0.0000,0.0000,0.0000,38,0,0,0,0,30,0,0,0,0
zc,WS209,2012-06-11 09:06:09.553,2430.0000,233196,-6,0.0000,14.0000,4,10,多平,S,2430.0000,0.0000,0.0000,0.0000,0.0000,2431.0000,0.0000,0.0000,0.0000,0.0000,50,0,0,0,0,30,0,0,0,0
zc,WS209,2012-06-11 09:06:10.257,2430.0000,233196,0,0.0000,0.0000,0,0,空换,S,2430.0000,0.0000,0.0000,0.0000,0.0000,2431.0000,0.0000,0.0000,0.0000,0.0000,59,0,0,0,0,30,0,0,0,0
zc,WS209,2012-06-11 09:06:10.787,2430.0000,233196,0,0.0000,0.0000,0,0,空换,S,2430.0000,0.0000,0.0000,0.0000,0.0000,2431.0000,0.0000,0.0000,0.0000,0.0000,59,0,0,0,0,31,0,0,0,0
zc,WS209,2012-06-11 09:06:12.100,2430.0000,233196,0,0.0000,0.0000,0,0,空换,S,2430.0000,0.0000,0.0000,0.0000,0.0000,2431.0000,0.0000,0.0000,0.0000,0.0000,40,0,0,0,0,31,0,0,0,0
zc,WS209,2012-06-11 09:06:12.523,2430.0000,233196,0,0.0000,0.0000,0,0,空换,S,2430.0000,0.0000,0.0000,0.0000,0.0000,2431.0000,0.0000,0.0000,0.0000,0.0000,41,0,0,0,0,31,0,0,0,0
zc,WS209,2012-06-11 09:06:13.240,2430.0000,233196,0,0.0000,4.0000,2,2,空换,S,2430.0000,0.0000,0.0000,0.0000,0.0000,2431.0000,0.0000,0.0000,0.0000,0.0000,57,0,0,0,0,31,0,0,0,0
zc,WS209,2012-06-11 09:06:14.990,2430.0000,233196,0,0.0000,0.0000,0,0,空换,S,2430.0000,0.0000,0.0000,0.0000,0.0000,2431.0000,0.0000,0.0000,0.0000,0.0000,58,0,0,0,0,31,0,0,0,0
zc,WS209,2012-06-11 09:06:15.803,2430.0000,233196,0,0.0000,0.0000,0,0,空换,S,2430.0000,0.0000,0.0000,0.0000,0.0000,2431.0000,0.0000,0.0000,0.0000,0.0000,30,0,0,0,0,32,0,0,0,0
zc,WS209,2012-06-11 09:06:16.337,2430.0000,233196,0,0.0000,4.0000,2,2,空换,S,2430.0000,0.0000,0.0000,0.0000,0.0000,2431.0000,0.0000,0.0000,0.0000,0.0000,33,0,0,0,0,32,0,0,0,0
zc,WS209,2012-06-11 09:06:16.773,2430.0000,233196,0,0.0000,2.0000,1,1,空换,S,2430.0000,0.0000,0.0000,0.0000,0.0000,2431.0000,0.0000,0.0000,0.0000,0.0000,32,0,0,0,0,32,0,0,0,0
zc,WS209,2012-06-11 09:06:18.023,2430.0000,233196,0,0.0000,0.0000,0,0,空换,S,2430.0000,0.0000,0.0000,0.0000,0.0000,2431.0000,0.0000,0.0000,0.0000,0.0000,32,0,0,0,0,57,0,0,0,0
zc,WS209,2012-06-11 09:06:19.837,2430.0000,233194,-2,0.0000,2.0000,0,2,双平,S,2430.0000,0.0000,0.0000,0.0000,0.0000,2431.0000,0.0000,0.0000,0.0000,0.0000,31,0,0,0,0,57,0,0,0,0
zc,WS209,2012-06-11 09:06:20.273,2430.0000,233194,0,0.0000,0.0000,0,0,空换,S,2430.0000,0.0000,0.0000,0.0000,0.0000,2431.0000,0.0000,0.0000,0.0000,0.0000,33,0,0,0,0,57,0,0,0,0
zc,WS209,2012-06-11 09:06:21.037,2430.0000,233194,0,0.0000,0.0000,0,0,空换,S,2430.0000,0.0000,0.0000,0.0000,0.0000,2431.0000,0.0000,0.0000,0.0000,0.0000,34,0,0,0,0,57,0,0,0,0
zc,WS209,2012-06-11 09:06:22.227,2430.0000,233190,-4,0.0000,4.0000,0,4,双平,S,2430.0000,0.0000,0.0000,0.0000,0.0000,2431.0000,0.0000,0.0000,0.0000,0.0000,32,0,0,0,0,57,0,0,0,0
zc,WS209,2012-06-11 09:06:22.553,2430.0000,233186,-4,0.0000,4.0000,0,4,双平,S,2430.0000,0.0000,0.0000,0.0000,0.0000,2431.0000,0.0000,0.0000,0.0000,0.0000,30,0,0,0,0,57,0,0,0,0
zc,WS209,2012-06-11 09:06:23.740,2430.0000,233198,12,0.0000,22.0000,17,5,空开,S,2430.0000,0.0000,0.0000,0.0000,0.0000,2431.0000,0.0000,0.0000,0.0000,0.0000,19,0,0,0,0,58,0,0,0,0
zc,WS209,2012-06-11 09:06:25.037,2430.0000,233206,8,0.0000,16.0000,12,4,空开,S,2430.0000,0.0000,0.0000,0.0000,0.0000,2431.0000,0.0000,0.0000,0.0000,0.0000,11,0,0,0,0,59,0,0,0,0
zc,WS209,2012-06-11 09:06:25.787,2430.0000,233206,0,0.0000,0.0000,0,0,空换,S,2430.0000,0.0000,0.0000,0.0000,0.0000,2431.0000,0.0000,0.0000,0.0000,0.0000,14,0,0,0,0,67,0,0,0,0
zc,WS209,2012-06-11 09:06:27.037,2430.0000,233206,0,0.0000,6.0000,3,3,空换,S,2430.0000,0.0000,0.0000,0.0000,0.0000,2431.0000,0.0000,0.0000,0.0000,0.0000,17,0,0,0,0,67,0,0,0,0
zc,WS209,2012-06-11 09:06:27.490,2430.0000,233206,0,0.0000,0.0000,0,0,空换,S,2430.0000,0.0000,0.0000,0.0000,0.0000,2431.0000,0.0000,0.0000,0.0000,0.0000,20,0,0,0,0,67,0,0,0,0
zc,WS209,2012-06-11 09:06:28.037,2430.0000,233208,2,0.0000,2.0000,2,0,双开,S,2430.0000,0.0000,0.0000,0.0000,0.0000,2431.0000,0.0000,0.0000,0.0000,0.0000,14,0,0,0,0,67,0,0,0,0
zc,WS209,2012-06-11 09:06:28.773,2430.0000,233208,0,0.0000,2.0000,1,1,空换,S,2430.0000,0.0000,0.0000,0.0000,0.0000,2431.0000,0.0000,0.0000,0.0000,0.0000,13,0,0,0,0,67,0,0,0,0
zc,WS209,2012-06-11 09:06:29.273,2430.0000,233208,0,0.0000,0.0000,0,0,空换,S,2430.0000,0.0000,0.0000,0.0000,0.0000,2431.0000,0.0000,0.0000,0.0000,0.0000,21,0,0,0,0,67,0,0,0,0
zc,WS209,2012-06-11 09:06:30.007,2430.0000,233208,0,0.0000,0.0000,0,0,空换,S,2430.0000,0.0000,0.0000,0.0000,0.0000,2431.0000,0.0000,0.0000,0.0000,0.0000,47,0,0,0,0,70,0,0,0,0
zc,WS209,2012-06-11 09:06:30.523,2430.0000,233210,2,0.0000,6.0000,4,2,空开,S,2430.0000,0.0000,0.0000,0.0000,0.0000,2431.0000,0.0000,0.0000,0.0000,0.0000,44,0,0,0,0,70,0,0,0,0
zc,WS209,2012-06-11 09:06:31.007,2430.0000,233210,0,0.0000,50.0000,25,25,空换,S,2430.0000,0.0000,0.0000,0.0000,0.0000,2431.0000,0.0000,0.0000,0.0000,0.0000,41,0,0,0,0,70,0,0,0,0
zc,WS209,2012-06-11 09:06:31.803,2430.0000,233210,0,0.0000,0.0000,0,0,空换,S,2430.0000,0.0000,0.0000,0.0000,0.0000,2431.0000,0.0000,0.0000,0.0000,0.0000,39,0,0,0,0,71,0,0,0,0
zc,WS209,2012-06-11 09:06:32.320,2431.0000,233210,0,0.0000,4.0000,2,2,多换,B,2430.0000,0.0000,0.0000,0.0000,0.0000,2431.0000,0.0000,0.0000,0.0000,0.0000,26,0,0,0,0,69,0,0,0,0
zc,WS209,2012-06-11 09:06:33.007,2431.0000,233210,0,0.0000,0.0000,0,0,多换,B,2430.0000,0.0000,0.0000,0.0000,0.0000,2431.0000,0.0000,0.0000,0.0000,0.0000,24,0,0,0,0,69,0,0,0,0
zc,WS209,2012-06-11 09:06:33.553,2431.0000,233204,-6,0.0000,6.0000,0,6,双平,B,2430.0000,0.0000,0.0000,0.0000,0.0000,2431.0000,0.0000,0.0000,0.0000,0.0000,25,0,0,0,0,66,0,0,0,0
zc,WS209,2012-06-11 09:06:34.273,2431.0000,233204,0,0.0000,0.0000,0,0,多换,B,2430.0000,0.0000,0.0000,0.0000,0.0000,2431.0000,0.0000,0.0000,0.0000,0.0000,22,0,0,0,0,76,0,0,0,0
zc,WS209,2012-06-11 09:06:34.773,2430.0000,233204,0,0.0000,2.0000,1,1,空换,S,2430.0000,0.0000,0.0000,0.0000,0.0000,2431.0000,0.0000,0.0000,0.0000,0.0000,20,0,0,0,0,76,0,0,0,0
zc,WS209,2012-06-11 09:06:36.087,2430.0000,233204,0,0.0000,0.0000,0,0,空换,S,2430.0000,0.0000,0.0000,0.0000,0.0000,2431.0000,0.0000,0.0000,0.0000,0.0000,21,0,0,0,0,75,0,0,0,0
zc,WS209,2012-06-11 09:06:36.787,2430.0000,233204,0,0.0000,2.0000,1,1,空换,S,2430.0000,0.0000,0.0000,0.0000,0.0000,2431.0000,0.0000,0.0000,0.0000,0.0000,20,0,0,0,0,75,0,0,0,0
zc,WS209,2012-06-11 09:06:38.273,2429.0000,233208,4,0.0000,64.0000,34,30,空开,S,2429.0000,0.0000,0.0000,0.0000,0.0000,2431.0000,0.0000,0.0000,0.0000,0.0000,8,0,0,0,0,65,0,0,0,0
zc,WS209,2012-06-11 09:06:39.037,2429.0000,233208,0,0.0000,0.0000,0,0,空换,S,2429.0000,0.0000,0.0000,0.0000,0.0000,2430.0000,0.0000,0.0000,0.0000,0.0000,9,0,0,0,0,2,0,0,0,0
zc,WS209,2012-06-11 09:06:39.570,2429.0000,233208,0,0.0000,0.0000,0,0,空换,S,2429.0000,0.0000,0.0000,0.0000,0.0000,2430.0000,0.0000,0.0000,0.0000,0.0000,30,0,0,0,0,2,0,0,0,0
zc,WS209,2012-06-11 09:06:40.303,2429.0000,233208,0,0.0000,4.0000,2,2,空换,S,2429.0000,0.0000,0.0000,0.0000,0.0000,2430.0000,0.0000,0.0000,0.0000,0.0000,28,0,0,0,0,8,0,0,0,0
zc,WS209,2012-06-11 09:06:40.837,2429.0000,233208,0,0.0000,0.0000,0,0,空换,S,2429.0000,0.0000,0.0000,0.0000,0.0000,2430.0000,0.0000,0.0000,0.0000,0.0000,28,0,0,0,0,9,0,0,0,0
zc,WS209,2012-06-11 09:06:41.553,2429.0000,233208,0,0.0000,0.0000,0,0,空换,S,2429.0000,0.0000,0.0000,0.0000,0.0000,2430.0000,0.0000,0.0000,0.0000,0.0000,28,0,0,0,0,12,0,0,0,0
zc,WS209,2012-06-11 09:06:42.240,2429.0000,233208,0,0.0000,0.0000,0,0,空换,S,2429.0000,0.0000,0.0000,0.0000,0.0000,2430.0000,0.0000,0.0000,0.0000,0.0000,28,0,0,0,0,14,0,0,0,0
zc,WS209,2012-06-11 09:06:42.773,2429.0000,233208,0,0.0000,0.0000,0,0,空换,S,2429.0000,0.0000,0.0000,0.0000,0.0000,2430.0000,0.0000,0.0000,0.0000,0.0000,28,0,0,0,0,15,0,0,0,0
zc,WS209,2012-06-11 09:06:43.287,2429.0000,233210,2,0.0000,2.0000,2,0,双开,S,2429.0000,0.0000,0.0000,0.0000,0.0000,2430.0000,0.0000,0.0000,0.0000,0.0000,27,0,0,0,0,17,0,0,0,0
zc,WS209,2012-06-11 09:06:44.037,2430.0000,233218,8,0.0000,36.0000,22,14,多开,B,2430.0000,0.0000,0.0000,0.0000,0.0000,2431.0000,0.0000,0.0000,0.0000,0.0000,7,0,0,0,0,71,0,0,0,0
zc,WS209,2012-06-11 09:06:44.570,2430.0000,233218,0,0.0000,2.0000,1,1,多换,B,2430.0000,0.0000,0.0000,0.0000,0.0000,2431.0000,0.0000,0.0000,0.0000,0.0000,6,0,0,0,0,71,0,0,0,0
zc,WS209,2012-06-11 09:06:45.007,2430.0000,233218,0,0.0000,2.0000,1,1,多换,B,2430.0000,0.0000,0.0000,0.0000,0.0000,2431.0000,0.0000,0.0000,0.0000,0.0000,6,0,0,0,0,71,0,0,0,0
zc,WS209,2012-06-11 09:06:46.523,2430.0000,233220,2,0.0000,2.0000,2,0,双开,B,2430.0000,0.0000,0.0000,0.0000,0.0000,2431.0000,0.0000,0.0000,0.0000,0.0000,5,0,0,0,0,71,0,0,0,0
zc,WS209,2012-06-11 09:06:47.037,2430.0000,233220,0,0.0000,0.0000,0,0,多换,B,2430.0000,0.0000,0.0000,0.0000,0.0000,2431.0000,0.0000,0.0000,0.0000,0.0000,5,0,0,0,0,70,0,0,0,0
