市场代码,合约代码,时间,最新,持仓,增仓,成交额,成交量,开仓,平仓,成交类型,方向,买一价,买二价,买三价,买四价,买五价,卖一价,卖二价,卖三价,卖四价,卖五价,买一量,买二量,买三量,买四量,买五量,卖一量,卖二量,卖三量,卖四量,卖五量
zc,WS301,2012-06-11 07:48:01.147,0.0000,448190,0,0.0000,0.0000,0,0,空换,S,0.0000,0.0000,0.0000,0.0000,0.0000,0.0000,0.0000,0.0000,0.0000,0.0000,0,0,0,0,0,0,0,0,0,0
zc,WS301,2012-06-11 07:50:01.147,0.0000,448190,0,0.0000,0.0000,0,0,空换,S,0.0000,0.0000,0.0000,0.0000,0.0000,0.0000,0.0000,0.0000,0.0000,0.0000,0,0,0,0,0,0,0,0,0,0
zc,WS301,2012-06-11 07:55:01.133,0.0000,448190,0,0.0000,0.0000,0,0,空换,S,0.0000,0.0000,0.0000,0.0000,0.0000,0.0000,0.0000,0.0000,0.0000,0.0000,0,0,0,0,0,0,0,0,0,0
zc,WS301,2012-06-11 08:00:01.147,0.0000,448190,0,0.0000,0.0000,0,0,空换,S,0.0000,0.0000,0.0000,0.0000,0.0000,0.0000,0.0000,0.0000,0.0000,0.0000,0,0,0,0,0,0,0,0,0,0
zc,WS301,2012-06-11 08:03:01.147,0.0000,448190,0,0.0000,0.0000,0,0,空换,S,0.0000,0.0000,0.0000,0.0000,0.0000,0.0000,0.0000,0.0000,0.0000,0.0000,0,0,0,0,0,0,0,0,0,0
zc,WS301,2012-06-11 08:11:01.133,0.0000,448190,0,0.0000,0.0000,0,0,空换,S,0.0000,0.0000,0.0000,0.0000,0.0000,0.0000,0.0000,0.0000,0.0000,0.0000,0,0,0,0,0,0,0,0,0,0
zc,WS301,2012-06-11 08:21:01.117,0.0000,448190,0,0.0000,0.0000,0,0,空换,S,0.0000,0.0000,0.0000,0.0000,0.0000,0.0000,0.0000,0.0000,0.0000,0.0000,0,0,0,0,0,0,0,0,0,0
zc,WS301,2012-06-11 08:31:02.447,0.0000,448190,0,0.0000,0.0000,0,0,空换,S,0.0000,0.0000,0.0000,0.0000,0.0000,0.0000,0.0000,0.0000,0.0000,0.0000,0,0,0,0,0,0,0,0,0,0
zc,WS301,2012-06-11 08:43:02.460,0.0000,448190,0,0.0000,0.0000,0,0,空换,S,0.0000,0.0000,0.0000,0.0000,0.0000,0.0000,0.0000,0.0000,0.0000,0.0000,0,0,0,0,0,0,0,0,0,0
zc,WS301,2012-06-11 08:51:02.460,0.0000,448190,0,0.0000,0.0000,0,0,空换,S,0.0000,0.0000,0.0000,0.0000,0.0000,0.0000,0.0000,0.0000,0.0000,0.0000,0,0,0,0,0,0,0,0,0,0
zc,WS301,2012-06-11 08:55:01.227,0.0000,448190,0,0.0000,0.0000,0,0,空换,S,0.0000,0.0000,0.0000,0.0000,0.0000,0.0000,0.0000,0.0000,0.0000,0.0000,0,0,0,0,0,0,0,0,0,0
zc,WS301,2012-06-11 08:55:02.007,0.0000,448190,0,0.0000,0.0000,0,0,空换,S,0.0000,0.0000,0.0000,0.0000,0.0000,0.0000,0.0000,0.0000,0.0000,0.0000,0,0,0,0,0,0,0,0,0,0
zc,WS301,2012-06-11 08:55:03.710,0.0000,448190,0,0.0000,0.0000,0,0,空换,S,0.0000,0.0000,0.0000,0.0000,0.0000,0.0000,0.0000,0.0000,0.0000,0.0000,0,0,0,0,0,0,0,0,0,0
zc,WS301,2012-06-11 08:55:05.197,0.0000,448190,0,0.0000,0.0000,0,0,空换,S,0.0000,0.0000,0.0000,0.0000,0.0000,0.0000,0.0000,0.0000,0.0000,0.0000,0,0,0,0,0,0,0,0,0,0
zc,WS301,2012-06-11 08:55:12.430,0.0000,448190,0,0.0000,0.0000,0,0,空换,S,0.0000,0.0000,0.0000,0.0000,0.0000,0.0000,0.0000,0.0000,0.0000,0.0000,0,0,0,0,0,0,0,0,0,0
zc,WS301,2012-06-11 08:56:17.447,0.0000,448190,0,0.0000,0.0000,0,0,空换,S,0.0000,0.0000,0.0000,0.0000,0.0000,0.0000,0.0000,0.0000,0.0000,0.0000,0,0,0,0,0,0,0,0,0,0
zc,WS301,2012-06-11 08:57:09.930,0.0000,448190,0,0.0000,0.0000,0,0,空换,S,0.0000,0.0000,0.0000,0.0000,0.0000,0.0000,0.0000,0.0000,0.0000,0.0000,0,0,0,0,0,0,0,0,0,0
zc,WS301,2012-06-11 08:57:49.180,0.0000,448190,0,0.0000,0.0000,0,0,空换,S,0.0000,0.0000,0.0000,0.0000,0.0000,0.0000,0.0000,0.0000,0.0000,0.0000,0,0,0,0,0,0,0,0,0,0
zc,WS301,2012-06-11 08:57:59.197,0.0000,448190,0,0.0000,0.0000,0,0,空换,S,0.0000,0.0000,0.0000,0.0000,0.0000,0.0000,0.0000,0.0000,0.0000,0.0000,0,0,0,0,0,0,0,0,0,0
zc,WS301,2012-06-11 08:58:15.430,0.0000,448190,0,0.0000,0.0000,0,0,空换,S,0.0000,0.0000,0.0000,0.0000,0.0000,0.0000,0.0000,0.0000,0.0000,0.0000,0,0,0,0,0,0,0,0,0,0
zc,WS301,2012-06-11 08:58:18.180,0.0000,448190,0,0.0000,0.0000,0,0,空换,S,0.0000,0.0000,0.0000,0.0000,0.0000,0.0000,0.0000,0.0000,0.0000,0.0000,0,0,0,0,0,0,0,0,0,0
zc,WS301,2012-06-11 08:58:18.680,0.0000,448190,0,0.0000,0.0000,0,0,空换,S,0.0000,0.0000,0.0000,0.0000,0.0000,0.0000,0.0000,0.0000,0.0000,0.0000,0,0,0,0,0,0,0,0,0,0
zc,WS301,2012-06-11 08:58:19.697,0.0000,448190,0,0.0000,0.0000,0,0,空换,S,0.0000,0.0000,0.0000,0.0000,0.0000,0.0000,0.0000,0.0000,0.0000,0.0000,0,0,0,0,0,0,0,0,0,0
zc,WS301,2012-06-11 08:58:20.180,0.0000,448190,0,0.0000,0.0000,0,0,空换,S,0.0000,0.0000,0.0000,0.0000,0.0000,0.0000,0.0000,0.0000,0.0000,0.0000,0,0,0,0,0,0,0,0,0,0
zc,WS301,2012-06-11 08:58:24.947,0.0000,448190,0,0.0000,0.0000,0,0,空换,S,0.0000,0.0000,0.0000,0.0000,0.0000,0.0000,0.0000,0.0000,0.0000,0.0000,0,0,0,0,0,0,0,0,0,0
zc,WS301,2012-06-11 08:58:31.180,0.0000,448190,0,0.0000,0.0000,0,0,空换,S,0.0000,0.0000,0.0000,0.0000,0.0000,0.0000,0.0000,0.0000,0.0000,0.0000,0,0,0,0,0,0,0,0,0,0
zc,WS301,2012-06-11 09:00:01.100,2525.0000,448360,170,0.0000,1070.0000,620,450,多开,B,2524.0000,0.0000,0.0000,0.0000,0.0000,2525.0000,0.0000,0.0000,0.0000,0.0000,169,0,0,0,0,34,0,0,0,0
zc,WS301,2012-06-11 09:00:05.447,2525.0000,448412,52,0.0000,1594.0000,823,771,多开,B,2525.0000,0.0000,0.0000,0.0000,0.0000,2527.0000,0.0000,0.0000,0.0000,0.0000,38,0,0,0,0,1,0,0,0,0
zc,WS301,2012-06-11 09:00:05.913,2528.0000,448408,-4,0.0000,6.0000,1,5,空平,B,2527.0000,0.0000,0.0000,0.0000,0.0000,2528.0000,0.0000,0.0000,0.0000,0.0000,50,0,0,0,0,228,0,0,0,0
zc,WS301,2012-06-11 09:00:06.647,2527.0000,448408,0,0.0000,60.0000,30,30,空换,S,2527.0000,0.0000,0.0000,0.0000,0.0000,2528.0000,0.0000,0.0000,0.0000,0.0000,43,0,0,0,0,206,0,0,0,0
zc,WS301,2012-06-11 09:00:07.117,2527.0000,448400,-8,0.0000,14.0000,3,11,多平,S,2527.0000,0.0000,0.0000,0.0000,0.0000,2528.0000,0.0000,0.0000,0.0000,0.0000,40,0,0,0,0,201,0,0,0,0
zc,WS301,2012-06-11 09:00:08.147,2527.0000,448412,12,0.0000,50.0000,31,19,空开,S,2527.0000,0.0000,0.0000,0.0000,0.0000,2528.0000,0.0000,0.0000,0.0000,0.0000,16,0,0,0,0,189,0,0,0,0
zc,WS301,2012-06-11 09:00:08.617,2527.0000,448398,-14,0.0000,62.0000,24,38,多平,S,2527.0000,0.0000,0.0000,0.0000,0.0000,2528.0000,0.0000,0.0000,0.0000,0.0000,5,0,0,0,0,202,0,0,0,0
zc,WS301,2012-06-11 09:00:09.133,2527.0000,448398,0,0.0000,28.0000,14,14,空换,S,2525.0000,0.0000,0.0000,0.0000,0.0000,2527.0000,0.0000,0.0000,0.0000,0.0000,60,0,0,0,0,10,0,0,0,0
zc,WS301,2012-06-11 09:00:09.883,2527.0000,448398,0,0.0000,2.0000,1,1,空换,S,2525.0000,0.0000,0.0000,0.0000,0.0000,2527.0000,0.0000,0.0000,0.0000,0.0000,61,0,0,0,0,50,0,0,0,0
zc,WS301,2012-06-11 09:00:10.617,2527.0000,448398,0,0.0000,2.0000,1,1,空换,S,2525.0000,0.0000,0.0000,0.0000,0.0000,2527.0000,0.0000,0.0000,0.0000,0.0000,61,0,0,0,0,68,0,0,0,0
zc,WS301,2012-06-11 09:00:11.117,2527.0000,448398,0,0.0000,10.0000,5,5,空换,S,2525.0000,0.0000,0.0000,0.0000,0.0000,2527.0000,0.0000,0.0000,0.0000,0.0000,59,0,0,0,0,70,0,0,0,0
zc,WS301,2012-06-11 09:00:12.147,2527.0000,448388,-10,0.0000,12.0000,1,11,多平,S,2525.0000,0.0000,0.0000,0.0000,0.0000,2527.0000,0.0000,0.0000,0.0000,0.0000,55,0,0,0,0,73,0,0,0,0
zc,WS301,2012-06-11 09:00:12.617,2527.0000,448386,-2,0.0000,2.0000,0,2,双平,S,2526.0000,0.0000,0.0000,0.0000,0.0000,2527.0000,0.0000,0.0000,0.0000,0.0000,40,0,0,0,0,76,0,0,0,0
zc,WS301,2012-06-11 09:00:13.367,2526.0000,448382,-4,0.0000,6.0000,1,5,多平,S,2526.0000,0.0000,0.0000,0.0000,0.0000,2527.0000,0.0000,0.0000,0.0000,0.0000,39,0,0,0,0,77,0,0,0,0
zc,WS301,2012-06-11 09:00:13.867,2527.0000,448382,0,0.0000,22.0000,11,11,多换,B,2526.0000,0.0000,0.0000,0.0000,0.0000,2527.0000,0.0000,0.0000,0.0000,0.0000,39,0,0,0,0,65,0,0,0,0
zc,WS301,2012-06-11 09:00:14.587,2527.0000,448382,0,0.0000,8.0000,4,4,多换,B,2526.0000,0.0000,0.0000,0.0000,0.0000,2527.0000,0.0000,0.0000,0.0000,0.0000,39,0,0,0,0,62,0,0,0,0
zc,WS301,2012-06-11 09:00:15.053,2526.0000,448382,0,0.0000,10.0000,5,5,空换,S,2526.0000,0.0000,0.0000,0.0000,0.0000,2527.0000,0.0000,0.0000,0.0000,0.0000,40,0,0,0,0,73,0,0,0,0
zc,WS301,2012-06-11 09:00:15.600,2527.0000,448380,-2,0.0000,36.0000,17,19,空平,B,2526.0000,0.0000,0.0000,0.0000,0.0000,2527.0000,0.0000,0.0000,0.0000,0.0000,39,0,0,0,0,61,0,0,0,0
zc,WS301,2012-06-11 09:00:16.413,2526.0000,448390,10,0.0000,42.0000,26,16,空开,S,2526.0000,0.0000,0.0000,0.0000,0.0000,2527.0000,0.0000,0.0000,0.0000,0.0000,20,0,0,0,0,65,0,0,0,0
zc,WS301,2012-06-11 09:00:17.163,2526.0000,448390,0,0.0000,48.0000,24,24,空换,S,2526.0000,0.0000,0.0000,0.0000,0.0000,2527.0000,0.0000,0.0000,0.0000,0.0000,4,0,0,0,0,66,0,0,0,0
zc,WS301,2012-06-11 09:00:17.883,2525.0000,448380,-10,0.0000,224.0000,107,117,多平,S,2524.0000,0.0000,0.0000,0.0000,0.0000,2525.0000,0.0000,0.0000,0.0000,0.0000,23,0,0,0,0,227,0,0,0,0
zc,WS301,2012-06-11 09:00:18.600,2525.0000,448380,0,0.0000,32.0000,16,16,空换,S,2524.0000,0.0000,0.0000,0.0000,0.0000,2525.0000,0.0000,0.0000,0.0000,0.0000,22,0,0,0,0,211,0,0,0,0
zc,WS301,2012-06-11 09:00:19.100,2525.0000,448380,0,0.0000,66.0000,33,33,空换,S,2524.0000,0.0000,0.0000,0.0000,0.0000,2525.0000,0.0000,0.0000,0.0000,0.0000,21,0,0,0,0,178,0,0,0,0
zc,WS301,2012-06-11 09:00:19.867,2525.0000,448370,-10,0.0000,26.0000,8,18,多平,S,2524.0000,0.0000,0.0000,0.0000,0.0000,2525.0000,0.0000,0.0000,0.0000,0.0000,14,0,0,0,0,170,0,0,0,0
zc,WS301,2012-06-11 09:00:20.587,2525.0000,448370,0,0.0000,4.0000,2,2,空换,S,2524.0000,0.0000,0.0000,0.0000,0.0000,2525.0000,0.0000,0.0000,0.0000,0.0000,12,0,0,0,0,168,0,0,0,0
zc,WS301,2012-06-11 09:00:21.413,2525.0000,448370,0,0.0000,200.0000,100,100,空换,S,2524.0000,0.0000,0.0000,0.0000,0.0000,2525.0000,0.0000,0.0000,0.0000,0.0000,8,0,0,0,0,68,0,0,0,0
zc,WS301,2012-06-11 09:00:21.850,2524.0000,448362,-8,0.0000,20.0000,6,14,多平,S,2524.0000,0.0000,0.0000,0.0000,0.0000,2525.0000,0.0000,0.0000,0.0000,0.0000,13,0,0,0,0,64,0,0,0,0
zc,WS301,2012-06-11 09:00:22.553,2525.0000,448362,0,0.0000,50.0000,25,25,多换,B,2524.0000,0.0000,0.0000,0.0000,0.0000,2525.0000,0.0000,0.0000,0.0000,0.0000,8,0,0,0,0,44,0,0,0,0
zc,WS301,2012-06-11 09:00:23.100,2524.0000,448274,-88,0.0000,106.0000,9,97,多平,S,2523.0000,0.0000,0.0000,0.0000,0.0000,2524.0000,0.0000,0.0000,0.0000,0.0000,3,0,0,0,0,26,0,0,0,0
zc,WS301,2012-06-11 09:00:23.600,2524.0000,448274,0,0.0000,28.0000,14,14,空换,S,2523.0000,0.0000,0.0000,0.0000,0.0000,2524.0000,0.0000,0.0000,0.0000,0.0000,3,0,0,0,0,18,0,0,0,0
zc,WS301,2012-06-11 09:00:24.337,2524.0000,448274,0,0.0000,8.0000,4,4,空换,S,2523.0000,0.0000,0.0000,0.0000,0.0000,2524.0000,0.0000,0.0000,0.0000,0.0000,12,0,0,0,0,13,0,0,0,0
zc,WS301,2012-06-11 09:00:24.773,2524.0000,448272,-2,0.0000,6.0000,2,4,多平,S,2523.0000,0.0000,0.0000,0.0000,0.0000,2524.0000,0.0000,0.0000,0.0000,0.0000,14,0,0,0,0,14,0,0,0,0
zc,WS301,2012-06-11 09:00:25.320,2524.0000,448230,-42,0.0000,56.0000,7,49,多平,S,2524.0000,0.0000,0.0000,0.0000,0.0000,2525.0000,0.0000,0.0000,0.0000,0.0000,79,0,0,0,0,26,0,0,0,0
zc,WS301,2012-06-11 09:00:25.850,2525.0000,448198,-32,0.0000,34.0000,1,33,空平,B,2524.0000,0.0000,0.0000,0.0000,0.0000,2525.0000,0.0000,0.0000,0.0000,0.0000,65,0,0,0,0,24,0,0,0,0
zc,WS301,2012-06-11 09:00:26.897,2523.0000,448072,-126,0.0000,156.0000,15,141,多平,S,2522.0000,0.0000,0.0000,0.0000,0.0000,2523.0000,0.0000,0.0000,0.0000,0.0000,290,0,0,0,0,33,0,0,0,0
zc,WS301,2012-06-11 09:00:27.337,2523.0000,448072,0,0.0000,10.0000,5,5,空换,S,2522.0000,0.0000,0.0000,0.0000,0.0000,2523.0000,0.0000,0.0000,0.0000,0.0000,299,0,0,0,0,28,0,0,0,0
zc,WS301,2012-06-11 09:00:28.133,2524.0000,448076,4,0.0000,96.0000,50,46,多开,B,2523.0000,0.0000,0.0000,0.0000,0.0000,2524.0000,0.0000,0.0000,0.0000,0.0000,88,0,0,0,0,20,0,0,0,0
zc,WS301,2012-06-11 09:00:29.100,2524.0000,448058,-18,0.0000,18.0000,0,18,双平,B,2523.0000,0.0000,0.0000,0.0000,0.0000,2524.0000,0.0000,0.0000,0.0000,0.0000,12,0,0,0,0,11,0,0,0,0
zc,WS301,2012-06-11 09:00:29.600,2523.0000,448062,4,0.0000,6.0000,5,1,空开,S,2523.0000,0.0000,0.0000,0.0000,0.0000,2524.0000,0.0000,0.0000,0.0000,0.0000,15,0,0,0,0,10,0,0,0,0
zc,WS301,2012-06-11 09:00:30.070,2523.0000,448062,0,0.0000,64.0000,32,32,空换,S,2523.0000,0.0000,0.0000,0.0000,0.0000,2524.0000,0.0000,0.0000,0.0000,0.0000,27,0,0,0,0,28,0,0,0,0
zc,WS301,2012-06-11 09:00:30.867,2524.0000,448062,0,0.0000,6.0000,3,3,多换,B,2523.0000,0.0000,0.0000,0.0000,0.0000,2524.0000,0.0000,0.0000,0.0000,0.0000,34,0,0,0,0,27,0,0,0,0
zc,WS301,2012-06-11 09:00:31.633,2523.0000,448058,-4,0.0000,72.0000,34,38,多平,S,2522.0000,0.0000,0.0000,0.0000,0.0000,2523.0000,0.0000,0.0000,0.0000,0.0000,290,0,0,0,0,20,0,0,0,0
zc,WS301,2012-06-11 09:00:32.070,2523.0000,448058,0,0.0000,2.0000,1,1,空换,S,2522.0000,0.0000,0.0000,0.0000,0.0000,2523.0000,0.0000,0.0000,0.0000,0.0000,302,0,0,0,0,19,0,0,0,0
zc,WS301,2012-06-11 09:00:32.850,2523.0000,448058,0,0.0000,4.0000,2,2,空换,S,2522.0000,0.0000,0.0000,0.0000,0.0000,2523.0000,0.0000,0.0000,0.0000,0.0000,305,0,0,0,0,21,0,0,0,0
zc,WS301,2012-06-11 09:00:33.303,2523.0000,448056,-2,0.0000,16.0000,7,9,多平,S,2522.0000,0.0000,0.0000,0.0000,0.0000,2523.0000,0.0000,0.0000,0.0000,0.0000,294,0,0,0,0,13,0,0,0,0
zc,WS301,2012-06-11 09:00:34.053,2522.0000,448056,0,0.0000,14.0000,7,7,空换,S,2522.0000,0.0000,0.0000,0.0000,0.0000,2523.0000,0.0000,0.0000,0.0000,0.0000,291,0,0,0,0,9,0,0,0,0
zc,WS301,2012-06-11 09:00:34.787,2522.0000,448058,2,0.0000,14.0000,8,6,空开,S,2522.0000,0.0000,0.0000,0.0000,0.0000,2523.0000,0.0000,0.0000,0.0000,0.0000,285,0,0,0,0,8,0,0,0,0
zc,WS301,2012-06-11 09:00:35.350,2522.0000,448058,0,0.0000,0.0000,0,0,空换,S,2522.0000,0.0000,0.0000,0.0000,0.0000,2523.0000,0.0000,0.0000,0.0000,0.0000,287,0,0,0,0,10,0,0,0,0
zc,WS301,2012-06-11 09:00:36.180,2524.0000,448058,0,0.0000,48.0000,24,24,多换,B,2523.0000,0.0000,0.0000,0.0000,0.0000,2524.0000,0.0000,0.0000,0.0000,0.0000,31,0,0,0,0,158,0,0,0,0
zc,WS301,2012-06-11 09:00:36.867,2523.0000,448060,2,0.0000,18.0000,10,8,空开,S,2523.0000,0.0000,0.0000,0.0000,0.0000,2524.0000,0.0000,0.0000,0.0000,0.0000,26,0,0,0,0,156,0,0,0,0
zc,WS301,2012-06-11 09:00:37.350,2523.0000,448064,4,0.0000,14.0000,9,5,空开,S,2523.0000,0.0000,0.0000,0.0000,0.0000,2524.0000,0.0000,0.0000,0.0000,0.0000,20,0,0,0,0,164,0,0,0,0
zc,WS301,2012-06-11 09:00:38.257,2523.0000,448100,36,0.0000,120.0000,78,42,空开,S,2523.0000,0.0000,0.0000,0.0000,0.0000,2524.0000,0.0000,0.0000,0.0000,0.0000,1,0,0,0,0,134,0,0,0,0
zc,WS301,2012-06-11 09:00:38.787,2523.0000,448100,0,0.0000,0.0000,0,0,空换,S,2523.0000,0.0000,0.0000,0.0000,0.0000,2524.0000,0.0000,0.0000,0.0000,0.0000,2,0,0,0,0,134,0,0,0,0
zc,WS301,2012-06-11 09:00:39.867,2523.0000,448134,34,0.0000,62.0000,48,14,空开,S,2522.0000,0.0000,0.0000,0.0000,0.0000,2523.0000,0.0000,0.0000,0.0000,0.0000,258,0,0,0,0,26,0,0,0,0
zc,WS301,2012-06-11 09:00:40.600,2523.0000,448134,0,0.0000,6.0000,3,3,空换,S,2522.0000,0.0000,0.0000,0.0000,0.0000,2523.0000,0.0000,0.0000,0.0000,0.0000,267,0,0,0,0,75,0,0,0,0
zc,WS301,2012-06-11 09:00:41.303,2523.0000,448134,0,0.0000,24.0000,12,12,空换,S,2522.0000,0.0000,0.0000,0.0000,0.0000,2523.0000,0.0000,0.0000,0.0000,0.0000,269,0,0,0,0,60,0,0,0,0
zc,WS301,2012-06-11 09:00:41.883,2523.0000,448132,-2,0.0000,56.0000,27,29,多平,S,2522.0000,0.0000,0.0000,0.0000,0.0000,2523.0000,0.0000,0.0000,0.0000,0.0000,243,0,0,0,0,44,0,0,0,0
zc,WS301,2012-06-11 09:00:42.587,2523.0000,448148,16,0.0000,90.0000,53,37,空开,S,2523.0000,0.0000,0.0000,0.0000,0.0000,2524.0000,0.0000,0.0000,0.0000,0.0000,6,0,0,0,0,137,0,0,0,0
zc,WS301,2012-06-11 09:00:43.367,2523.0000,448150,2,0.0000,16.0000,9,7,空开,S,2523.0000,0.0000,0.0000,0.0000,0.0000,2524.0000,0.0000,0.0000,0.0000,0.0000,5,0,0,0,0,138,0,0,0,0
zc,WS301,2012-06-11 09:00:43.850,2522.0000,448160,10,0.0000,32.0000,21,11,空开,S,2522.0000,0.0000,0.0000,0.0000,0.0000,2523.0000,0.0000,0.0000,0.0000,0.0000,234,0,0,0,0,47,0,0,0,0
zc,WS301,2012-06-11 09:00:44.287,2522.0000,448160,0,0.0000,4.0000,2,2,空换,S,2522.0000,0.0000,0.0000,0.0000,0.0000,2523.0000,0.0000,0.0000,0.0000,0.0000,233,0,0,0,0,47,0,0,0,0
zc,WS301,2012-06-11 09:00:45.367,2523.0000,448166,6,0.0000,6.0000,6,0,双开,B,2522.0000,0.0000,0.0000,0.0000,0.0000,2523.0000,0.0000,0.0000,0.0000,0.0000,236,0,0,0,0,44,0,0,0,0
zc,WS301,2012-06-11 09:00:45.837,2523.0000,448156,-10,0.0000,22.0000,6,16,空平,B,2522.0000,0.0000,0.0000,0.0000,0.0000,2523.0000,0.0000,0.0000,0.0000,0.0000,229,0,0,0,0,35,0,0,0,0
zc,WS301,2012-06-11 09:00:46.587,2523.0000,448174,18,0.0000,24.0000,21,3,多开,B,2522.0000,0.0000,0.0000,0.0000,0.0000,2523.0000,0.0000,0.0000,0.0000,0.0000,219,0,0,0,0,24,0,0,0,0
zc,WS301,2012-06-11 09:00:47.117,2523.0000,448174,0,0.0000,0.0000,0,0,多换,B,2522.0000,0.0000,0.0000,0.0000,0.0000,2523.0000,0.0000,0.0000,0.0000,0.0000,209,0,0,0,0,24,0,0,0,0
zc,WS301,2012-06-11 09:00:47.837,2523.0000,448174,0,0.0000,6.0000,3,3,多换,B,2522.0000,0.0000,0.0000,0.0000,0.0000,2523.0000,0.0000,0.0000,0.0000,0.0000,207,0,0,0,0,32,0,0,0,0
zc,WS301,2012-06-11 09:00:48.367,2522.0000,448174,0,0.0000,18.0000,9,9,空换,S,2522.0000,0.0000,0.0000,0.0000,0.0000,2523.0000,0.0000,0.0000,0.0000,0.0000,198,0,0,0,0,33,0,0,0,0
zc,WS301,2012-06-11 09:00:49.100,2522.0000,448174,0,0.0000,94.0000,47,47,空换,S,2522.0000,0.0000,0.0000,0.0000,0.0000,2523.0000,0.0000,0.0000,0.0000,0.0000,154,0,0,0,0,34,0,0,0,0
zc,WS301,2012-06-11 09:00:49.617,2522.0000,448474,300,0.0000,310.0000,305,5,空开,S,2522.0000,0.0000,0.0000,0.0000,0.0000,2523.0000,0.0000,0.0000,0.0000,0.0000,17,0,0,0,0,66,0,0,0,0
zc,WS301,2012-06-11 09:00:50.350,2522.0000,448474,0,0.0000,14.0000,7,7,空换,S,2522.0000,0.0000,0.0000,0.0000,0.0000,2523.0000,0.0000,0.0000,0.0000,0.0000,16,0,0,0,0,66,0,0,0,0
zc,WS301,2012-06-11 09:00:51.570,2522.0000,448482,8,0.0000,20.0000,14,6,空开,S,2522.0000,0.0000,0.0000,0.0000,0.0000,2523.0000,0.0000,0.0000,0.0000,0.0000,7,0,0,0,0,66,0,0,0,0
zc,WS301,2012-06-11 09:00:52.070,2522.0000,448478,-4,0.0000,22.0000,9,13,多平,S,2521.0000,0.0000,0.0000,0.0000,0.0000,2522.0000,0.0000,0.0000,0.0000,0.0000,314,0,0,0,0,6,0,0,0,0
zc,WS301,2012-06-11 09:00:52.883,2522.0000,448484,6,0.0000,6.0000,6,0,双开,S,2521.0000,0.0000,0.0000,0.0000,0.0000,2522.0000,0.0000,0.0000,0.0000,0.0000,324,0,0,0,0,117,0,0,0,0
zc,WS301,2012-06-11 09:00:53.633,2522.0000,448484,0,0.0000,4.0000,2,2,空换,S,2521.0000,0.0000,0.0000,0.0000,0.0000,2522.0000,0.0000,0.0000,0.0000,0.0000,361,0,0,0,0,116,0,0,0,0
zc,WS301,2012-06-11 09:00:54.337,2522.0000,448484,0,0.0000,0.0000,0,0,空换,S,2521.0000,0.0000,0.0000,0.0000,0.0000,2522.0000,0.0000,0.0000,0.0000,0.0000,361,0,0,0,0,118,0,0,0,0
zc,WS301,2012-06-11 09:00:54.897,2521.0000,448504,20,0.0000,82.0000,51,31,空开,S,2521.0000,0.0000,0.0000,0.0000,0.0000,2522.0000,0.0000,0.0000,0.0000,0.0000,343,0,0,0,0,101,0,0,0,0
zc,WS301,2012-06-11 09:00:55.367,2522.0000,448502,-2,0.0000,212.0000,105,107,空平,B,2521.0000,0.0000,0.0000,0.0000,0.0000,2522.0000,0.0000,0.0000,0.0000,0.0000,344,0,0,0,0,26,0,0,0,0
zc,WS301,2012-06-11 09:00:55.867,2521.0000,448514,12,0.0000,18.0000,15,3,空开,S,2521.0000,0.0000,0.0000,0.0000,0.0000,2522.0000,0.0000,0.0000,0.0000,0.0000,338,0,0,0,0,24,0,0,0,0
zc,WS301,2012-06-11 09:00:56.600,2522.0000,448514,0,0.0000,18.0000,9,9,多换,B,2521.0000,0.0000,0.0000,0.0000,0.0000,2522.0000,0.0000,0.0000,0.0000,0.0000,334,0,0,0,0,22,0,0,0,0
zc,WS301,2012-06-11 09:00:57.053,2521.0000,448514,0,0.0000,40.0000,20,20,空换,S,2521.0000,0.0000,0.0000,0.0000,0.0000,2522.0000,0.0000,0.0000,0.0000,0.0000,333,0,0,0,0,15,0,0,0,0
zc,WS301,2012-06-11 09:00:58.413,2522.0000,448514,0,0.0000,36.0000,18,18,多换,B,2522.0000,0.0000,0.0000,0.0000,0.0000,2523.0000,0.0000,0.0000,0.0000,0.0000,101,0,0,0,0,97,0,0,0,0
zc,WS301,2012-06-11 09:00:59.117,2522.0000,448514,0,0.0000,8.0000,4,4,多换,B,2522.0000,0.0000,0.0000,0.0000,0.0000,2523.0000,0.0000,0.0000,0.0000,0.0000,98,0,0,0,0,96,0,0,0,0
zc,WS301,2012-06-11 09:00:59.537,2523.0000,448516,2,0.0000,44.0000,23,21,多开,B,2522.0000,0.0000,0.0000,0.0000,0.0000,2523.0000,0.0000,0.0000,0.0000,0.0000,77,0,0,0,0,96,0,0,0,0
zc,WS301,2012-06-11 09:01:00.303,2523.0000,448608,92,0.0000,240.0000,166,74,多开,B,2523.0000,0.0000,0.0000,0.0000,0.0000,2524.0000,0.0000,0.0000,0.0000,0.0000,104,0,0,0,0,139,0,0,0,0
zc,WS301,2012-06-11 09:01:01.117,2523.0000,448608,0,0.0000,38.0000,19,19,多换,B,2523.0000,0.0000,0.0000,0.0000,0.0000,2524.0000,0.0000,0.0000,0.0000,0.0000,86,0,0,0,0,138,0,0,0,0
zc,WS301,2012-06-11 09:01:01.587,2523.0000,448608,0,0.0000,2.0000,1,1,多换,B,2523.0000,0.0000,0.0000,0.0000,0.0000,2524.0000,0.0000,0.0000,0.0000,0.0000,87,0,0,0,0,166,0,0,0,0
zc,WS301,2012-06-11 09:01:03.087,2524.0000,448624,16,0.0000,178.0000,97,81,多开,B,2523.0000,0.0000,0.0000,0.0000,0.0000,2524.0000,0.0000,0.0000,0.0000,0.0000,51,0,0,0,0,114,0,0,0,0
zc,WS301,2012-06-11 09:01:03.553,2523.0000,448626,2,0.0000,10.0000,6,4,空开,S,2523.0000,0.0000,0.0000,0.0000,0.0000,2524.0000,0.0000,0.0000,0.0000,0.0000,48,0,0,0,0,112,0,0,0,0
zc,WS301,2012-06-11 09:01:04.070,2524.0000,448606,-20,0.0000,40.0000,10,30,空平,B,2523.0000,0.0000,0.0000,0.0000,0.0000,2524.0000,0.0000,0.0000,0.0000,0.0000,50,0,0,0,0,75,0,0,0,0
zc,WS301,2012-06-11 09:01:04.850,2523.0000,448612,6,0.0000,10.0000,8,2,空开,S,2523.0000,0.0000,0.0000,0.0000,0.0000,2524.0000,0.0000,0.0000,0.0000,0.0000,47,0,0,0,0,74,0,0,0,0
zc,WS301,2012-06-11 09:01:05.337,2523.0000,448614,2,0.0000,40.0000,21,19,空开,S,2523.0000,0.0000,0.0000,0.0000,0.0000,2524.0000,0.0000,0.0000,0.0000,0.0000,40,0,0,0,0,66,0,0,0,0
zc,WS301,2012-06-11 09:01:06.133,2523.0000,448620,6,0.0000,40.0000,23,17,空开,S,2523.0000,0.0000,0.0000,0.0000,0.0000,2524.0000,0.0000,0.0000,0.0000,0.0000,47,0,0,0,0,49,0,0,0,0
zc,WS301,2012-06-11 09:01:06.553,2524.0000,448620,0,0.0000,40.0000,20,20,多换,B,2523.0000,0.0000,0.0000,0.0000,0.0000,2524.0000,0.0000,0.0000,0.0000,0.0000,47,0,0,0,0,29,0,0,0,0
zc,WS301,2012-06-11 09:01:07.397,2523.0000,448620,0,0.0000,20.0000,10,10,空换,S,2523.0000,0.0000,0.0000,0.0000,0.0000,2524.0000,0.0000,0.0000,0.0000,0.0000,47,0,0,0,0,29,0,0,0,0
zc,WS301,2012-06-11 09:01:08.430,2524.0000,448620,0,0.0000,6.0000,3,3,多换,B,2523.0000,0.0000,0.0000,0.0000,0.0000,2524.0000,0.0000,0.0000,0.0000,0.0000,47,0,0,0,0,31,0,0,0,0
zc,WS301,2012-06-11 09:01:08.897,2523.0000,448622,2,0.0000,14.0000,8,6,空开,S,2523.0000,0.0000,0.0000,0.0000,0.0000,2524.0000,0.0000,0.0000,0.0000,0.0000,43,0,0,0,0,30,0,0,0,0
zc,WS301,2012-06-11 09:01:09.553,2524.0000,448644,22,0.0000,64.0000,43,21,多开,B,2524.0000,0.0000,0.0000,0.0000,0.0000,2525.0000,0.0000,0.0000,0.0000,0.0000,19,0,0,0,0,89,0,0,0,0
zc,WS301,2012-06-11 09:01:10.100,2524.0000,448646,2,0.0000,32.0000,17,15,多开,B,2524.0000,0.0000,0.0000,0.0000,0.0000,2525.0000,0.0000,0.0000,0.0000,0.0000,9,0,0,0,0,89,0,0,0,0
zc,WS301,2012-06-11 09:01:10.897,2525.0000,448650,4,0.0000,24.0000,14,10,多开,B,2524.0000,0.0000,0.0000,0.0000,0.0000,2525.0000,0.0000,0.0000,0.0000,0.0000,9,0,0,0,0,78,0,0,0,0
zc,WS301,2012-06-11 09:01:11.617,2524.0000,448652,2,0.0000,2.0000,2,0,双开,S,2524.0000,0.0000,0.0000,0.0000,0.0000,2525.0000,0.0000,0.0000,0.0000,0.0000,8,0,0,0,0,78,0,0,0,0
zc,WS301,2012-06-11 09:01:12.100,2524.0000,448652,0,0.0000,0.0000,0,0,空换,S,2524.0000,0.0000,0.0000,0.0000,0.0000,2525.0000,0.0000,0.0000,0.0000,0.0000,9,0,0,0,0,78,0,0,0,0
zc,WS301,2012-06-11 09:01:12.913,2524.0000,448676,24,0.0000,108.0000,66,42,空开,S,2524.0000,0.0000,0.0000,0.0000,0.0000,2525.0000,0.0000,0.0000,0.0000,0.0000,7,0,0,0,0,28,0,0,0,0
zc,WS301,2012-06-11 09:01:13.320,2525.0000,448678,2,0.0000,14.0000,8,6,多开,B,2524.0000,0.0000,0.0000,0.0000,0.0000,2525.0000,0.0000,0.0000,0.0000,0.0000,16,0,0,0,0,24,0,0,0,0
zc,WS301,2012-06-11 09:01:14.117,2525.0000,448678,0,0.0000,2.0000,1,1,多换,B,2524.0000,0.0000,0.0000,0.0000,0.0000,2525.0000,0.0000,0.0000,0.0000,0.0000,16,0,0,0,0,23,0,0,0,0
zc,WS301,2012-06-11 09:01:14.617,2524.0000,448678,0,0.0000,2.0000,1,1,空换,S,2524.0000,0.0000,0.0000,0.0000,0.0000,2525.0000,0.0000,0.0000,0.0000,0.0000,17,0,0,0,0,22,0,0,0,0
zc,WS301,2012-06-11 09:01:15.303,2525.0000,448680,2,0.0000,6.0000,4,2,多开,B,2524.0000,0.0000,0.0000,0.0000,0.0000,2525.0000,0.0000,0.0000,0.0000,0.0000,16,0,0,0,0,20,0,0,0,0
zc,WS301,2012-06-11 09:01:16.617,2525.0000,448646,-34,0.0000,48.0000,7,41,空平,B,2525.0000,0.0000,0.0000,0.0000,0.0000,2526.0000,0.0000,0.0000,0.0000,0.0000,134,0,0,0,0,742,0,0,0,0
zc,WS301,2012-06-11 09:01:17.087,2525.0000,448608,-38,0.0000,40.0000,1,39,空平,B,2525.0000,0.0000,0.0000,0.0000,0.0000,2526.0000,0.0000,0.0000,0.0000,0.0000,115,0,0,0,0,744,0,0,0,0
zc,WS301,2012-06-11 09:01:17.850,2525.0000,448602,-6,0.0000,26.0000,10,16,空平,B,2525.0000,0.0000,0.0000,0.0000,0.0000,2526.0000,0.0000,0.0000,0.0000,0.0000,102,0,0,0,0,744,0,0,0,0
zc,WS301,2012-06-11 09:01:18.600,2525.0000,448570,-32,0.0000,76.0000,22,54,空平,B,2525.0000,0.0000,0.0000,0.0000,0.0000,2526.0000,0.0000,0.0000,0.0000,0.0000,5,0,0,0,0,734,0,0,0,0
zc,WS301,2012-06-11 09:01:19.350,2525.0000,448586,16,0.0000,98.0000,57,41,多开,B,2524.0000,0.0000,0.0000,0.0000,0.0000,2525.0000,0.0000,0.0000,0.0000,0.0000,202,0,0,0,0,11,0,0,0,0
zc,WS301,2012-06-11 09:01:19.820,2524.0000,448592,6,0.0000,16.0000,11,5,空开,S,2524.0000,0.0000,0.0000,0.0000,0.0000,2525.0000,0.0000,0.0000,0.0000,0.0000,203,0,0,0,0,6,0,0,0,0
zc,WS301,2012-06-11 09:01:20.350,2525.0000,448592,0,0.0000,4.0000,2,2,多换,B,2524.0000,0.0000,0.0000,0.0000,0.0000,2525.0000,0.0000,0.0000,0.0000,0.0000,208,0,0,0,0,4,0,0,0,0
zc,WS301,2012-06-11 09:01:21.147,2525.0000,448546,-46,0.0000,62.0000,8,54,空平,B,2524.0000,0.0000,0.0000,0.0000,0.0000,2525.0000,0.0000,0.0000,0.0000,0.0000,208,0,0,0,0,9,0,0,0,0
zc,WS301,2012-06-11 09:01:21.587,2525.0000,448536,-10,0.0000,18.0000,4,14,空平,B,2525.0000,0.0000,0.0000,0.0000,0.0000,2526.0000,0.0000,0.0000,0.0000,0.0000,3,0,0,0,0,724,0,0,0,0
zc,WS301,2012-06-11 09:01:22.087,2525.0000,448538,2,0.0000,4.0000,3,1,多开,B,2525.0000,0.0000,0.0000,0.0000,0.0000,2526.0000,0.0000,0.0000,0.0000,0.0000,17,0,0,0,0,724,0,0,0,0
zc,WS301,2012-06-11 09:01:22.803,2526.0000,448548,10,0.0000,16.0000,13,3,多开,B,2525.0000,0.0000,0.0000,0.0000,0.0000,2526.0000,0.0000,0.0000,0.0000,0.0000,50,0,0,0,0,717,0,0,0,0
zc,WS301,2012-06-11 09:01:23.350,2525.0000,448546,-2,0.0000,2.0000,0,2,双平,S,2525.0000,0.0000,0.0000,0.0000,0.0000,2526.0000,0.0000,0.0000,0.0000,0.0000,51,0,0,0,0,721,0,0,0,0
zc,WS301,2012-06-11 09:01:23.850,2526.0000,448544,-2,0.0000,4.0000,1,3,空平,B,2525.0000,0.0000,0.0000,0.0000,0.0000,2526.0000,0.0000,0.0000,0.0000,0.0000,50,0,0,0,0,723,0,0,0,0
zc,WS301,2012-06-11 09:01:24.570,2525.0000,448528,-16,0.0000,16.0000,0,16,双平,S,2525.0000,0.0000,0.0000,0.0000,0.0000,2526.0000,0.0000,0.0000,0.0000,0.0000,42,0,0,0,0,725,0,0,0,0
zc,WS301,2012-06-11 09:01:24.883,2526.0000,448528,0,0.0000,32.0000,16,16,多换,B,2525.0000,0.0000,0.0000,0.0000,0.0000,2526.0000,0.0000,0.0000,0.0000,0.0000,53,0,0,0,0,710,0,0,0,0
zc,WS301,2012-06-11 09:01:25.850,2526.0000,448528,0,0.0000,66.0000,33,33,多换,B,2525.0000,0.0000,0.0000,0.0000,0.0000,2526.0000,0.0000,0.0000,0.0000,0.0000,64,0,0,0,0,677,0,0,0,0
zc,WS301,2012-06-11 09:01:26.367,2526.0000,448524,-4,0.0000,8.0000,2,6,空平,B,2525.0000,0.0000,0.0000,0.0000,0.0000,2526.0000,0.0000,0.0000,0.0000,0.0000,66,0,0,0,0,676,0,0,0,0
zc,WS301,2012-06-11 09:01:27.087,2526.0000,448524,0,0.0000,2.0000,1,1,多换,B,2525.0000,0.0000,0.0000,0.0000,0.0000,2526.0000,0.0000,0.0000,0.0000,0.0000,67,0,0,0,0,675,0,0,0,0
zc,WS301,2012-06-11 09:01:27.600,2525.0000,448520,-4,0.0000,4.0000,0,4,双平,S,2525.0000,0.0000,0.0000,0.0000,0.0000,2526.0000,0.0000,0.0000,0.0000,0.0000,105,0,0,0,0,675,0,0,0,0
zc,WS301,2012-06-11 09:01:28.553,2525.0000,448520,0,0.0000,0.0000,0,0,空换,S,2525.0000,0.0000,0.0000,0.0000,0.0000,2526.0000,0.0000,0.0000,0.0000,0.0000,111,0,0,0,0,675,0,0,0,0
zc,WS301,2012-06-11 09:01:29.117,2526.0000,448518,-2,0.0000,24.0000,11,13,空平,B,2525.0000,0.0000,0.0000,0.0000,0.0000,2526.0000,0.0000,0.0000,0.0000,0.0000,115,0,0,0,0,662,0,0,0,0
zc,WS301,2012-06-11 09:01:29.617,2526.0000,448518,0,0.0000,68.0000,34,34,多换,B,2525.0000,0.0000,0.0000,0.0000,0.0000,2526.0000,0.0000,0.0000,0.0000,0.0000,118,0,0,0,0,628,0,0,0,0
zc,WS301,2012-06-11 09:01:30.367,2525.0000,448530,12,0.0000,110.0000,61,49,空开,S,2525.0000,0.0000,0.0000,0.0000,0.0000,2526.0000,0.0000,0.0000,0.0000,0.0000,124,0,0,0,0,654,0,0,0,0
zc,WS301,2012-06-11 09:01:30.850,2526.0000,448530,0,0.0000,22.0000,11,11,多换,B,2525.0000,0.0000,0.0000,0.0000,0.0000,2526.0000,0.0000,0.0000,0.0000,0.0000,124,0,0,0,0,643,0,0,0,0
zc,WS301,2012-06-11 09:01:31.587,2526.0000,448376,-154,0.0000,156.0000,1,155,空平,B,2525.0000,0.0000,0.0000,0.0000,0.0000,2526.0000,0.0000,0.0000,0.0000,0.0000,119,0,0,0,0,572,0,0,0,0
zc,WS301,2012-06-11 09:01:32.367,2526.0000,448372,-4,0.0000,126.0000,61,65,空平,B,2525.0000,0.0000,0.0000,0.0000,0.0000,2526.0000,0.0000,0.0000,0.0000,0.0000,141,0,0,0,0,621,0,0,0,0
zc,WS301,2012-06-11 09:01:32.850,2525.0000,448374,2,0.0000,88.0000,45,43,空开,S,2525.0000,0.0000,0.0000,0.0000,0.0000,2526.0000,0.0000,0.0000,0.0000,0.0000,130,0,0,0,0,588,0,0,0,0
zc,WS301,2012-06-11 09:01:33.570,2525.0000,448334,-40,0.0000,46.0000,3,43,多平,S,2525.0000,0.0000,0.0000,0.0000,0.0000,2526.0000,0.0000,0.0000,0.0000,0.0000,256,0,0,0,0,568,0,0,0,0
zc,WS301,2012-06-11 09:01:34.087,2526.0000,448334,0,0.0000,2.0000,1,1,多换,B,2525.0000,0.0000,0.0000,0.0000,0.0000,2526.0000,0.0000,0.0000,0.0000,0.0000,256,0,0,0,0,568,0,0,0,0
zc,WS301,2012-06-11 09:01:34.820,2525.0000,448340,6,0.0000,10.0000,8,2,空开,S,2525.0000,0.0000,0.0000,0.0000,0.0000,2526.0000,0.0000,0.0000,0.0000,0.0000,352,0,0,0,0,568,0,0,0,0
zc,WS301,2012-06-11 09:01:35.350,2526.0000,448340,0,0.0000,826.0000,413,413,多换,B,2525.0000,0.0000,0.0000,0.0000,0.0000,2526.0000,0.0000,0.0000,0.0000,0.0000,341,0,0,0,0,165,0,0,0,0
zc,WS301,2012-06-11 09:01:36.053,2526.0000,448374,34,0.0000,334.0000,184,150,多开,B,2526.0000,0.0000,0.0000,0.0000,0.0000,2527.0000,0.0000,0.0000,0.0000,0.0000,288,0,0,0,0,153,0,0,0,0
zc,WS301,2012-06-11 09:01:36.600,2526.0000,448374,0,0.0000,4.0000,2,2,多换,B,2526.0000,0.0000,0.0000,0.0000,0.0000,2527.0000,0.0000,0.0000,0.0000,0.0000,442,0,0,0,0,157,0,0,0,0
zc,WS301,2012-06-11 09:01:37.367,2526.0000,448374,0,0.0000,0.0000,0,0,多换,B,2526.0000,0.0000,0.0000,0.0000,0.0000,2527.0000,0.0000,0.0000,0.0000,0.0000,225,0,0,0,0,160,0,0,0,0
zc,WS301,2012-06-11 09:01:38.320,2527.0000,448374,0,0.0000,354.0000,177,177,多换,B,2527.0000,0.0000,0.0000,0.0000,0.0000,2528.0000,0.0000,0.0000,0.0000,0.0000,7,0,0,0,0,184,0,0,0,0
zc,WS301,2012-06-11 09:01:39.053,2528.0000,448380,6,0.0000,18.0000,12,6,多开,B,2527.0000,0.0000,0.0000,0.0000,0.0000,2528.0000,0.0000,0.0000,0.0000,0.0000,8,0,0,0,0,176,0,0,0,0
zc,WS301,2012-06-11 09:01:39.820,2528.0000,448482,102,0.0000,124.0000,113,11,多开,B,2526.0000,0.0000,0.0000,0.0000,0.0000,2528.0000,0.0000,0.0000,0.0000,0.0000,204,0,0,0,0,172,0,0,0,0
zc,WS301,2012-06-11 09:01:40.383,2528.0000,448482,0,0.0000,0.0000,0,0,多换,B,2526.0000,0.0000,0.0000,0.0000,0.0000,2527.0000,0.0000,0.0000,0.0000,0.0000,176,0,0,0,0,11,0,0,0,0
zc,WS301,2012-06-11 09:01:40.850,2528.0000,448476,-6,0.0000,30.0000,12,18,空平,B,2527.0000,0.0000,0.0000,0.0000,0.0000,2528.0000,0.0000,0.0000,0.0000,0.0000,40,0,0,0,0,170,0,0,0,0
zc,WS301,2012-06-11 09:01:41.553,2528.0000,448476,0,0.0000,4.0000,2,2,多换,B,2527.0000,0.0000,0.0000,0.0000,0.0000,2528.0000,0.0000,0.0000,0.0000,0.0000,63,0,0,0,0,168,0,0,0,0
zc,WS301,2012-06-11 09:01:42.070,2527.0000,448480,4,0.0000,22.0000,13,9,空开,S,2527.0000,0.0000,0.0000,0.0000,0.0000,2528.0000,0.0000,0.0000,0.0000,0.0000,61,0,0,0,0,160,0,0,0,0
zc,WS301,2012-06-11 09:01:42.837,2528.0000,448480,0,0.0000,2.0000,1,1,多换,B,2527.0000,0.0000,0.0000,0.0000,0.0000,2528.0000,0.0000,0.0000,0.0000,0.0000,61,0,0,0,0,159,0,0,0,0
zc,WS301,2012-06-11 09:01:43.023,2527.0000,448478,-2,0.0000,16.0000,7,9,多平,S,2527.0000,0.0000,0.0000,0.0000,0.0000,2528.0000,0.0000,0.0000,0.0000,0.0000,80,0,0,0,0,158,0,0,0,0
zc,WS301,2012-06-11 09:01:43.930,2528.0000,448478,0,0.0000,6.0000,3,3,多换,B,2527.0000,0.0000,0.0000,0.0000,0.0000,2528.0000,0.0000,0.0000,0.0000,0.0000,86,0,0,0,0,185,0,0,0,0
zc,WS301,2012-06-11 09:01:44.367,2527.0000,448580,102,0.0000,122.0000,112,10,空开,S,2527.0000,0.0000,0.0000,0.0000,0.0000,2528.0000,0.0000,0.0000,0.0000,0.0000,37,0,0,0,0,185,0,0,0,0
zc,WS301,2012-06-11 09:01:45.053,2528.0000,448582,2,0.0000,10.0000,6,4,多开,B,2527.0000,0.0000,0.0000,0.0000,0.0000,2528.0000,0.0000,0.0000,0.0000,0.0000,36,0,0,0,0,184,0,0,0,0
zc,WS301,2012-06-11 09:01:45.523,2528.0000,448582,0,0.0000,96.0000,48,48,多换,B,2527.0000,0.0000,0.0000,0.0000,0.0000,2528.0000,0.0000,0.0000,0.0000,0.0000,59,0,0,0,0,139,0,0,0,0
zc,WS301,2012-06-11 09:01:46.053,2528.0000,448582,0,0.0000,8.0000,4,4,多换,B,2527.0000,0.0000,0.0000,0.0000,0.0000,2528.0000,0.0000,0.0000,0.0000,0.0000,61,0,0,0,0,138,0,0,0,0
zc,WS301,2012-06-11 09:01:46.787,2528.0000,448682,100,0.0000,106.0000,103,3,多开,B,2527.0000,0.0000,0.0000,0.0000,0.0000,2528.0000,0.0000,0.0000,0.0000,0.0000,11,0,0,0,0,188,0,0,0,0
zc,WS301,2012-06-11 09:01:47.320,2527.0000,448690,8,0.0000,30.0000,19,11,空开,S,2527.0000,0.0000,0.0000,0.0000,0.0000,2528.0000,0.0000,0.0000,0.0000,0.0000,9,0,0,0,0,185,0,0,0,0
zc,WS301,2012-06-11 09:01:48.303,2528.0000,448690,0,0.0000,24.0000,12,12,多换,B,2527.0000,0.0000,0.0000,0.0000,0.0000,2528.0000,0.0000,0.0000,0.0000,0.0000,26,0,0,0,0,174,0,0,0,0
zc,WS301,2012-06-11 09:01:49.053,2528.0000,448724,34,0.0000,54.0000,44,10,多开,B,2527.0000,0.0000,0.0000,0.0000,0.0000,2528.0000,0.0000,0.0000,0.0000,0.0000,24,0,0,0,0,150,0,0,0,0
zc,WS301,2012-06-11 09:01:49.523,2528.0000,448728,4,0.0000,6.0000,5,1,多开,B,2527.0000,0.0000,0.0000,0.0000,0.0000,2528.0000,0.0000,0.0000,0.0000,0.0000,32,0,0,0,0,248,0,0,0,0
zc,WS301,2012-06-11 09:01:50.383,2528.0000,448730,2,0.0000,22.0000,12,10,多开,B,2527.0000,0.0000,0.0000,0.0000,0.0000,2528.0000,0.0000,0.0000,0.0000,0.0000,135,0,0,0,0,241,0,0,0,0
zc,WS301,2012-06-11 09:01:50.787,2528.0000,448730,0,0.0000,10.0000,5,5,多换,B,2527.0000,0.0000,0.0000,0.0000,0.0000,2528.0000,0.0000,0.0000,0.0000,0.0000,135,0,0,0,0,236,0,0,0,0
zc,WS301,2012-06-11 09:01:51.570,2528.0000,448724,-6,0.0000,228.0000,111,117,空平,B,2527.0000,0.0000,0.0000,0.0000,0.0000,2528.0000,0.0000,0.0000,0.0000,0.0000,36,0,0,0,0,221,0,0,0,0
zc,WS301,2012-06-11 09:01:52.007,2527.0000,448724,0,0.0000,88.0000,44,44,空换,S,2526.0000,0.0000,0.0000,0.0000,0.0000,2527.0000,0.0000,0.0000,0.0000,0.0000,151,0,0,0,0,4,0,0,0,0
zc,WS301,2012-06-11 09:01:52.837,2527.0000,448724,0,0.0000,8.0000,4,4,空换,S,2527.0000,0.0000,0.0000,0.0000,0.0000,2528.0000,0.0000,0.0000,0.0000,0.0000,7,0,0,0,0,216,0,0,0,0
zc,WS301,2012-06-11 09:01:53.523,2528.0000,448724,0,0.0000,48.0000,24,24,多换,B,2527.0000,0.0000,0.0000,0.0000,0.0000,2528.0000,0.0000,0.0000,0.0000,0.0000,8,0,0,0,0,195,0,0,0,0
zc,WS301,2012-06-11 09:01:54.070,2527.0000,448726,2,0.0000,64.0000,33,31,空开,S,2527.0000,0.0000,0.0000,0.0000,0.0000,2528.0000,0.0000,0.0000,0.0000,0.0000,87,0,0,0,0,189,0,0,0,0
zc,WS301,2012-06-11 09:01:54.820,2527.0000,448704,-22,0.0000,58.0000,18,40,多平,S,2527.0000,0.0000,0.0000,0.0000,0.0000,2528.0000,0.0000,0.0000,0.0000,0.0000,91,0,0,0,0,164,0,0,0,0
zc,WS301,2012-06-11 09:01:55.303,2528.0000,448704,0,0.0000,28.0000,14,14,多换,B,2527.0000,0.0000,0.0000,0.0000,0.0000,2528.0000,0.0000,0.0000,0.0000,0.0000,94,0,0,0,0,152,0,0,0,0
zc,WS301,2012-06-11 09:01:56.087,2528.0000,448704,0,0.0000,82.0000,41,41,多换,B,2527.0000,0.0000,0.0000,0.0000,0.0000,2528.0000,0.0000,0.0000,0.0000,0.0000,78,0,0,0,0,131,0,0,0,0
zc,WS301,2012-06-11 09:01:56.600,2528.0000,448704,0,0.0000,140.0000,70,70,多换,B,2527.0000,0.0000,0.0000,0.0000,0.0000,2528.0000,0.0000,0.0000,0.0000,0.0000,87,0,0,0,0,63,0,0,0,0
zc,WS301,2012-06-11 09:01:57.350,2528.0000,448710,6,0.0000,130.0000,68,62,多开,B,2528.0000,0.0000,0.0000,0.0000,0.0000,2529.0000,0.0000,0.0000,0.0000,0.0000,738,0,0,0,0,454,0,0,0,0
zc,WS301,2012-06-11 09:01:57.803,2528.0000,448710,0,0.0000,6.0000,3,3,多换,B,2528.0000,0.0000,0.0000,0.0000,0.0000,2529.0000,0.0000,0.0000,0.0000,0.0000,738,0,0,0,0,454,0,0,0,0
zc,WS301,2012-06-11 09:01:58.633,2529.0000,448952,242,0.0000,534.0000,388,146,多开,B,2528.0000,0.0000,0.0000,0.0000,0.0000,2529.0000,0.0000,0.0000,0.0000,0.0000,631,0,0,0,0,330,0,0,0,0
zc,WS301,2012-06-11 09:01:59.117,2528.0000,448600,-352,0.0000,406.0000,27,379,多平,S,2528.0000,0.0000,0.0000,0.0000,0.0000,2529.0000,0.0000,0.0000,0.0000,0.0000,631,0,0,0,0,143,0,0,0,0
zc,WS301,2012-06-11 09:01:59.787,2529.0000,448600,0,0.0000,132.0000,66,66,多换,B,2528.0000,0.0000,0.0000,0.0000,0.0000,2529.0000,0.0000,0.0000,0.0000,0.0000,653,0,0,0,0,77,0,0,0,0
zc,WS301,2012-06-11 09:02:00.320,2528.0000,448598,-2,0.0000,154.0000,76,78,多平,S,2528.0000,0.0000,0.0000,0.0000,0.0000,2529.0000,0.0000,0.0000,0.0000,0.0000,657,0,0,0,0,2,0,0,0,0
zc,WS301,2012-06-11 09:02:01.087,2529.0000,448602,4,0.0000,8.0000,6,2,多开,B,2529.0000,0.0000,0.0000,0.0000,0.0000,2530.0000,0.0000,0.0000,0.0000,0.0000,29,0,0,0,0,140,0,0,0,0
zc,WS301,2012-06-11 09:02:01.570,2529.0000,448602,0,0.0000,0.0000,0,0,多换,B,2529.0000,0.0000,0.0000,0.0000,0.0000,2530.0000,0.0000,0.0000,0.0000,0.0000,131,0,0,0,0,150,0,0,0,0
zc,WS301,2012-06-11 09:02:02.773,2530.0000,448636,34,0.0000,84.0000,59,25,多开,B,2529.0000,0.0000,0.0000,0.0000,0.0000,2530.0000,0.0000,0.0000,0.0000,0.0000,167,0,0,0,0,114,0,0,0,0
zc,WS301,2012-06-11 09:02:03.600,2529.0000,448638,2,0.0000,98.0000,50,48,空开,S,2529.0000,0.0000,0.0000,0.0000,0.0000,2530.0000,0.0000,0.0000,0.0000,0.0000,219,0,0,0,0,163,0,0,0,0
zc,WS301,2012-06-11 09:02:04.117,2529.0000,448638,0,0.0000,36.0000,18,18,空换,S,2529.0000,0.0000,0.0000,0.0000,0.0000,2530.0000,0.0000,0.0000,0.0000,0.0000,215,0,0,0,0,154,0,0,0,0
zc,WS301,2012-06-11 09:02:04.837,2530.0000,448640,2,0.0000,28.0000,15,13,多开,B,2529.0000,0.0000,0.0000,0.0000,0.0000,2530.0000,0.0000,0.0000,0.0000,0.0000,215,0,0,0,0,149,0,0,0,0
zc,WS301,2012-06-11 09:02:05.287,2530.0000,448650,10,0.0000,96.0000,53,43,多开,B,2529.0000,0.0000,0.0000,0.0000,0.0000,2530.0000,0.0000,0.0000,0.0000,0.0000,219,0,0,0,0,203,0,0,0,0
zc,WS301,2012-06-11 09:02:06.147,2530.0000,448650,0,0.0000,10.0000,5,5,多换,B,2529.0000,0.0000,0.0000,0.0000,0.0000,2530.0000,0.0000,0.0000,0.0000,0.0000,220,0,0,0,0,261,0,0,0,0
zc,WS301,2012-06-11 09:02:06.570,2530.0000,448642,-8,0.0000,486.0000,239,247,空平,B,2529.0000,0.0000,0.0000,0.0000,0.0000,2530.0000,0.0000,0.0000,0.0000,0.0000,81,0,0,0,0,157,0,0,0,0
zc,WS301,2012-06-11 09:02:07.303,2529.0000,448680,38,0.0000,90.0000,64,26,空开,S,2529.0000,0.0000,0.0000,0.0000,0.0000,2530.0000,0.0000,0.0000,0.0000,0.0000,70,0,0,0,0,166,0,0,0,0
zc,WS301,2012-06-11 09:02:08.087,2529.0000,448682,2,0.0000,144.0000,73,71,空开,S,2528.0000,0.0000,0.0000,0.0000,0.0000,2529.0000,0.0000,0.0000,0.0000,0.0000,644,0,0,0,0,84,0,0,0,0
zc,WS301,2012-06-11 09:02:08.787,2530.0000,448682,0,0.0000,174.0000,87,87,多换,B,2529.0000,0.0000,0.0000,0.0000,0.0000,2530.0000,0.0000,0.0000,0.0000,0.0000,20,0,0,0,0,170,0,0,0,0
zc,WS301,2012-06-11 09:02:09.337,2529.0000,448688,6,0.0000,16.0000,11,5,空开,S,2529.0000,0.0000,0.0000,0.0000,0.0000,2530.0000,0.0000,0.0000,0.0000,0.0000,63,0,0,0,0,153,0,0,0,0
zc,WS301,2012-06-11 09:02:10.053,2529.0000,448690,2,0.0000,134.0000,68,66,空开,S,2528.0000,0.0000,0.0000,0.0000,0.0000,2529.0000,0.0000,0.0000,0.0000,0.0000,650,0,0,0,0,15,0,0,0,0
zc,WS301,2012-06-11 09:02:10.600,2530.0000,448688,-2,0.0000,154.0000,76,78,空平,B,2528.0000,0.0000,0.0000,0.0000,0.0000,2530.0000,0.0000,0.0000,0.0000,0.0000,650,0,0,0,0,110,0,0,0,0
zc,WS301,2012-06-11 09:02:11.337,2530.0000,448688,0,0.0000,4.0000,2,2,多换,B,2529.0000,0.0000,0.0000,0.0000,0.0000,2530.0000,0.0000,0.0000,0.0000,0.0000,100,0,0,0,0,110,0,0,0,0
zc,WS301,2012-06-11 09:02:12.053,2529.0000,448692,4,0.0000,6.0000,5,1,空开,S,2529.0000,0.0000,0.0000,0.0000,0.0000,2530.0000,0.0000,0.0000,0.0000,0.0000,149,0,0,0,0,111,0,0,0,0
zc,WS301,2012-06-11 09:02:12.570,2530.0000,448700,8,0.0000,232.0000,120,112,多开,B,2530.0000,0.0000,0.0000,0.0000,0.0000,2531.0000,0.0000,0.0000,0.0000,0.0000,23,0,0,0,0,59,0,0,0,0
zc,WS301,2012-06-11 09:02:13.087,2530.0000,448702,2,0.0000,20.0000,11,9,多开,B,2530.0000,0.0000,0.0000,0.0000,0.0000,2531.0000,0.0000,0.0000,0.0000,0.0000,53,0,0,0,0,68,0,0,0,0
zc,WS301,2012-06-11 09:02:13.803,2530.0000,448732,30,0.0000,132.0000,81,51,多开,B,2530.0000,0.0000,0.0000,0.0000,0.0000,2531.0000,0.0000,0.0000,0.0000,0.0000,38,0,0,0,0,30,0,0,0,0
zc,WS301,2012-06-11 09:02:14.570,2531.0000,448740,8,0.0000,10.0000,9,1,多开,B,2530.0000,0.0000,0.0000,0.0000,0.0000,2531.0000,0.0000,0.0000,0.0000,0.0000,45,0,0,0,0,26,0,0,0,0
zc,WS301,2012-06-11 09:02:15.320,2530.0000,448794,54,0.0000,144.0000,99,45,空开,S,2531.0000,0.0000,0.0000,0.0000,0.0000,2532.0000,0.0000,0.0000,0.0000,0.0000,1,0,0,0,0,68,0,0,0,0
zc,WS301,2012-06-11 09:02:15.820,2532.0000,449140,346,0.0000,432.0000,389,43,多开,B,2530.0000,0.0000,0.0000,0.0000,0.0000,2532.0000,0.0000,0.0000,0.0000,0.0000,23,0,0,0,0,72,0,0,0,0
zc,WS301,2012-06-11 09:02:16.337,2530.0000,449138,-2,0.0000,72.0000,35,37,多平,S,2530.0000,0.0000,0.0000,0.0000,0.0000,2532.0000,0.0000,0.0000,0.0000,0.0000,2,0,0,0,0,58,0,0,0,0
zc,WS301,2012-06-11 09:02:16.867,2531.0000,449136,-2,0.0000,8.0000,3,5,空平,B,2530.0000,0.0000,0.0000,0.0000,0.0000,2531.0000,0.0000,0.0000,0.0000,0.0000,1,0,0,0,0,6,0,0,0,0
zc,WS301,2012-06-11 09:02:17.537,2532.0000,449136,0,0.0000,32.0000,16,16,多换,B,2531.0000,0.0000,0.0000,0.0000,0.0000,2532.0000,0.0000,0.0000,0.0000,0.0000,38,0,0,0,0,58,0,0,0,0
zc,WS301,2012-06-11 09:02:18.287,2531.0000,449132,-4,0.0000,114.0000,55,59,多平,S,2531.0000,0.0000,0.0000,0.0000,0.0000,2532.0000,0.0000,0.0000,0.0000,0.0000,56,0,0,0,0,34,0,0,0,0
zc,WS301,2012-06-11 09:02:19.320,2532.0000,449132,0,0.0000,132.0000,66,66,多换,B,2531.0000,0.0000,0.0000,0.0000,0.0000,2532.0000,0.0000,0.0000,0.0000,0.0000,56,0,0,0,0,1,0,0,0,0
zc,WS301,2012-06-11 09:02:22.163,2534.0000,449144,12,0.0000,170.0000,91,79,多开,B,2533.0000,0.0000,0.0000,0.0000,0.0000,2534.0000,0.0000,0.0000,0.0000,0.0000,33,0,0,0,0,37,0,0,0,0
zc,WS301,2012-06-11 09:02:22.600,2533.0000,449146,2,0.0000,30.0000,16,14,空开,S,2533.0000,0.0000,0.0000,0.0000,0.0000,2534.0000,0.0000,0.0000,0.0000,0.0000,19,0,0,0,0,36,0,0,0,0
zc,WS301,2012-06-11 09:02:23.367,2533.0000,449136,-10,0.0000,62.0000,26,36,多平,S,2532.0000,0.0000,0.0000,0.0000,0.0000,2533.0000,0.0000,0.0000,0.0000,0.0000,32,0,0,0,0,11,0,0,0,0
zc,WS301,2012-06-11 09:02:23.850,2533.0000,449144,8,0.0000,192.0000,100,92,空开,S,2532.0000,0.0000,0.0000,0.0000,0.0000,2533.0000,0.0000,0.0000,0.0000,0.0000,36,0,0,0,0,28,0,0,0,0
zc,WS301,2012-06-11 09:02:24.680,2533.0000,449142,-2,0.0000,64.0000,31,33,多平,S,2532.0000,0.0000,0.0000,0.0000,0.0000,2533.0000,0.0000,0.0000,0.0000,0.0000,17,0,0,0,0,17,0,0,0,0
zc,WS301,2012-06-11 09:02:25.070,2532.0000,449142,0,0.0000,36.0000,18,18,空换,S,2532.0000,0.0000,0.0000,0.0000,0.0000,2533.0000,0.0000,0.0000,0.0000,0.0000,27,0,0,0,0,4,0,0,0,0
zc,WS301,2012-06-11 09:02:25.850,2533.0000,449142,0,0.0000,24.0000,12,12,多换,B,2532.0000,0.0000,0.0000,0.0000,0.0000,2533.0000,0.0000,0.0000,0.0000,0.0000,32,0,0,0,0,4,0,0,0,0
zc,WS301,2012-06-11 09:02:26.337,2533.0000,449142,0,0.0000,6.0000,3,3,多换,B,2532.0000,0.0000,0.0000,0.0000,0.0000,2533.0000,0.0000,0.0000,0.0000,0.0000,18,0,0,0,0,1,0,0,0,0
zc,WS301,2012-06-11 09:02:27.087,2533.0000,449142,0,0.0000,6.0000,3,3,多换,B,2533.0000,0.0000,0.0000,0.0000,0.0000,2534.0000,0.0000,0.0000,0.0000,0.0000,4,0,0,0,0,311,0,0,0,0
zc,WS301,2012-06-11 09:02:27.587,2534.0000,449140,-2,0.0000,12.0000,5,7,空平,B,2533.0000,0.0000,0.0000,0.0000,0.0000,2534.0000,0.0000,0.0000,0.0000,0.0000,4,0,0,0,0,184,0,0,0,0
zc,WS301,2012-06-11 09:02:28.367,2532.0000,449138,-2,0.0000,58.0000,28,30,多平,S,2533.0000,0.0000,0.0000,0.0000,0.0000,2534.0000,0.0000,0.0000,0.0000,0.0000,14,0,0,0,0,185,0,0,0,0
zc,WS301,2012-06-11 09:02:28.820,2533.0000,449138,0,0.0000,8.0000,4,4,多换,B,2533.0000,0.0000,0.0000,0.0000,0.0000,2534.0000,0.0000,0.0000,0.0000,0.0000,11,0,0,0,0,185,0,0,0,0
zc,WS301,2012-06-11 09:02:29.553,2533.0000,449122,-16,0.0000,32.0000,8,24,空平,B,2532.0000,0.0000,0.0000,0.0000,0.0000,2533.0000,0.0000,0.0000,0.0000,0.0000,52,0,0,0,0,121,0,0,0,0
zc,WS301,2012-06-11 09:02:30.337,2533.0000,449122,0,0.0000,14.0000,7,7,多换,B,2532.0000,0.0000,0.0000,0.0000,0.0000,2533.0000,0.0000,0.0000,0.0000,0.0000,43,0,0,0,0,117,0,0,0,0
zc,WS301,2012-06-11 09:02:31.087,2532.0000,449106,-16,0.0000,96.0000,40,56,多平,S,2531.0000,0.0000,0.0000,0.0000,0.0000,2532.0000,0.0000,0.0000,0.0000,0.0000,161,0,0,0,0,157,0,0,0,0
zc,WS301,2012-06-11 09:02:31.587,2532.0000,448804,-302,0.0000,316.0000,7,309,多平,S,2532.0000,0.0000,0.0000,0.0000,0.0000,2533.0000,0.0000,0.0000,0.0000,0.0000,49,0,0,0,0,121,0,0,0,0
zc,WS301,2012-06-11 09:02:32.320,2533.0000,448798,-6,0.0000,10.0000,2,8,空平,B,2532.0000,0.0000,0.0000,0.0000,0.0000,2533.0000,0.0000,0.0000,0.0000,0.0000,47,0,0,0,0,120,0,0,0,0
zc,WS301,2012-06-11 09:02:32.850,2532.0000,448794,-4,0.0000,4.0000,0,4,双平,S,2532.0000,0.0000,0.0000,0.0000,0.0000,2533.0000,0.0000,0.0000,0.0000,0.0000,51,0,0,0,0,123,0,0,0,0
zc,WS301,2012-06-11 09:02:33.523,2532.0000,448720,-74,0.0000,84.0000,5,79,多平,S,2532.0000,0.0000,0.0000,0.0000,0.0000,2533.0000,0.0000,0.0000,0.0000,0.0000,14,0,0,0,0,117,0,0,0,0
zc,WS301,2012-06-11 09:02:34.053,2532.0000,448716,-4,0.0000,10.0000,3,7,多平,S,2532.0000,0.0000,0.0000,0.0000,0.0000,2533.0000,0.0000,0.0000,0.0000,0.0000,12,0,0,0,0,116,0,0,0,0
zc,WS301,2012-06-11 09:02:34.820,2532.0000,448712,-4,0.0000,30.0000,13,17,多平,S,2532.0000,0.0000,0.0000,0.0000,0.0000,2533.0000,0.0000,0.0000,0.0000,0.0000,11,0,0,0,0,105,0,0,0,0
zc,WS301,2012-06-11 09:02:35.600,2532.0000,448700,-12,0.0000,32.0000,10,22,多平,S,2531.0000,0.0000,0.0000,0.0000,0.0000,2532.0000,0.0000,0.0000,0.0000,0.0000,171,0,0,0,0,22,0,0,0,0
zc,WS301,2012-06-11 09:02:36.320,2532.0000,448698,-2,0.0000,40.0000,19,21,多平,S,2531.0000,0.0000,0.0000,0.0000,0.0000,2532.0000,0.0000,0.0000,0.0000,0.0000,171,0,0,0,0,22,0,0,0,0
zc,WS301,2012-06-11 09:02:36.883,2532.0000,448698,0,0.0000,44.0000,22,22,空换,S,2532.0000,0.0000,0.0000,0.0000,0.0000,2533.0000,0.0000,0.0000,0.0000,0.0000,308,0,0,0,0,107,0,0,0,0
zc,WS301,2012-06-11 09:02:37.570,2532.0000,448698,0,0.0000,0.0000,0,0,空换,S,2532.0000,0.0000,0.0000,0.0000,0.0000,2533.0000,0.0000,0.0000,0.0000,0.0000,308,0,0,0,0,147,0,0,0,0
zc,WS301,2012-06-11 09:02:38.070,2533.0000,448698,0,0.0000,118.0000,59,59,多换,B,2532.0000,0.0000,0.0000,0.0000,0.0000,2533.0000,0.0000,0.0000,0.0000,0.0000,255,0,0,0,0,139,0,0,0,0
zc,WS301,2012-06-11 09:02:38.773,2532.0000,448686,-12,0.0000,18.0000,3,15,多平,S,2532.0000,0.0000,0.0000,0.0000,0.0000,2533.0000,0.0000,0.0000,0.0000,0.0000,253,0,0,0,0,137,0,0,0,0
zc,WS301,2012-06-11 09:02:39.320,2533.0000,448694,8,0.0000,12.0000,10,2,多开,B,2532.0000,0.0000,0.0000,0.0000,0.0000,2533.0000,0.0000,0.0000,0.0000,0.0000,248,0,0,0,0,136,0,0,0,0
zc,WS301,2012-06-11 09:02:39.850,2533.0000,448694,0,0.0000,2.0000,1,1,多换,B,2532.0000,0.0000,0.0000,0.0000,0.0000,2533.0000,0.0000,0.0000,0.0000,0.0000,248,0,0,0,0,139,0,0,0,0
zc,WS301,2012-06-11 09:02:40.587,2533.0000,448696,2,0.0000,124.0000,63,61,多开,B,2532.0000,0.0000,0.0000,0.0000,0.0000,2533.0000,0.0000,0.0000,0.0000,0.0000,195,0,0,0,0,130,0,0,0,0
zc,WS301,2012-06-11 09:02:41.037,2532.0000,448696,0,0.0000,40.0000,20,20,空换,S,2532.0000,0.0000,0.0000,0.0000,0.0000,2533.0000,0.0000,0.0000,0.0000,0.0000,175,0,0,0,0,130,0,0,0,0
zc,WS301,2012-06-11 09:02:41.850,2532.0000,448696,0,0.0000,10.0000,5,5,空换,S,2532.0000,0.0000,0.0000,0.0000,0.0000,2533.0000,0.0000,0.0000,0.0000,0.0000,176,0,0,0,0,166,0,0,0,0
zc,WS301,2012-06-11 09:02:42.383,2533.0000,448690,-6,0.0000,84.0000,39,45,空平,B,2532.0000,0.0000,0.0000,0.0000,0.0000,2533.0000,0.0000,0.0000,0.0000,0.0000,180,0,0,0,0,139,0,0,0,0
zc,WS301,2012-06-11 09:02:43.100,2532.0000,448690,0,0.0000,22.0000,11,11,空换,S,2532.0000,0.0000,0.0000,0.0000,0.0000,2533.0000,0.0000,0.0000,0.0000,0.0000,169,0,0,0,0,138,0,0,0,0
zc,WS301,2012-06-11 09:02:43.617,2532.0000,448690,0,0.0000,14.0000,7,7,空换,S,2532.0000,0.0000,0.0000,0.0000,0.0000,2533.0000,0.0000,0.0000,0.0000,0.0000,167,0,0,0,0,133,0,0,0,0
zc,WS301,2012-06-11 09:02:44.570,2533.0000,448680,-10,0.0000,52.0000,21,31,空平,B,2532.0000,0.0000,0.0000,0.0000,0.0000,2533.0000,0.0000,0.0000,0.0000,0.0000,151,0,0,0,0,126,0,0,0,0
zc,WS301,2012-06-11 09:02:45.100,2533.0000,448678,-2,0.0000,16.0000,7,9,空平,B,2532.0000,0.0000,0.0000,0.0000,0.0000,2533.0000,0.0000,0.0000,0.0000,0.0000,151,0,0,0,0,124,0,0,0,0
zc,WS301,2012-06-11 09:02:45.803,2533.0000,448684,6,0.0000,30.0000,18,12,多开,B,2532.0000,0.0000,0.0000,0.0000,0.0000,2533.0000,0.0000,0.0000,0.0000,0.0000,146,0,0,0,0,114,0,0,0,0
zc,WS301,2012-06-11 09:02:46.287,2532.0000,448684,0,0.0000,14.0000,7,7,空换,S,2532.0000,0.0000,0.0000,0.0000,0.0000,2533.0000,0.0000,0.0000,0.0000,0.0000,143,0,0,0,0,110,0,0,0,0
zc,WS301,2012-06-11 09:02:47.303,2532.0000,448684,0,0.0000,36.0000,18,18,空换,S,2532.0000,0.0000,0.0000,0.0000,0.0000,2533.0000,0.0000,0.0000,0.0000,0.0000,126,0,0,0,0,131,0,0,0,0
zc,WS301,2012-06-11 09:02:48.147,2533.0000,448690,6,0.0000,74.0000,40,34,多开,B,2532.0000,0.0000,0.0000,0.0000,0.0000,2533.0000,0.0000,0.0000,0.0000,0.0000,133,0,0,0,0,99,0,0,0,0
zc,WS301,2012-06-11 09:02:48.600,2533.0000,448690,0,0.0000,0.0000,0,0,多换,B,2532.0000,0.0000,0.0000,0.0000,0.0000,2533.0000,0.0000,0.0000,0.0000,0.0000,143,0,0,0,0,99,0,0,0,0
zc,WS301,2012-06-11 09:02:49.337,2533.0000,448688,-2,0.0000,134.0000,66,68,空平,B,2532.0000,0.0000,0.0000,0.0000,0.0000,2533.0000,0.0000,0.0000,0.0000,0.0000,143,0,0,0,0,38,0,0,0,0
zc,WS301,2012-06-11 09:02:50.117,2532.0000,448690,2,0.0000,48.0000,25,23,空开,S,2532.0000,0.0000,0.0000,0.0000,0.0000,2533.0000,0.0000,0.0000,0.0000,0.0000,185,0,0,0,0,29,0,0,0,0
zc,WS301,2012-06-11 09:02:50.867,2533.0000,448690,0,0.0000,4.0000,2,2,多换,B,2532.0000,0.0000,0.0000,0.0000,0.0000,2533.0000,0.0000,0.0000,0.0000,0.0000,184,0,0,0,0,29,0,0,0,0
zc,WS301,2012-06-11 09:02:51.303,2533.0000,448928,238,0.0000,262.0000,250,12,多开,B,2532.0000,0.0000,0.0000,0.0000,0.0000,2533.0000,0.0000,0.0000,0.0000,0.0000,61,0,0,0,0,21,0,0,0,0
zc,WS301,2012-06-11 09:02:51.837,2533.0000,448950,22,0.0000,44.0000,33,11,多开,B,2533.0000,0.0000,0.0000,0.0000,0.0000,2534.0000,0.0000,0.0000,0.0000,0.0000,59,0,0,0,0,209,0,0,0,0
zc,WS301,2012-06-11 09:02:52.587,2533.0000,448950,0,0.0000,16.0000,8,8,多换,B,2533.0000,0.0000,0.0000,0.0000,0.0000,2534.0000,0.0000,0.0000,0.0000,0.0000,73,0,0,0,0,213,0,0,0,0
zc,WS301,2012-06-11 09:02:53.337,2533.0000,448990,40,0.0000,42.0000,41,1,多开,B,2533.0000,0.0000,0.0000,0.0000,0.0000,2534.0000,0.0000,0.0000,0.0000,0.0000,52,0,0,0,0,213,0,0,0,0
zc,WS301,2012-06-11 09:02:53.820,2533.0000,448990,0,0.0000,22.0000,11,11,多换,B,2533.0000,0.0000,0.0000,0.0000,0.0000,2534.0000,0.0000,0.0000,0.0000,0.0000,41,0,0,0,0,214,0,0,0,0
zc,WS301,2012-06-11 09:02:54.600,2533.0000,448990,0,0.0000,8.0000,4,4,多换,B,2533.0000,0.0000,0.0000,0.0000,0.0000,2534.0000,0.0000,0.0000,0.0000,0.0000,43,0,0,0,0,215,0,0,0,0
zc,WS301,2012-06-11 09:02:55.087,2533.0000,448990,0,0.0000,36.0000,18,18,多换,B,2533.0000,0.0000,0.0000,0.0000,0.0000,2534.0000,0.0000,0.0000,0.0000,0.0000,38,0,0,0,0,214,0,0,0,0
zc,WS301,2012-06-11 09:02:55.570,2533.0000,448990,0,0.0000,18.0000,9,9,多换,B,2533.0000,0.0000,0.0000,0.0000,0.0000,2534.0000,0.0000,0.0000,0.0000,0.0000,30,0,0,0,0,215,0,0,0,0
zc,WS301,2012-06-11 09:02:56.320,2534.0000,448990,0,0.0000,56.0000,28,28,多换,B,2533.0000,0.0000,0.0000,0.0000,0.0000,2534.0000,0.0000,0.0000,0.0000,0.0000,13,0,0,0,0,226,0,0,0,0
zc,WS301,2012-06-11 09:02:57.133,2533.0000,448990,0,0.0000,24.0000,12,12,空换,S,2533.0000,0.0000,0.0000,0.0000,0.0000,2534.0000,0.0000,0.0000,0.0000,0.0000,2,0,0,0,0,227,0,0,0,0
zc,WS301,2012-06-11 09:02:57.820,2534.0000,448992,2,0.0000,12.0000,7,5,多开,B,2533.0000,0.0000,0.0000,0.0000,0.0000,2534.0000,0.0000,0.0000,0.0000,0.0000,9,0,0,0,0,223,0,0,0,0
zc,WS301,2012-06-11 09:02:58.523,2533.0000,448994,2,0.0000,26.0000,14,12,空开,S,2533.0000,0.0000,0.0000,0.0000,0.0000,2534.0000,0.0000,0.0000,0.0000,0.0000,2,0,0,0,0,218,0,0,0,0
zc,WS301,2012-06-11 09:02:59.037,2533.0000,449000,6,0.0000,14.0000,10,4,空开,S,2533.0000,0.0000,0.0000,0.0000,0.0000,2534.0000,0.0000,0.0000,0.0000,0.0000,6,0,0,0,0,216,0,0,0,0
zc,WS301,2012-06-11 09:02:59.837,2533.0000,449000,0,0.0000,26.0000,13,13,空换,S,2533.0000,0.0000,0.0000,0.0000,0.0000,2534.0000,0.0000,0.0000,0.0000,0.0000,43,0,0,0,0,217,0,0,0,0
zc,WS301,2012-06-11 09:03:00.320,2533.0000,449000,0,0.0000,44.0000,22,22,空换,S,2533.0000,0.0000,0.0000,0.0000,0.0000,2534.0000,0.0000,0.0000,0.0000,0.0000,21,0,0,0,0,217,0,0,0,0
zc,WS301,2012-06-11 09:03:01.117,2533.0000,449000,0,0.0000,202.0000,101,101,空换,S,2532.0000,0.0000,0.0000,0.0000,0.0000,2533.0000,0.0000,0.0000,0.0000,0.0000,65,0,0,0,0,297,0,0,0,0
zc,WS301,2012-06-11 09:03:01.837,2532.0000,449000,0,0.0000,102.0000,51,51,空换,S,2532.0000,0.0000,0.0000,0.0000,0.0000,2533.0000,0.0000,0.0000,0.0000,0.0000,15,0,0,0,0,298,0,0,0,0
zc,WS301,2012-06-11 09:03:02.460,2533.0000,449000,0,0.0000,18.0000,9,9,多换,B,2532.0000,0.0000,0.0000,0.0000,0.0000,2533.0000,0.0000,0.0000,0.0000,0.0000,15,0,0,0,0,290,0,0,0,0
zc,WS301,2012-06-11 09:03:02.663,2533.0000,449000,0,0.0000,0.0000,0,0,多换,B,2532.0000,0.0000,0.0000,0.0000,0.0000,2533.0000,0.0000,0.0000,0.0000,0.0000,15,0,0,0,0,290,0,0,0,0
zc,WS301,2012-06-11 09:03:03.633,2534.0000,448942,-58,0.0000,928.0000,435,493,空平,B,2532.0000,0.0000,0.0000,0.0000,0.0000,2533.0000,0.0000,0.0000,0.0000,0.0000,6,0,0,0,0,1,0,0,0,0
zc,WS301,2012-06-11 09:03:04.337,2533.0000,448942,0,0.0000,2.0000,1,1,空换,S,2533.0000,0.0000,0.0000,0.0000,0.0000,2534.0000,0.0000,0.0000,0.0000,0.0000,3,0,0,0,0,111,0,0,0,0
zc,WS301,2012-06-11 09:03:04.850,2532.0000,448930,-12,0.0000,18.0000,3,15,多平,S,2531.0000,0.0000,0.0000,0.0000,0.0000,2532.0000,0.0000,0.0000,0.0000,0.0000,200,0,0,0,0,11,0,0,0,0
zc,WS301,2012-06-11 09:03:05.553,2534.0000,448930,0,0.0000,24.0000,12,12,多换,B,2533.0000,0.0000,0.0000,0.0000,0.0000,2534.0000,0.0000,0.0000,0.0000,0.0000,199,0,0,0,0,111,0,0,0,0
zc,WS301,2012-06-11 09:03:06.087,2533.0000,448930,0,0.0000,106.0000,53,53,空换,S,2533.0000,0.0000,0.0000,0.0000,0.0000,2534.0000,0.0000,0.0000,0.0000,0.0000,146,0,0,0,0,112,0,0,0,0
zc,WS301,2012-06-11 09:03:06.850,2533.0000,448934,4,0.0000,14.0000,9,5,空开,S,2533.0000,0.0000,0.0000,0.0000,0.0000,2534.0000,0.0000,0.0000,0.0000,0.0000,140,0,0,0,0,113,0,0,0,0
zc,WS301,2012-06-11 09:03:07.337,2533.0000,448936,2,0.0000,8.0000,5,3,空开,S,2533.0000,0.0000,0.0000,0.0000,0.0000,2534.0000,0.0000,0.0000,0.0000,0.0000,137,0,0,0,0,111,0,0,0,0
zc,WS301,2012-06-11 09:03:08.100,2533.0000,448942,6,0.0000,12.0000,9,3,空开,S,2533.0000,0.0000,0.0000,0.0000,0.0000,2534.0000,0.0000,0.0000,0.0000,0.0000,134,0,0,0,0,109,0,0,0,0
zc,WS301,2012-06-11 09:03:08.587,2533.0000,448942,0,0.0000,22.0000,11,11,空换,S,2533.0000,0.0000,0.0000,0.0000,0.0000,2534.0000,0.0000,0.0000,0.0000,0.0000,134,0,0,0,0,100,0,0,0,0
zc,WS301,2012-06-11 09:03:09.553,2533.0000,448946,4,0.0000,20.0000,12,8,空开,S,2533.0000,0.0000,0.0000,0.0000,0.0000,2534.0000,0.0000,0.0000,0.0000,0.0000,132,0,0,0,0,93,0,0,0,0
zc,WS301,2012-06-11 09:03:10.100,2534.0000,448946,0,0.0000,36.0000,18,18,多换,B,2533.0000,0.0000,0.0000,0.0000,0.0000,2534.0000,0.0000,0.0000,0.0000,0.0000,120,0,0,0,0,88,0,0,0,0
zc,WS301,2012-06-11 09:03:10.820,2533.0000,448946,0,0.0000,10.0000,5,5,空换,S,2533.0000,0.0000,0.0000,0.0000,0.0000,2534.0000,0.0000,0.0000,0.0000,0.0000,122,0,0,0,0,86,0,0,0,0
zc,WS301,2012-06-11 09:03:11.320,2534.0000,448972,26,0.0000,142.0000,84,58,多开,B,2533.0000,0.0000,0.0000,0.0000,0.0000,2534.0000,0.0000,0.0000,0.0000,0.0000,116,0,0,0,0,24,0,0,0,0
zc,WS301,2012-06-11 09:03:12.070,2533.0000,448972,0,0.0000,6.0000,3,3,空换,S,2533.0000,0.0000,0.0000,0.0000,0.0000,2534.0000,0.0000,0.0000,0.0000,0.0000,119,0,0,0,0,25,0,0,0,0
zc,WS301,2012-06-11 09:03:12.850,2533.0000,448972,0,0.0000,14.0000,7,7,空换,S,2533.0000,0.0000,0.0000,0.0000,0.0000,2534.0000,0.0000,0.0000,0.0000,0.0000,143,0,0,0,0,20,0,0,0,0
zc,WS301,2012-06-11 09:03:13.537,2533.0000,448972,0,0.0000,2.0000,1,1,空换,S,2533.0000,0.0000,0.0000,0.0000,0.0000,2534.0000,0.0000,0.0000,0.0000,0.0000,144,0,0,0,0,48,0,0,0,0
zc,WS301,2012-06-11 09:03:14.053,2534.0000,448986,14,0.0000,68.0000,41,27,多开,B,2533.0000,0.0000,0.0000,0.0000,0.0000,2534.0000,0.0000,0.0000,0.0000,0.0000,144,0,0,0,0,15,0,0,0,0
zc,WS301,2012-06-11 09:03:14.897,2533.0000,448996,10,0.0000,56.0000,33,23,空开,S,2533.0000,0.0000,0.0000,0.0000,0.0000,2534.0000,0.0000,0.0000,0.0000,0.0000,127,0,0,0,0,10,0,0,0,0
zc,WS301,2012-06-11 09:03:15.337,2533.0000,448996,0,0.0000,10.0000,5,5,空换,S,2533.0000,0.0000,0.0000,0.0000,0.0000,2534.0000,0.0000,0.0000,0.0000,0.0000,125,0,0,0,0,210,0,0,0,0
zc,WS301,2012-06-11 09:03:16.570,2534.0000,448996,0,0.0000,30.0000,15,15,多换,B,2533.0000,0.0000,0.0000,0.0000,0.0000,2534.0000,0.0000,0.0000,0.0000,0.0000,125,0,0,0,0,246,0,0,0,0
zc,WS301,2012-06-11 09:03:17.337,2534.0000,448996,0,0.0000,4.0000,2,2,多换,B,2533.0000,0.0000,0.0000,0.0000,0.0000,2534.0000,0.0000,0.0000,0.0000,0.0000,124,0,0,0,0,250,0,0,0,0
zc,WS301,2012-06-11 09:03:18.383,2533.0000,449114,118,0.0000,166.0000,142,24,空开,S,2533.0000,0.0000,0.0000,0.0000,0.0000,2534.0000,0.0000,0.0000,0.0000,0.0000,71,0,0,0,0,251,0,0,0,0
zc,WS301,2012-06-11 09:03:18.867,2533.0000,449110,-4,0.0000,4.0000,0,4,双平,S,2533.0000,0.0000,0.0000,0.0000,0.0000,2534.0000,0.0000,0.0000,0.0000,0.0000,69,0,0,0,0,251,0,0,0,0
zc,WS301,2012-06-11 09:03:19.587,2533.0000,449054,-56,0.0000,72.0000,8,64,多平,S,2533.0000,0.0000,0.0000,0.0000,0.0000,2534.0000,0.0000,0.0000,0.0000,0.0000,35,0,0,0,0,251,0,0,0,0
zc,WS301,2012-06-11 09:03:20.117,2533.0000,449054,0,0.0000,2.0000,1,1,空换,S,2533.0000,0.0000,0.0000,0.0000,0.0000,2534.0000,0.0000,0.0000,0.0000,0.0000,34,0,0,0,0,252,0,0,0,0
zc,WS301,2012-06-11 09:03:20.850,2533.0000,449032,-22,0.0000,70.0000,24,46,多平,S,2532.0000,0.0000,0.0000,0.0000,0.0000,2533.0000,0.0000,0.0000,0.0000,0.0000,76,0,0,0,0,153,0,0,0,0
zc,WS301,2012-06-11 09:03:21.587,2533.0000,449024,-8,0.0000,78.0000,35,43,多平,S,2532.0000,0.0000,0.0000,0.0000,0.0000,2533.0000,0.0000,0.0000,0.0000,0.0000,72,0,0,0,0,194,0,0,0,0
zc,WS301,2012-06-11 09:03:22.337,2532.0000,449018,-6,0.0000,30.0000,12,18,多平,S,2532.0000,0.0000,0.0000,0.0000,0.0000,2533.0000,0.0000,0.0000,0.0000,0.0000,70,0,0,0,0,208,0,0,0,0
zc,WS301,2012-06-11 09:03:22.867,2533.0000,449004,-14,0.0000,30.0000,8,22,空平,B,2532.0000,0.0000,0.0000,0.0000,0.0000,2533.0000,0.0000,0.0000,0.0000,0.0000,70,0,0,0,0,193,0,0,0,0
zc,WS301,2012-06-11 09:03:23.553,2533.0000,449004,0,0.0000,0.0000,0,0,多换,B,2532.0000,0.0000,0.0000,0.0000,0.0000,2533.0000,0.0000,0.0000,0.0000,0.0000,80,0,0,0,0,193,0,0,0,0
zc,WS301,2012-06-11 09:03:24.820,2533.0000,449004,0,0.0000,0.0000,0,0,多换,B,2532.0000,0.0000,0.0000,0.0000,0.0000,2533.0000,0.0000,0.0000,0.0000,0.0000,83,0,0,0,0,195,0,0,0,0
zc,WS301,2012-06-11 09:03:25.350,2532.0000,449004,0,0.0000,2.0000,1,1,空换,S,2532.0000,0.0000,0.0000,0.0000,0.0000,2533.0000,0.0000,0.0000,0.0000,0.0000,84,0,0,0,0,252,0,0,0,0
zc,WS301,2012-06-11 09:03:26.100,2533.0000,448986,-18,0.0000,26.0000,4,22,空平,B,2532.0000,0.0000,0.0000,0.0000,0.0000,2533.0000,0.0000,0.0000,0.0000,0.0000,70,0,0,0,0,318,0,0,0,0
zc,WS301,2012-06-11 09:03:26.600,2533.0000,448976,-10,0.0000,32.0000,11,21,空平,B,2532.0000,0.0000,0.0000,0.0000,0.0000,2533.0000,0.0000,0.0000,0.0000,0.0000,78,0,0,0,0,307,0,0,0,0
zc,WS301,2012-06-11 09:03:27.337,2532.0000,448964,-12,0.0000,12.0000,0,12,双平,S,2532.0000,0.0000,0.0000,0.0000,0.0000,2533.0000,0.0000,0.0000,0.0000,0.0000,72,0,0,0,0,307,0,0,0,0
zc,WS301,2012-06-11 09:03:28.087,2532.0000,448962,-2,0.0000,2.0000,0,2,双平,S,2532.0000,0.0000,0.0000,0.0000,0.0000,2533.0000,0.0000,0.0000,0.0000,0.0000,71,0,0,0,0,307,0,0,0,0
zc,WS301,2012-06-11 09:03:29.337,2533.0000,448970,8,0.0000,38.0000,23,15,多开,B,2532.0000,0.0000,0.0000,0.0000,0.0000,2533.0000,0.0000,0.0000,0.0000,0.0000,88,0,0,0,0,297,0,0,0,0
zc,WS301,2012-06-11 09:03:29.787,2533.0000,448974,4,0.0000,206.0000,105,101,多开,B,2532.0000,0.0000,0.0000,0.0000,0.0000,2533.0000,0.0000,0.0000,0.0000,0.0000,85,0,0,0,0,195,0,0,0,0
zc,WS301,2012-06-11 09:03:30.273,2532.0000,448974,0,0.0000,24.0000,12,12,空换,S,2532.0000,0.0000,0.0000,0.0000,0.0000,2533.0000,0.0000,0.0000,0.0000,0.0000,76,0,0,0,0,192,0,0,0,0
zc,WS301,2012-06-11 09:03:30.837,2532.0000,448974,0,0.0000,6.0000,3,3,空换,S,2532.0000,0.0000,0.0000,0.0000,0.0000,2533.0000,0.0000,0.0000,0.0000,0.0000,79,0,0,0,0,192,0,0,0,0
zc,WS301,2012-06-11 09:03:31.570,2532.0000,448956,-18,0.0000,30.0000,6,24,多平,S,2532.0000,0.0000,0.0000,0.0000,0.0000,2533.0000,0.0000,0.0000,0.0000,0.0000,74,0,0,0,0,193,0,0,0,0
zc,WS301,2012-06-11 09:03:32.087,2532.0000,448946,-10,0.0000,12.0000,1,11,多平,S,2532.0000,0.0000,0.0000,0.0000,0.0000,2533.0000,0.0000,0.0000,0.0000,0.0000,99,0,0,0,0,191,0,0,0,0
zc,WS301,2012-06-11 09:03:33.367,2533.0000,448936,-10,0.0000,30.0000,10,20,空平,B,2532.0000,0.0000,0.0000,0.0000,0.0000,2533.0000,0.0000,0.0000,0.0000,0.0000,94,0,0,0,0,176,0,0,0,0
zc,WS301,2012-06-11 09:03:33.553,2532.0000,448890,-46,0.0000,52.0000,3,49,多平,S,2532.0000,0.0000,0.0000,0.0000,0.0000,2533.0000,0.0000,0.0000,0.0000,0.0000,70,0,0,0,0,178,0,0,0,0
zc,WS301,2012-06-11 09:03:34.287,2532.0000,448888,-2,0.0000,4.0000,1,3,多平,S,2532.0000,0.0000,0.0000,0.0000,0.0000,2533.0000,0.0000,0.0000,0.0000,0.0000,68,0,0,0,0,180,0,0,0,0
zc,WS301,2012-06-11 09:03:34.850,2533.0000,448888,0,0.0000,2.0000,1,1,多换,B,2532.0000,0.0000,0.0000,0.0000,0.0000,2533.0000,0.0000,0.0000,0.0000,0.0000,68,0,0,0,0,186,0,0,0,0
zc,WS301,2012-06-11 09:03:35.600,2533.0000,448888,0,0.0000,8.0000,4,4,多换,B,2532.0000,0.0000,0.0000,0.0000,0.0000,2533.0000,0.0000,0.0000,0.0000,0.0000,65,0,0,0,0,188,0,0,0,0
zc,WS301,2012-06-11 09:03:36.037,2532.0000,448888,0,0.0000,2.0000,1,1,空换,S,2532.0000,0.0000,0.0000,0.0000,0.0000,2533.0000,0.0000,0.0000,0.0000,0.0000,64,0,0,0,0,188,0,0,0,0
zc,WS301,2012-06-11 09:03:36.820,2533.0000,448888,0,0.0000,8.0000,4,4,多换,B,2532.0000,0.0000,0.0000,0.0000,0.0000,2533.0000,0.0000,0.0000,0.0000,0.0000,61,0,0,0,0,197,0,0,0,0
zc,WS301,2012-06-11 09:03:37.350,2532.0000,448894,6,0.0000,12.0000,9,3,空开,S,2532.0000,0.0000,0.0000,0.0000,0.0000,2533.0000,0.0000,0.0000,0.0000,0.0000,78,0,0,0,0,226,0,0,0,0
zc,WS301,2012-06-11 09:03:38.320,2533.0000,448892,-2,0.0000,24.0000,11,13,空平,B,2532.0000,0.0000,0.0000,0.0000,0.0000,2533.0000,0.0000,0.0000,0.0000,0.0000,77,0,0,0,0,216,0,0,0,0
zc,WS301,2012-06-11 09:03:38.787,2533.0000,448892,0,0.0000,26.0000,13,13,多换,B,2532.0000,0.0000,0.0000,0.0000,0.0000,2533.0000,0.0000,0.0000,0.0000,0.0000,87,0,0,0,0,213,0,0,0,0
zc,WS301,2012-06-11 09:03:39.287,2532.0000,448892,0,0.0000,4.0000,2,2,空换,S,2532.0000,0.0000,0.0000,0.0000,0.0000,2533.0000,0.0000,0.0000,0.0000,0.0000,87,0,0,0,0,233,0,0,0,0
zc,WS301,2012-06-11 09:03:39.787,2532.0000,448892,0,0.0000,6.0000,3,3,空换,S,2532.0000,0.0000,0.0000,0.0000,0.0000,2533.0000,0.0000,0.0000,0.0000,0.0000,85,0,0,0,0,233,0,0,0,0
zc,WS301,2012-06-11 09:03:40.570,2533.0000,448884,-8,0.0000,30.0000,11,19,空平,B,2532.0000,0.0000,0.0000,0.0000,0.0000,2533.0000,0.0000,0.0000,0.0000,0.0000,75,0,0,0,0,229,0,0,0,0
zc,WS301,2012-06-11 09:03:41.117,2532.0000,448884,0,0.0000,12.0000,6,6,空换,S,2532.0000,0.0000,0.0000,0.0000,0.0000,2533.0000,0.0000,0.0000,0.0000,0.0000,69,0,0,0,0,227,0,0,0,0
zc,WS301,2012-06-11 09:03:41.803,2532.0000,448880,-4,0.0000,6.0000,1,5,多平,S,2532.0000,0.0000,0.0000,0.0000,0.0000,2533.0000,0.0000,0.0000,0.0000,0.0000,69,0,0,0,0,225,0,0,0,0
zc,WS301,2012-06-11 09:03:42.337,2532.0000,448880,0,0.0000,0.0000,0,0,空换,S,2532.0000,0.0000,0.0000,0.0000,0.0000,2533.0000,0.0000,0.0000,0.0000,0.0000,69,0,0,0,0,325,0,0,0,0
zc,WS301,2012-06-11 09:03:43.053,2532.0000,448836,-44,0.0000,140.0000,48,92,多平,S,2531.0000,0.0000,0.0000,0.0000,0.0000,2532.0000,0.0000,0.0000,0.0000,0.0000,170,0,0,0,0,30,0,0,0,0
zc,WS301,2012-06-11 09:03:43.600,2531.0000,448974,138,0.0000,150.0000,144,6,空开,S,2531.0000,0.0000,0.0000,0.0000,0.0000,2532.0000,0.0000,0.0000,0.0000,0.0000,98,0,0,0,0,103,0,0,0,0
zc,WS301,2012-06-11 09:03:44.070,2531.0000,448974,0,0.0000,36.0000,18,18,空换,S,2531.0000,0.0000,0.0000,0.0000,0.0000,2532.0000,0.0000,0.0000,0.0000,0.0000,86,0,0,0,0,102,0,0,0,0
zc,WS301,2012-06-11 09:03:44.850,2532.0000,448974,0,0.0000,10.0000,5,5,多换,B,2531.0000,0.0000,0.0000,0.0000,0.0000,2532.0000,0.0000,0.0000,0.0000,0.0000,83,0,0,0,0,102,0,0,0,0
zc,WS301,2012-06-11 09:03:45.303,2532.0000,448974,0,0.0000,12.0000,6,6,多换,B,2531.0000,0.0000,0.0000,0.0000,0.0000,2532.0000,0.0000,0.0000,0.0000,0.0000,79,0,0,0,0,100,0,0,0,0
zc,WS301,2012-06-11 09:03:46.087,2531.0000,448976,2,0.0000,22.0000,12,10,空开,S,2531.0000,0.0000,0.0000,0.0000,0.0000,2532.0000,0.0000,0.0000,0.0000,0.0000,69,0,0,0,0,100,0,0,0,0
zc,WS301,2012-06-11 09:03:46.273,2531.0000,448976,0,0.0000,30.0000,15,15,空换,S,2531.0000,0.0000,0.0000,0.0000,0.0000,2532.0000,0.0000,0.0000,0.0000,0.0000,55,0,0,0,0,100,0,0,0,0
zc,WS301,2012-06-11 09:03:47.023,2532.0000,448976,0,0.0000,24.0000,12,12,多换,B,2531.0000,0.0000,0.0000,0.0000,0.0000,2532.0000,0.0000,0.0000,0.0000,0.0000,55,0,0,0,0,88,0,0,0,0
zc,WS301,2012-06-11 09:03:47.587,2532.0000,448976,0,0.0000,0.0000,0,0,多换,B,2531.0000,0.0000,0.0000,0.0000,0.0000,2532.0000,0.0000,0.0000,0.0000,0.0000,55,0,0,0,0,38,0,0,0,0
zc,WS301,2012-06-11 09:03:48.227,2531.0000,448978,2,0.0000,8.0000,5,3,空开,S,2531.0000,0.0000,0.0000,0.0000,0.0000,2532.0000,0.0000,0.0000,0.0000,0.0000,51,0,0,0,0,42,0,0,0,0
zc,WS301,2012-06-11 09:03:49.070,2532.0000,448974,-4,0.0000,72.0000,34,38,空平,B,2531.0000,0.0000,0.0000,0.0000,0.0000,2532.0000,0.0000,0.0000,0.0000,0.0000,19,0,0,0,0,40,0,0,0,0
zc,WS301,2012-06-11 09:03:49.523,2532.0000,448970,-4,0.0000,10.0000,3,7,空平,B,2531.0000,0.0000,0.0000,0.0000,0.0000,2532.0000,0.0000,0.0000,0.0000,0.0000,20,0,0,0,0,35,0,0,0,0
zc,WS301,2012-06-11 09:03:50.287,2532.0000,448970,0,0.0000,2.0000,1,1,多换,B,2531.0000,0.0000,0.0000,0.0000,0.0000,2532.0000,0.0000,0.0000,0.0000,0.0000,20,0,0,0,0,32,0,0,0,0
zc,WS301,2012-06-11 09:03:50.537,2531.0000,448970,0,0.0000,6.0000,3,3,空换,S,2531.0000,0.0000,0.0000,0.0000,0.0000,2532.0000,0.0000,0.0000,0.0000,0.0000,20,0,0,0,0,30,0,0,0,0
zc,WS301,2012-06-11 09:03:51.337,2531.0000,448970,0,0.0000,0.0000,0,0,空换,S,2531.0000,0.0000,0.0000,0.0000,0.0000,2532.0000,0.0000,0.0000,0.0000,0.0000,25,0,0,0,0,40,0,0,0,0
zc,WS301,2012-06-11 09:03:52.037,2532.0000,448962,-8,0.0000,38.0000,15,23,空平,B,2531.0000,0.0000,0.0000,0.0000,0.0000,2532.0000,0.0000,0.0000,0.0000,0.0000,8,0,0,0,0,48,0,0,0,0
zc,WS301,2012-06-11 09:03:52.553,2531.0000,448960,-2,0.0000,24.0000,11,13,多平,S,2530.0000,0.0000,0.0000,0.0000,0.0000,2531.0000,0.0000,0.0000,0.0000,0.0000,152,0,0,0,0,8,0,0,0,0
zc,WS301,2012-06-11 09:03:53.070,2531.0000,449064,104,0.0000,162.0000,133,29,空开,S,2531.0000,0.0000,0.0000,0.0000,0.0000,2532.0000,0.0000,0.0000,0.0000,0.0000,1,0,0,0,0,51,0,0,0,0
zc,WS301,2012-06-11 09:03:53.757,2531.0000,449066,2,0.0000,8.0000,5,3,空开,S,2531.0000,0.0000,0.0000,0.0000,0.0000,2532.0000,0.0000,0.0000,0.0000,0.0000,50,0,0,0,0,76,0,0,0,0
zc,WS301,2012-06-11 09:03:54.273,2531.0000,449066,0,0.0000,2.0000,1,1,空换,S,2531.0000,0.0000,0.0000,0.0000,0.0000,2532.0000,0.0000,0.0000,0.0000,0.0000,49,0,0,0,0,76,0,0,0,0
zc,WS301,2012-06-11 09:03:55.023,2531.0000,449066,0,0.0000,2.0000,1,1,空换,S,2531.0000,0.0000,0.0000,0.0000,0.0000,2532.0000,0.0000,0.0000,0.0000,0.0000,49,0,0,0,0,77,0,0,0,0
zc,WS301,2012-06-11 09:03:55.617,2531.0000,449068,2,0.0000,54.0000,28,26,空开,S,2531.0000,0.0000,0.0000,0.0000,0.0000,2532.0000,0.0000,0.0000,0.0000,0.0000,24,0,0,0,0,78,0,0,0,0
zc,WS301,2012-06-11 09:03:56.337,2531.0000,449116,48,0.0000,50.0000,49,1,空开,S,2530.0000,0.0000,0.0000,0.0000,0.0000,2531.0000,0.0000,0.0000,0.0000,0.0000,181,0,0,0,0,9,0,0,0,0
zc,WS301,2012-06-11 09:03:56.850,2530.0000,449118,2,0.0000,20.0000,11,9,空开,S,2530.0000,0.0000,0.0000,0.0000,0.0000,2531.0000,0.0000,0.0000,0.0000,0.0000,177,0,0,0,0,11,0,0,0,0
zc,WS301,2012-06-11 09:03:57.350,2531.0000,449126,8,0.0000,8.0000,8,0,双开,B,2530.0000,0.0000,0.0000,0.0000,0.0000,2531.0000,0.0000,0.0000,0.0000,0.0000,176,0,0,0,0,48,0,0,0,0
zc,WS301,2012-06-11 09:03:58.053,2531.0000,449116,-10,0.0000,66.0000,28,38,空平,B,2530.0000,0.0000,0.0000,0.0000,0.0000,2531.0000,0.0000,0.0000,0.0000,0.0000,195,0,0,0,0,46,0,0,0,0
zc,WS301,2012-06-11 09:03:58.787,2531.0000,449122,6,0.0000,6.0000,6,0,双开,B,2530.0000,0.0000,0.0000,0.0000,0.0000,2531.0000,0.0000,0.0000,0.0000,0.0000,194,0,0,0,0,49,0,0,0,0
zc,WS301,2012-06-11 09:03:59.287,2530.0000,449124,2,0.0000,2.0000,2,0,双开,S,2530.0000,0.0000,0.0000,0.0000,0.0000,2531.0000,0.0000,0.0000,0.0000,0.0000,198,0,0,0,0,50,0,0,0,0
zc,WS301,2012-06-11 09:03:59.803,2531.0000,449124,0,0.0000,6.0000,3,3,多换,B,2530.0000,0.0000,0.0000,0.0000,0.0000,2531.0000,0.0000,0.0000,0.0000,0.0000,198,0,0,0,0,55,0,0,0,0
zc,WS301,2012-06-11 09:04:00.490,2531.0000,449124,0,0.0000,0.0000,0,0,多换,B,2530.0000,0.0000,0.0000,0.0000,0.0000,2531.0000,0.0000,0.0000,0.0000,0.0000,198,0,0,0,0,57,0,0,0,0
zc,WS301,2012-06-11 09:04:01.070,2531.0000,449124,0,0.0000,0.0000,0,0,多换,B,2530.0000,0.0000,0.0000,0.0000,0.0000,2531.0000,0.0000,0.0000,0.0000,0.0000,198,0,0,0,0,64,0,0,0,0
zc,WS301,2012-06-11 09:04:01.850,2531.0000,449118,-6,0.0000,22.0000,8,14,空平,B,2530.0000,0.0000,0.0000,0.0000,0.0000,2531.0000,0.0000,0.0000,0.0000,0.0000,193,0,0,0,0,58,0,0,0,0
zc,WS301,2012-06-11 09:04:03.023,2531.0000,449118,0,0.0000,10.0000,5,5,多换,B,2530.0000,0.0000,0.0000,0.0000,0.0000,2531.0000,0.0000,0.0000,0.0000,0.0000,225,0,0,0,0,50,0,0,0,0
zc,WS301,2012-06-11 09:04:03.337,2530.0000,449118,0,0.0000,24.0000,12,12,空换,S,2530.0000,0.0000,0.0000,0.0000,0.0000,2531.0000,0.0000,0.0000,0.0000,0.0000,213,0,0,0,0,82,0,0,0,0
zc,WS301,2012-06-11 09:04:04.037,2530.0000,449126,8,0.0000,18.0000,13,5,空开,S,2530.0000,0.0000,0.0000,0.0000,0.0000,2531.0000,0.0000,0.0000,0.0000,0.0000,207,0,0,0,0,81,0,0,0,0
zc,WS301,2012-06-11 09:04:04.803,2531.0000,449126,0,0.0000,2.0000,1,1,多换,B,2530.0000,0.0000,0.0000,0.0000,0.0000,2531.0000,0.0000,0.0000,0.0000,0.0000,211,0,0,0,0,82,0,0,0,0
zc,WS301,2012-06-11 09:04:05.337,2531.0000,449142,16,0.0000,80.0000,48,32,多开,B,2530.0000,0.0000,0.0000,0.0000,0.0000,2531.0000,0.0000,0.0000,0.0000,0.0000,211,0,0,0,0,42,0,0,0,0
zc,WS301,2012-06-11 09:04:06.037,2530.0000,449142,0,0.0000,4.0000,2,2,空换,S,2530.0000,0.0000,0.0000,0.0000,0.0000,2531.0000,0.0000,0.0000,0.0000,0.0000,209,0,0,0,0,43,0,0,0,0
zc,WS301,2012-06-11 09:04:06.537,2531.0000,449138,-4,0.0000,12.0000,4,8,空平,B,2530.0000,0.0000,0.0000,0.0000,0.0000,2531.0000,0.0000,0.0000,0.0000,0.0000,233,0,0,0,0,39,0,0,0,0
zc,WS301,2012-06-11 09:04:07.367,2530.0000,449138,0,0.0000,6.0000,3,3,空换,S,2530.0000,0.0000,0.0000,0.0000,0.0000,2531.0000,0.0000,0.0000,0.0000,0.0000,232,0,0,0,0,39,0,0,0,0
zc,WS301,2012-06-11 09:04:07.820,2530.0000,449136,-2,0.0000,16.0000,7,9,多平,S,2530.0000,0.0000,0.0000,0.0000,0.0000,2531.0000,0.0000,0.0000,0.0000,0.0000,228,0,0,0,0,38,0,0,0,0
zc,WS301,2012-06-11 09:04:08.553,2531.0000,449136,0,0.0000,2.0000,1,1,多换,B,2530.0000,0.0000,0.0000,0.0000,0.0000,2531.0000,0.0000,0.0000,0.0000,0.0000,237,0,0,0,0,141,0,0,0,0
zc,WS301,2012-06-11 09:04:08.850,2531.0000,449136,0,0.0000,2.0000,1,1,多换,B,2530.0000,0.0000,0.0000,0.0000,0.0000,2531.0000,0.0000,0.0000,0.0000,0.0000,237,0,0,0,0,145,0,0,0,0
zc,WS301,2012-06-11 09:04:09.570,2531.0000,449136,0,0.0000,0.0000,0,0,多换,B,2530.0000,0.0000,0.0000,0.0000,0.0000,2531.0000,0.0000,0.0000,0.0000,0.0000,239,0,0,0,0,146,0,0,0,0
zc,WS301,2012-06-11 09:04:10.070,2531.0000,449134,-2,0.0000,6.0000,2,4,空平,B,2530.0000,0.0000,0.0000,0.0000,0.0000,2531.0000,0.0000,0.0000,0.0000,0.0000,228,0,0,0,0,155,0,0,0,0
zc,WS301,2012-06-11 09:04:10.787,2531.0000,449134,0,0.0000,2.0000,1,1,多换,B,2530.0000,0.0000,0.0000,0.0000,0.0000,2531.0000,0.0000,0.0000,0.0000,0.0000,228,0,0,0,0,154,0,0,0,0
zc,WS301,2012-06-11 09:04:11.337,2530.0000,449136,2,0.0000,12.0000,7,5,空开,S,2530.0000,0.0000,0.0000,0.0000,0.0000,2531.0000,0.0000,0.0000,0.0000,0.0000,222,0,0,0,0,154,0,0,0,0
zc,WS301,2012-06-11 09:04:12.070,2531.0000,449160,24,0.0000,110.0000,67,43,多开,B,2530.0000,0.0000,0.0000,0.0000,0.0000,2531.0000,0.0000,0.0000,0.0000,0.0000,149,0,0,0,0,117,0,0,0,0
zc,WS301,2012-06-11 09:04:12.587,2531.0000,449160,0,0.0000,26.0000,13,13,多换,B,2530.0000,0.0000,0.0000,0.0000,0.0000,2531.0000,0.0000,0.0000,0.0000,0.0000,148,0,0,0,0,106,0,0,0,0
zc,WS301,2012-06-11 09:04:13.320,2530.0000,449160,0,0.0000,8.0000,4,4,空换,S,2530.0000,0.0000,0.0000,0.0000,0.0000,2531.0000,0.0000,0.0000,0.0000,0.0000,146,0,0,0,0,108,0,0,0,0
zc,WS301,2012-06-11 09:04:13.820,2531.0000,449160,0,0.0000,8.0000,4,4,多换,B,2530.0000,0.0000,0.0000,0.0000,0.0000,2531.0000,0.0000,0.0000,0.0000,0.0000,145,0,0,0,0,105,0,0,0,0
zc,WS301,2012-06-11 09:04:14.383,2530.0000,449158,-2,0.0000,2.0000,0,2,双平,S,2530.0000,0.0000,0.0000,0.0000,0.0000,2531.0000,0.0000,0.0000,0.0000,0.0000,144,0,0,0,0,107,0,0,0,0
zc,WS301,2012-06-11 09:04:15.087,2530.0000,449160,2,0.0000,2.0000,2,0,双开,S,2530.0000,0.0000,0.0000,0.0000,0.0000,2531.0000,0.0000,0.0000,0.0000,0.0000,146,0,0,0,0,107,0,0,0,0
zc,WS301,2012-06-11 09:04:15.537,2531.0000,449178,18,0.0000,32.0000,25,7,多开,B,2530.0000,0.0000,0.0000,0.0000,0.0000,2531.0000,0.0000,0.0000,0.0000,0.0000,134,0,0,0,0,103,0,0,0,0
zc,WS301,2012-06-11 09:04:16.303,2531.0000,449184,6,0.0000,28.0000,17,11,多开,B,2530.0000,0.0000,0.0000,0.0000,0.0000,2531.0000,0.0000,0.0000,0.0000,0.0000,132,0,0,0,0,92,0,0,0,0
zc,WS301,2012-06-11 09:04:16.850,2530.0000,449184,0,0.0000,2.0000,1,1,空换,S,2530.0000,0.0000,0.0000,0.0000,0.0000,2531.0000,0.0000,0.0000,0.0000,0.0000,192,0,0,0,0,94,0,0,0,0
zc,WS301,2012-06-11 09:04:17.587,2530.0000,449192,8,0.0000,8.0000,8,0,双开,S,2530.0000,0.0000,0.0000,0.0000,0.0000,2531.0000,0.0000,0.0000,0.0000,0.0000,195,0,0,0,0,95,0,0,0,0
zc,WS301,2012-06-11 09:04:18.053,2531.0000,449192,0,0.0000,4.0000,2,2,多换,B,2530.0000,0.0000,0.0000,0.0000,0.0000,2531.0000,0.0000,0.0000,0.0000,0.0000,211,0,0,0,0,96,0,0,0,0
zc,WS301,2012-06-11 09:04:18.757,2531.0000,449186,-6,0.0000,28.0000,11,17,空平,B,2530.0000,0.0000,0.0000,0.0000,0.0000,2531.0000,0.0000,0.0000,0.0000,0.0000,212,0,0,0,0,83,0,0,0,0
zc,WS301,2012-06-11 09:04:19.320,2531.0000,449186,0,0.0000,0.0000,0,0,多换,B,2530.0000,0.0000,0.0000,0.0000,0.0000,2531.0000,0.0000,0.0000,0.0000,0.0000,210,0,0,0,0,84,0,0,0,0
zc,WS301,2012-06-11 09:04:20.037,2531.0000,449186,0,0.0000,2.0000,1,1,多换,B,2530.0000,0.0000,0.0000,0.0000,0.0000,2531.0000,0.0000,0.0000,0.0000,0.0000,208,0,0,0,0,83,0,0,0,0
zc,WS301,2012-06-11 09:04:20.570,2530.0000,449206,20,0.0000,20.0000,20,0,双开,S,2530.0000,0.0000,0.0000,0.0000,0.0000,2531.0000,0.0000,0.0000,0.0000,0.0000,197,0,0,0,0,84,0,0,0,0
zc,WS301,2012-06-11 09:04:21.070,2531.0000,449208,2,0.0000,102.0000,52,50,多开,B,2530.0000,0.0000,0.0000,0.0000,0.0000,2531.0000,0.0000,0.0000,0.0000,0.0000,196,0,0,0,0,35,0,0,0,0
zc,WS301,2012-06-11 09:04:21.867,2531.0000,449204,-4,0.0000,6.0000,1,5,空平,B,2530.0000,0.0000,0.0000,0.0000,0.0000,2531.0000,0.0000,0.0000,0.0000,0.0000,196,0,0,0,0,33,0,0,0,0
zc,WS301,2012-06-11 09:04:22.337,2531.0000,449150,-54,0.0000,66.0000,6,60,空平,B,2531.0000,0.0000,0.0000,0.0000,0.0000,2532.0000,0.0000,0.0000,0.0000,0.0000,45,0,0,0,0,153,0,0,0,0
zc,WS301,2012-06-11 09:04:23.037,2531.0000,449106,-44,0.0000,66.0000,11,55,空平,B,2531.0000,0.0000,0.0000,0.0000,0.0000,2532.0000,0.0000,0.0000,0.0000,0.0000,14,0,0,0,0,154,0,0,0,0
zc,WS301,2012-06-11 09:04:23.837,2531.0000,449086,-20,0.0000,34.0000,7,27,空平,B,2530.0000,0.0000,0.0000,0.0000,0.0000,2531.0000,0.0000,0.0000,0.0000,0.0000,208,0,0,0,0,5,0,0,0,0
zc,WS301,2012-06-11 09:04:24.273,2530.0000,449086,0,0.0000,4.0000,2,2,空换,S,2530.0000,0.0000,0.0000,0.0000,0.0000,2531.0000,0.0000,0.0000,0.0000,0.0000,210,0,0,0,0,5,0,0,0,0
zc,WS301,2012-06-11 09:04:25.007,2531.0000,449078,-8,0.0000,10.0000,1,9,空平,B,2531.0000,0.0000,0.0000,0.0000,0.0000,2532.0000,0.0000,0.0000,0.0000,0.0000,57,0,0,0,0,135,0,0,0,0
zc,WS301,2012-06-11 09:04:25.773,2531.0000,449026,-52,0.0000,54.0000,1,53,空平,B,2531.0000,0.0000,0.0000,0.0000,0.0000,2532.0000,0.0000,0.0000,0.0000,0.0000,33,0,0,0,0,134,0,0,0,0
zc,WS301,2012-06-11 09:04:26.287,2531.0000,449026,0,0.0000,4.0000,2,2,多换,B,2531.0000,0.0000,0.0000,0.0000,0.0000,2532.0000,0.0000,0.0000,0.0000,0.0000,32,0,0,0,0,133,0,0,0,0
zc,WS301,2012-06-11 09:04:26.837,2532.0000,449028,2,0.0000,4.0000,3,1,多开,B,2531.0000,0.0000,0.0000,0.0000,0.0000,2532.0000,0.0000,0.0000,0.0000,0.0000,32,0,0,0,0,132,0,0,0,0
zc,WS301,2012-06-11 09:04:27.303,2531.0000,449028,0,0.0000,8.0000,4,4,空换,S,2531.0000,0.0000,0.0000,0.0000,0.0000,2532.0000,0.0000,0.0000,0.0000,0.0000,28,0,0,0,0,133,0,0,0,0
zc,WS301,2012-06-11 09:04:28.570,2532.0000,449028,0,0.0000,12.0000,6,6,多换,B,2531.0000,0.0000,0.0000,0.0000,0.0000,2532.0000,0.0000,0.0000,0.0000,0.0000,35,0,0,0,0,132,0,0,0,0
zc,WS301,2012-06-11 09:04:29.273,2532.0000,449028,0,0.0000,0.0000,0,0,多换,B,2531.0000,0.0000,0.0000,0.0000,0.0000,2532.0000,0.0000,0.0000,0.0000,0.0000,43,0,0,0,0,132,0,0,0,0
zc,WS301,2012-06-11 09:04:29.773,2532.0000,449048,20,0.0000,22.0000,21,1,多开,B,2531.0000,0.0000,0.0000,0.0000,0.0000,2532.0000,0.0000,0.0000,0.0000,0.0000,35,0,0,0,0,131,0,0,0,0
zc,WS301,2012-06-11 09:04:30.570,2532.0000,449048,0,0.0000,4.0000,2,2,多换,B,2531.0000,0.0000,0.0000,0.0000,0.0000,2532.0000,0.0000,0.0000,0.0000,0.0000,36,0,0,0,0,129,0,0,0,0
zc,WS301,2012-06-11 09:04:31.053,2532.0000,449048,0,0.0000,4.0000,2,2,多换,B,2531.0000,0.0000,0.0000,0.0000,0.0000,2532.0000,0.0000,0.0000,0.0000,0.0000,39,0,0,0,0,127,0,0,0,0
zc,WS301,2012-06-11 09:04:31.803,2531.0000,449068,20,0.0000,36.0000,28,8,空开,S,2531.0000,0.0000,0.0000,0.0000,0.0000,2532.0000,0.0000,0.0000,0.0000,0.0000,28,0,0,0,0,120,0,0,0,0
zc,WS301,2012-06-11 09:04:32.320,2531.0000,449068,0,0.0000,4.0000,2,2,空换,S,2531.0000,0.0000,0.0000,0.0000,0.0000,2532.0000,0.0000,0.0000,0.0000,0.0000,27,0,0,0,0,121,0,0,0,0
zc,WS301,2012-06-11 09:04:33.087,2532.0000,449064,-4,0.0000,14.0000,5,9,空平,B,2531.0000,0.0000,0.0000,0.0000,0.0000,2532.0000,0.0000,0.0000,0.0000,0.0000,37,0,0,0,0,114,0,0,0,0
zc,WS301,2012-06-11 09:04:33.570,2532.0000,449064,0,0.0000,0.0000,0,0,多换,B,2531.0000,0.0000,0.0000,0.0000,0.0000,2532.0000,0.0000,0.0000,0.0000,0.0000,37,0,0,0,0,115,0,0,0,0
zc,WS301,2012-06-11 09:04:34.287,2532.0000,449052,-12,0.0000,30.0000,9,21,空平,B,2531.0000,0.0000,0.0000,0.0000,0.0000,2532.0000,0.0000,0.0000,0.0000,0.0000,27,0,0,0,0,110,0,0,0,0
zc,WS301,2012-06-11 09:04:34.757,2532.0000,449052,0,0.0000,0.0000,0,0,多换,B,2531.0000,0.0000,0.0000,0.0000,0.0000,2532.0000,0.0000,0.0000,0.0000,0.0000,41,0,0,0,0,110,0,0,0,0
zc,WS301,2012-06-11 09:04:36.287,2532.0000,449044,-8,0.0000,8.0000,0,8,双平,B,2531.0000,0.0000,0.0000,0.0000,0.0000,2532.0000,0.0000,0.0000,0.0000,0.0000,41,0,0,0,0,106,0,0,0,0
zc,WS301,2012-06-11 09:04:36.773,2532.0000,449046,2,0.0000,12.0000,7,5,多开,B,2531.0000,0.0000,0.0000,0.0000,0.0000,2532.0000,0.0000,0.0000,0.0000,0.0000,41,0,0,0,0,100,0,0,0,0
zc,WS301,2012-06-11 09:04:37.337,2532.0000,449014,-32,0.0000,34.0000,1,33,空平,B,2531.0000,0.0000,0.0000,0.0000,0.0000,2532.0000,0.0000,0.0000,0.0000,0.0000,41,0,0,0,0,93,0,0,0,0
zc,WS301,2012-06-11 09:04:38.287,2532.0000,449014,0,0.0000,8.0000,4,4,多换,B,2531.0000,0.0000,0.0000,0.0000,0.0000,2532.0000,0.0000,0.0000,0.0000,0.0000,42,0,0,0,0,89,0,0,0,0
zc,WS301,2012-06-11 09:04:38.773,2532.0000,449014,0,0.0000,4.0000,2,2,多换,B,2531.0000,0.0000,0.0000,0.0000,0.0000,2532.0000,0.0000,0.0000,0.0000,0.0000,44,0,0,0,0,87,0,0,0,0
zc,WS301,2012-06-11 09:04:39.303,2532.0000,449014,0,0.0000,40.0000,20,20,多换,B,2531.0000,0.0000,0.0000,0.0000,0.0000,2532.0000,0.0000,0.0000,0.0000,0.0000,89,0,0,0,0,67,0,0,0,0
zc,WS301,2012-06-11 09:04:40.037,2532.0000,449014,0,0.0000,20.0000,10,10,多换,B,2531.0000,0.0000,0.0000,0.0000,0.0000,2532.0000,0.0000,0.0000,0.0000,0.0000,92,0,0,0,0,57,0,0,0,0
zc,WS301,2012-06-11 09:04:40.553,2532.0000,449014,0,0.0000,2.0000,1,1,多换,B,2531.0000,0.0000,0.0000,0.0000,0.0000,2532.0000,0.0000,0.0000,0.0000,0.0000,94,0,0,0,0,56,0,0,0,0
zc,WS301,2012-06-11 09:04:41.337,2532.0000,449016,2,0.0000,116.0000,59,57,多开,B,2532.0000,0.0000,0.0000,0.0000,0.0000,2533.0000,0.0000,0.0000,0.0000,0.0000,51,0,0,0,0,334,0,0,0,0
zc,WS301,2012-06-11 09:04:41.757,2532.0000,449016,0,0.0000,4.0000,2,2,多换,B,2532.0000,0.0000,0.0000,0.0000,0.0000,2533.0000,0.0000,0.0000,0.0000,0.0000,54,0,0,0,0,335,0,0,0,0
zc,WS301,2012-06-11 09:04:42.570,2532.0000,449016,0,0.0000,0.0000,0,0,多换,B,2532.0000,0.0000,0.0000,0.0000,0.0000,2533.0000,0.0000,0.0000,0.0000,0.0000,64,0,0,0,0,336,0,0,0,0
zc,WS301,2012-06-11 09:04:43.273,2533.0000,449016,0,0.0000,6.0000,3,3,多换,B,2532.0000,0.0000,0.0000,0.0000,0.0000,2533.0000,0.0000,0.0000,0.0000,0.0000,64,0,0,0,0,333,0,0,0,0
zc,WS301,2012-06-11 09:04:44.070,2533.0000,449016,0,0.0000,50.0000,25,25,多换,B,2532.0000,0.0000,0.0000,0.0000,0.0000,2533.0000,0.0000,0.0000,0.0000,0.0000,46,0,0,0,0,328,0,0,0,0
zc,WS301,2012-06-11 09:04:44.600,2533.0000,449016,0,0.0000,0.0000,0,0,多换,B,2532.0000,0.0000,0.0000,0.0000,0.0000,2533.0000,0.0000,0.0000,0.0000,0.0000,46,0,0,0,0,330,0,0,0,0
zc,WS301,2012-06-11 09:04:45.350,2533.0000,449018,2,0.0000,12.0000,7,5,多开,B,2532.0000,0.0000,0.0000,0.0000,0.0000,2533.0000,0.0000,0.0000,0.0000,0.0000,45,0,0,0,0,325,0,0,0,0
zc,WS301,2012-06-11 09:04:45.727,2532.0000,449018,0,0.0000,22.0000,11,11,空换,S,2532.0000,0.0000,0.0000,0.0000,0.0000,2533.0000,0.0000,0.0000,0.0000,0.0000,34,0,0,0,0,325,0,0,0,0
zc,WS301,2012-06-11 09:04:46.523,2532.0000,449016,-2,0.0000,60.0000,29,31,多平,S,2532.0000,0.0000,0.0000,0.0000,0.0000,2533.0000,0.0000,0.0000,0.0000,0.0000,7,0,0,0,0,325,0,0,0,0
zc,WS301,2012-06-11 09:04:46.837,2532.0000,449010,-6,0.0000,10.0000,2,8,多平,S,2532.0000,0.0000,0.0000,0.0000,0.0000,2533.0000,0.0000,0.0000,0.0000,0.0000,4,0,0,0,0,324,0,0,0,0
zc,WS301,2012-06-11 09:04:47.537,2533.0000,449012,2,0.0000,2.0000,2,0,双开,B,2532.0000,0.0000,0.0000,0.0000,0.0000,2533.0000,0.0000,0.0000,0.0000,0.0000,15,0,0,0,0,323,0,0,0,0
zc,WS301,2012-06-11 09:04:48.053,2533.0000,448996,-16,0.0000,42.0000,13,29,空平,B,2532.0000,0.0000,0.0000,0.0000,0.0000,2533.0000,0.0000,0.0000,0.0000,0.0000,8,0,0,0,0,310,0,0,0,0
zc,WS301,2012-06-11 09:04:48.803,2533.0000,448996,0,0.0000,0.0000,0,0,多换,B,2532.0000,0.0000,0.0000,0.0000,0.0000,2533.0000,0.0000,0.0000,0.0000,0.0000,19,0,0,0,0,310,0,0,0,0
zc,WS301,2012-06-11 09:04:49.337,2533.0000,448994,-2,0.0000,2.0000,0,2,双平,B,2532.0000,0.0000,0.0000,0.0000,0.0000,2533.0000,0.0000,0.0000,0.0000,0.0000,32,0,0,0,0,301,0,0,0,0
zc,WS301,2012-06-11 09:04:50.087,2532.0000,448944,-50,0.0000,96.0000,23,73,多平,S,2531.0000,0.0000,0.0000,0.0000,0.0000,2532.0000,0.0000,0.0000,0.0000,0.0000,328,0,0,0,0,43,0,0,0,0
zc,WS301,2012-06-11 09:04:50.570,2532.0000,448944,0,0.0000,0.0000,0,0,空换,S,2531.0000,0.0000,0.0000,0.0000,0.0000,2532.0000,0.0000,0.0000,0.0000,0.0000,328,0,0,0,0,45,0,0,0,0
zc,WS301,2012-06-11 09:04:51.320,2532.0000,448944,0,0.0000,4.0000,2,2,空换,S,2531.0000,0.0000,0.0000,0.0000,0.0000,2532.0000,0.0000,0.0000,0.0000,0.0000,323,0,0,0,0,43,0,0,0,0
zc,WS301,2012-06-11 09:04:52.587,2532.0000,448944,0,0.0000,20.0000,10,10,空换,S,2531.0000,0.0000,0.0000,0.0000,0.0000,2532.0000,0.0000,0.0000,0.0000,0.0000,323,0,0,0,0,34,0,0,0,0
zc,WS301,2012-06-11 09:04:53.320,2532.0000,448942,-2,0.0000,16.0000,7,9,多平,S,2531.0000,0.0000,0.0000,0.0000,0.0000,2532.0000,0.0000,0.0000,0.0000,0.0000,323,0,0,0,0,26,0,0,0,0
zc,WS301,2012-06-11 09:04:54.320,2532.0000,448942,0,0.0000,4.0000,2,2,空换,S,2531.0000,0.0000,0.0000,0.0000,0.0000,2532.0000,0.0000,0.0000,0.0000,0.0000,323,0,0,0,0,124,0,0,0,0
zc,WS301,2012-06-11 09:04:54.837,2532.0000,448932,-10,0.0000,40.0000,15,25,多平,S,2531.0000,0.0000,0.0000,0.0000,0.0000,2532.0000,0.0000,0.0000,0.0000,0.0000,318,0,0,0,0,104,0,0,0,0
zc,WS301,2012-06-11 09:04:55.570,2532.0000,448932,0,0.0000,0.0000,0,0,空换,S,2531.0000,0.0000,0.0000,0.0000,0.0000,2532.0000,0.0000,0.0000,0.0000,0.0000,319,0,0,0,0,144,0,0,0,0
zc,WS301,2012-06-11 09:04:56.053,2532.0000,448886,-46,0.0000,84.0000,19,65,多平,S,2531.0000,0.0000,0.0000,0.0000,0.0000,2532.0000,0.0000,0.0000,0.0000,0.0000,326,0,0,0,0,109,0,0,0,0
zc,WS301,2012-06-11 09:04:56.837,2532.0000,448886,0,0.0000,0.0000,0,0,空换,S,2531.0000,0.0000,0.0000,0.0000,0.0000,2532.0000,0.0000,0.0000,0.0000,0.0000,330,0,0,0,0,111,0,0,0,0
zc,WS301,2012-06-11 09:04:58.320,2532.0000,448882,-4,0.0000,6.0000,1,5,多平,S,2531.0000,0.0000,0.0000,0.0000,0.0000,2532.0000,0.0000,0.0000,0.0000,0.0000,328,0,0,0,0,109,0,0,0,0
zc,WS301,2012-06-11 09:04:58.850,2532.0000,448874,-8,0.0000,16.0000,4,12,多平,S,2531.0000,0.0000,0.0000,0.0000,0.0000,2532.0000,0.0000,0.0000,0.0000,0.0000,322,0,0,0,0,106,0,0,0,0
zc,WS301,2012-06-11 09:04:59.303,2532.0000,448874,0,0.0000,2.0000,1,1,空换,S,2531.0000,0.0000,0.0000,0.0000,0.0000,2532.0000,0.0000,0.0000,0.0000,0.0000,322,0,0,0,0,107,0,0,0,0
zc,WS301,2012-06-11 09:05:00.100,2531.0000,448870,-4,0.0000,4.0000,0,4,双平,S,2531.0000,0.0000,0.0000,0.0000,0.0000,2532.0000,0.0000,0.0000,0.0000,0.0000,323,0,0,0,0,108,0,0,0,0
zc,WS301,2012-06-11 09:05:00.850,2532.0000,448676,-194,0.0000,204.0000,5,199,空平,B,2531.0000,0.0000,0.0000,0.0000,0.0000,2532.0000,0.0000,0.0000,0.0000,0.0000,370,0,0,0,0,8,0,0,0,0
zc,WS301,2012-06-11 09:05:01.320,2532.0000,448678,2,0.0000,16.0000,9,7,多开,B,2532.0000,0.0000,0.0000,0.0000,0.0000,2533.0000,0.0000,0.0000,0.0000,0.0000,43,0,0,0,0,318,0,0,0,0
zc,WS301,2012-06-11 09:05:02.053,2532.0000,448678,0,0.0000,0.0000,0,0,多换,B,2532.0000,0.0000,0.0000,0.0000,0.0000,2533.0000,0.0000,0.0000,0.0000,0.0000,44,0,0,0,0,318,0,0,0,0
zc,WS301,2012-06-11 09:05:02.850,2532.0000,448678,0,0.0000,110.0000,55,55,多换,B,2531.0000,0.0000,0.0000,0.0000,0.0000,2532.0000,0.0000,0.0000,0.0000,0.0000,359,0,0,0,0,48,0,0,0,0
zc,WS301,2012-06-11 09:05:03.537,2532.0000,448678,0,0.0000,28.0000,14,14,多换,B,2531.0000,0.0000,0.0000,0.0000,0.0000,2532.0000,0.0000,0.0000,0.0000,0.0000,358,0,0,0,0,235,0,0,0,0
zc,WS301,2012-06-11 09:05:04.070,2532.0000,448676,-2,0.0000,32.0000,15,17,空平,B,2531.0000,0.0000,0.0000,0.0000,0.0000,2532.0000,0.0000,0.0000,0.0000,0.0000,352,0,0,0,0,225,0,0,0,0
zc,WS301,2012-06-11 09:05:04.787,2532.0000,448676,0,0.0000,2.0000,1,1,多换,B,2531.0000,0.0000,0.0000,0.0000,0.0000,2532.0000,0.0000,0.0000,0.0000,0.0000,352,0,0,0,0,226,0,0,0,0
zc,WS301,2012-06-11 09:05:05.287,2532.0000,448676,0,0.0000,30.0000,15,15,多换,B,2531.0000,0.0000,0.0000,0.0000,0.0000,2532.0000,0.0000,0.0000,0.0000,0.0000,352,0,0,0,0,211,0,0,0,0
zc,WS301,2012-06-11 09:05:06.053,2532.0000,448676,0,0.0000,0.0000,0,0,多换,B,2531.0000,0.0000,0.0000,0.0000,0.0000,2532.0000,0.0000,0.0000,0.0000,0.0000,352,0,0,0,0,212,0,0,0,0
zc,WS301,2012-06-11 09:05:06.367,2532.0000,448676,0,0.0000,204.0000,102,102,多换,B,2531.0000,0.0000,0.0000,0.0000,0.0000,2532.0000,0.0000,0.0000,0.0000,0.0000,352,0,0,0,0,110,0,0,0,0
zc,WS301,2012-06-11 09:05:07.070,2532.0000,448676,0,0.0000,6.0000,3,3,多换,B,2531.0000,0.0000,0.0000,0.0000,0.0000,2532.0000,0.0000,0.0000,0.0000,0.0000,352,0,0,0,0,107,0,0,0,0
zc,WS301,2012-06-11 09:05:07.820,2531.0000,448676,0,0.0000,2.0000,1,1,空换,S,2531.0000,0.0000,0.0000,0.0000,0.0000,2532.0000,0.0000,0.0000,0.0000,0.0000,351,0,0,0,0,107,0,0,0,0
zc,WS301,2012-06-11 09:05:08.350,2531.0000,448676,0,0.0000,0.0000,0,0,空换,S,2531.0000,0.0000,0.0000,0.0000,0.0000,2532.0000,0.0000,0.0000,0.0000,0.0000,351,0,0,0,0,164,0,0,0,0
zc,WS301,2012-06-11 09:05:09.037,2531.0000,448530,-146,0.0000,170.0000,12,158,多平,S,2531.0000,0.0000,0.0000,0.0000,0.0000,2532.0000,0.0000,0.0000,0.0000,0.0000,350,0,0,0,0,80,0,0,0,0
zc,WS301,2012-06-11 09:05:09.600,2531.0000,448530,0,0.0000,0.0000,0,0,空换,S,2531.0000,0.0000,0.0000,0.0000,0.0000,2532.0000,0.0000,0.0000,0.0000,0.0000,351,0,0,0,0,80,0,0,0,0
zc,WS301,2012-06-11 09:05:10.337,2531.0000,448530,0,0.0000,2.0000,1,1,空换,S,2531.0000,0.0000,0.0000,0.0000,0.0000,2532.0000,0.0000,0.0000,0.0000,0.0000,350,0,0,0,0,82,0,0,0,0
zc,WS301,2012-06-11 09:05:11.070,2531.0000,448530,0,0.0000,44.0000,22,22,空换,S,2531.0000,0.0000,0.0000,0.0000,0.0000,2532.0000,0.0000,0.0000,0.0000,0.0000,349,0,0,0,0,111,0,0,0,0
zc,WS301,2012-06-11 09:05:11.553,2532.0000,448552,22,0.0000,26.0000,24,2,多开,B,2531.0000,0.0000,0.0000,0.0000,0.0000,2532.0000,0.0000,0.0000,0.0000,0.0000,353,0,0,0,0,100,0,0,0,0
zc,WS301,2012-06-11 09:05:12.320,2531.0000,448670,118,0.0000,120.0000,119,1,空开,S,2531.0000,0.0000,0.0000,0.0000,0.0000,2532.0000,0.0000,0.0000,0.0000,0.0000,295,0,0,0,0,157,0,0,0,0
zc,WS301,2012-06-11 09:05:13.037,2531.0000,448660,-10,0.0000,60.0000,25,35,多平,S,2531.0000,0.0000,0.0000,0.0000,0.0000,2532.0000,0.0000,0.0000,0.0000,0.0000,273,0,0,0,0,212,0,0,0,0
zc,WS301,2012-06-11 09:05:13.600,2532.0000,448664,4,0.0000,4.0000,4,0,双开,B,2531.0000,0.0000,0.0000,0.0000,0.0000,2532.0000,0.0000,0.0000,0.0000,0.0000,273,0,0,0,0,211,0,0,0,0
zc,WS301,2012-06-11 09:05:14.320,2531.0000,448668,4,0.0000,4.0000,4,0,双开,S,2531.0000,0.0000,0.0000,0.0000,0.0000,2532.0000,0.0000,0.0000,0.0000,0.0000,271,0,0,0,0,211,0,0,0,0
zc,WS301,2012-06-11 09:05:14.820,2532.0000,448670,2,0.0000,6.0000,4,2,多开,B,2531.0000,0.0000,0.0000,0.0000,0.0000,2532.0000,0.0000,0.0000,0.0000,0.0000,271,0,0,0,0,208,0,0,0,0
zc,WS301,2012-06-11 09:05:15.587,2532.0000,448676,6,0.0000,6.0000,6,0,双开,B,2531.0000,0.0000,0.0000,0.0000,0.0000,2532.0000,0.0000,0.0000,0.0000,0.0000,271,0,0,0,0,255,0,0,0,0
zc,WS301,2012-06-11 09:05:16.070,2532.0000,448678,2,0.0000,4.0000,3,1,多开,B,2531.0000,0.0000,0.0000,0.0000,0.0000,2532.0000,0.0000,0.0000,0.0000,0.0000,270,0,0,0,0,254,0,0,0,0
zc,WS301,2012-06-11 09:05:16.773,2532.0000,448756,78,0.0000,100.0000,89,11,多开,B,2531.0000,0.0000,0.0000,0.0000,0.0000,2532.0000,0.0000,0.0000,0.0000,0.0000,275,0,0,0,0,207,0,0,0,0
zc,WS301,2012-06-11 09:05:18.070,2532.0000,448756,0,0.0000,6.0000,3,3,多换,B,2531.0000,0.0000,0.0000,0.0000,0.0000,2532.0000,0.0000,0.0000,0.0000,0.0000,275,0,0,0,0,204,0,0,0,0
zc,WS301,2012-06-11 09:05:18.350,2532.0000,448756,0,0.0000,0.0000,0,0,多换,B,2531.0000,0.0000,0.0000,0.0000,0.0000,2532.0000,0.0000,0.0000,0.0000,0.0000,275,0,0,0,0,224,0,0,0,0
zc,WS301,2012-06-11 09:05:19.070,2531.0000,448756,0,0.0000,18.0000,9,9,空换,S,2531.0000,0.0000,0.0000,0.0000,0.0000,2532.0000,0.0000,0.0000,0.0000,0.0000,272,0,0,0,0,219,0,0,0,0
zc,WS301,2012-06-11 09:05:19.570,2532.0000,448756,0,0.0000,100.0000,50,50,多换,B,2531.0000,0.0000,0.0000,0.0000,0.0000,2532.0000,0.0000,0.0000,0.0000,0.0000,272,0,0,0,0,169,0,0,0,0
zc,WS301,2012-06-11 09:05:20.273,2532.0000,448756,0,0.0000,6.0000,3,3,多换,B,2531.0000,0.0000,0.0000,0.0000,0.0000,2532.0000,0.0000,0.0000,0.0000,0.0000,272,0,0,0,0,167,0,0,0,0
zc,WS301,2012-06-11 09:05:21.053,2532.0000,448756,0,0.0000,8.0000,4,4,多换,B,2531.0000,0.0000,0.0000,0.0000,0.0000,2532.0000,0.0000,0.0000,0.0000,0.0000,272,0,0,0,0,163,0,0,0,0
zc,WS301,2012-06-11 09:05:21.587,2532.0000,448756,0,0.0000,2.0000,1,1,多换,B,2531.0000,0.0000,0.0000,0.0000,0.0000,2532.0000,0.0000,0.0000,0.0000,0.0000,272,0,0,0,0,164,0,0,0,0
zc,WS301,2012-06-11 09:05:22.023,2532.0000,448756,0,0.0000,12.0000,6,6,多换,B,2531.0000,0.0000,0.0000,0.0000,0.0000,2532.0000,0.0000,0.0000,0.0000,0.0000,272,0,0,0,0,158,0,0,0,0
zc,WS301,2012-06-11 09:05:23.053,2532.0000,448754,-2,0.0000,2.0000,0,2,双平,B,2531.0000,0.0000,0.0000,0.0000,0.0000,2532.0000,0.0000,0.0000,0.0000,0.0000,272,0,0,0,0,157,0,0,0,0
zc,WS301,2012-06-11 09:05:23.553,2532.0000,448754,0,0.0000,64.0000,32,32,多换,B,2531.0000,0.0000,0.0000,0.0000,0.0000,2532.0000,0.0000,0.0000,0.0000,0.0000,252,0,0,0,0,155,0,0,0,0
zc,WS301,2012-06-11 09:05:24.053,2532.0000,448754,0,0.0000,0.0000,0,0,多换,B,2531.0000,0.0000,0.0000,0.0000,0.0000,2532.0000,0.0000,0.0000,0.0000,0.0000,253,0,0,0,0,155,0,0,0,0
zc,WS301,2012-06-11 09:05:24.773,2532.0000,448754,0,0.0000,0.0000,0,0,多换,B,2531.0000,0.0000,0.0000,0.0000,0.0000,2532.0000,0.0000,0.0000,0.0000,0.0000,250,0,0,0,0,156,0,0,0,0
zc,WS301,2012-06-11 09:05:25.053,2532.0000,448756,2,0.0000,212.0000,107,105,多开,B,2531.0000,0.0000,0.0000,0.0000,0.0000,2532.0000,0.0000,0.0000,0.0000,0.0000,251,0,0,0,0,50,0,0,0,0
zc,WS301,2012-06-11 09:05:25.773,2532.0000,448758,2,0.0000,4.0000,3,1,多开,B,2531.0000,0.0000,0.0000,0.0000,0.0000,2532.0000,0.0000,0.0000,0.0000,0.0000,250,0,0,0,0,49,0,0,0,0
zc,WS301,2012-06-11 09:05:26.287,2532.0000,448758,0,0.0000,12.0000,6,6,多换,B,2531.0000,0.0000,0.0000,0.0000,0.0000,2532.0000,0.0000,0.0000,0.0000,0.0000,249,0,0,0,0,46,0,0,0,0
zc,WS301,2012-06-11 09:05:27.070,2532.0000,448758,0,0.0000,0.0000,0,0,多换,B,2531.0000,0.0000,0.0000,0.0000,0.0000,2532.0000,0.0000,0.0000,0.0000,0.0000,249,0,0,0,0,86,0,0,0,0
zc,WS301,2012-06-11 09:05:27.553,2531.0000,448758,0,0.0000,84.0000,42,42,空换,S,2531.0000,0.0000,0.0000,0.0000,0.0000,2532.0000,0.0000,0.0000,0.0000,0.0000,209,0,0,0,0,84,0,0,0,0
zc,WS301,2012-06-11 09:05:28.273,2532.0000,448758,0,0.0000,12.0000,6,6,多换,B,2531.0000,0.0000,0.0000,0.0000,0.0000,2532.0000,0.0000,0.0000,0.0000,0.0000,210,0,0,0,0,79,0,0,0,0
zc,WS301,2012-06-11 09:05:28.820,2532.0000,448758,0,0.0000,12.0000,6,6,多换,B,2531.0000,0.0000,0.0000,0.0000,0.0000,2532.0000,0.0000,0.0000,0.0000,0.0000,211,0,0,0,0,73,0,0,0,0
zc,WS301,2012-06-11 09:05:29.537,2531.0000,448758,0,0.0000,300.0000,150,150,空换,S,2531.0000,0.0000,0.0000,0.0000,0.0000,2532.0000,0.0000,0.0000,0.0000,0.0000,61,0,0,0,0,73,0,0,0,0
zc,WS301,2012-06-11 09:05:30.053,2532.0000,448758,0,0.0000,4.0000,2,2,多换,B,2531.0000,0.0000,0.0000,0.0000,0.0000,2532.0000,0.0000,0.0000,0.0000,0.0000,62,0,0,0,0,71,0,0,0,0
zc,WS301,2012-06-11 09:05:30.757,2532.0000,448758,0,0.0000,2.0000,1,1,多换,B,2531.0000,0.0000,0.0000,0.0000,0.0000,2532.0000,0.0000,0.0000,0.0000,0.0000,63,0,0,0,0,70,0,0,0,0
zc,WS301,2012-06-11 09:05:31.303,2532.0000,448758,0,0.0000,2.0000,1,1,多换,B,2531.0000,0.0000,0.0000,0.0000,0.0000,2532.0000,0.0000,0.0000,0.0000,0.0000,64,0,0,0,0,69,0,0,0,0
zc,WS301,2012-06-11 09:05:31.787,2531.0000,448758,0,0.0000,22.0000,11,11,空换,S,2531.0000,0.0000,0.0000,0.0000,0.0000,2532.0000,0.0000,0.0000,0.0000,0.0000,48,0,0,0,0,69,0,0,0,0
zc,WS301,2012-06-11 09:05:32.523,2531.0000,448778,20,0.0000,20.0000,20,0,双开,S,2531.0000,0.0000,0.0000,0.0000,0.0000,2532.0000,0.0000,0.0000,0.0000,0.0000,38,0,0,0,0,71,0,0,0,0
zc,WS301,2012-06-11 09:05:33.273,2532.0000,448778,0,0.0000,58.0000,29,29,多换,B,2531.0000,0.0000,0.0000,0.0000,0.0000,2532.0000,0.0000,0.0000,0.0000,0.0000,25,0,0,0,0,61,0,0,0,0
zc,WS301,2012-06-11 09:05:34.037,2532.0000,448778,0,0.0000,10.0000,5,5,多换,B,2531.0000,0.0000,0.0000,0.0000,0.0000,2532.0000,0.0000,0.0000,0.0000,0.0000,25,0,0,0,0,57,0,0,0,0
zc,WS301,2012-06-11 09:05:34.257,2531.0000,448780,2,0.0000,4.0000,3,1,空开,S,2531.0000,0.0000,0.0000,0.0000,0.0000,2532.0000,0.0000,0.0000,0.0000,0.0000,29,0,0,0,0,65,0,0,0,0
zc,WS301,2012-06-11 09:05:35.007,2531.0000,448760,-20,0.0000,34.0000,7,27,多平,S,2531.0000,0.0000,0.0000,0.0000,0.0000,2532.0000,0.0000,0.0000,0.0000,0.0000,12,0,0,0,0,65,0,0,0,0
zc,WS301,2012-06-11 09:05:35.507,2531.0000,448760,0,0.0000,0.0000,0,0,空换,S,2531.0000,0.0000,0.0000,0.0000,0.0000,2532.0000,0.0000,0.0000,0.0000,0.0000,12,0,0,0,0,70,0,0,0,0
zc,WS301,2012-06-11 09:05:36.320,2531.0000,448760,0,0.0000,6.0000,3,3,空换,S,2531.0000,0.0000,0.0000,0.0000,0.0000,2532.0000,0.0000,0.0000,0.0000,0.0000,9,0,0,0,0,70,0,0,0,0
zc,WS301,2012-06-11 09:05:36.803,2531.0000,448760,0,0.0000,0.0000,0,0,空换,S,2531.0000,0.0000,0.0000,0.0000,0.0000,2532.0000,0.0000,0.0000,0.0000,0.0000,10,0,0,0,0,71,0,0,0,0
zc,WS301,2012-06-11 09:05:37.537,2531.0000,448760,0,0.0000,0.0000,0,0,空换,S,2531.0000,0.0000,0.0000,0.0000,0.0000,2532.0000,0.0000,0.0000,0.0000,0.0000,11,0,0,0,0,74,0,0,0,0
zc,WS301,2012-06-11 09:05:38.023,2531.0000,448760,0,0.0000,30.0000,15,15,空换,S,2530.0000,0.0000,0.0000,0.0000,0.0000,2531.0000,0.0000,0.0000,0.0000,0.0000,146,0,0,0,0,115,0,0,0,0
zc,WS301,2012-06-11 09:05:38.507,2531.0000,448760,0,0.0000,0.0000,0,0,空换,S,2530.0000,0.0000,0.0000,0.0000,0.0000,2531.0000,0.0000,0.0000,0.0000,0.0000,146,0,0,0,0,125,0,0,0,0
zc,WS301,2012-06-11 09:05:39.303,2531.0000,448760,0,0.0000,0.0000,0,0,空换,S,2530.0000,0.0000,0.0000,0.0000,0.0000,2531.0000,0.0000,0.0000,0.0000,0.0000,146,0,0,0,0,196,0,0,0,0
zc,WS301,2012-06-11 09:05:39.787,2530.0000,448998,238,0.0000,290.0000,264,26,空开,S,2529.0000,0.0000,0.0000,0.0000,0.0000,2530.0000,0.0000,0.0000,0.0000,0.0000,175,0,0,0,0,8,0,0,0,0
zc,WS301,2012-06-11 09:05:40.553,2530.0000,448998,0,0.0000,0.0000,0,0,空换,S,2529.0000,0.0000,0.0000,0.0000,0.0000,2530.0000,0.0000,0.0000,0.0000,0.0000,176,0,0,0,0,8,0,0,0,0
zc,WS301,2012-06-11 09:05:41.007,2530.0000,449000,2,0.0000,2.0000,2,0,双开,S,2529.0000,0.0000,0.0000,0.0000,0.0000,2530.0000,0.0000,0.0000,0.0000,0.0000,179,0,0,0,0,7,0,0,0,0
zc,WS301,2012-06-11 09:05:41.820,2531.0000,449010,10,0.0000,28.0000,19,9,多开,B,2529.0000,0.0000,0.0000,0.0000,0.0000,2531.0000,0.0000,0.0000,0.0000,0.0000,179,0,0,0,0,199,0,0,0,0
zc,WS301,2012-06-11 09:05:42.287,2531.0000,449010,0,0.0000,0.0000,0,0,多换,B,2530.0000,0.0000,0.0000,0.0000,0.0000,2531.0000,0.0000,0.0000,0.0000,0.0000,2,0,0,0,0,232,0,0,0,0
zc,WS301,2012-06-11 09:05:42.803,2531.0000,449010,0,0.0000,8.0000,4,4,多换,B,2530.0000,0.0000,0.0000,0.0000,0.0000,2531.0000,0.0000,0.0000,0.0000,0.0000,2,0,0,0,0,228,0,0,0,0
zc,WS301,2012-06-11 09:05:43.320,2531.0000,449010,0,0.0000,4.0000,2,2,多换,B,2530.0000,0.0000,0.0000,0.0000,0.0000,2531.0000,0.0000,0.0000,0.0000,0.0000,4,0,0,0,0,226,0,0,0,0
zc,WS301,2012-06-11 09:05:43.990,2530.0000,449010,0,0.0000,20.0000,10,10,空换,S,2530.0000,0.0000,0.0000,0.0000,0.0000,2531.0000,0.0000,0.0000,0.0000,0.0000,44,0,0,0,0,219,0,0,0,0
zc,WS301,2012-06-11 09:05:45.523,2530.0000,449010,0,0.0000,0.0000,0,0,空换,S,2530.0000,0.0000,0.0000,0.0000,0.0000,2531.0000,0.0000,0.0000,0.0000,0.0000,47,0,0,0,0,219,0,0,0,0
zc,WS301,2012-06-11 09:05:46.053,2531.0000,449010,0,0.0000,44.0000,22,22,多换,B,2530.0000,0.0000,0.0000,0.0000,0.0000,2531.0000,0.0000,0.0000,0.0000,0.0000,46,0,0,0,0,198,0,0,0,0
zc,WS301,2012-06-11 09:05:46.490,2530.0000,449010,0,0.0000,10.0000,5,5,空换,S,2530.0000,0.0000,0.0000,0.0000,0.0000,2531.0000,0.0000,0.0000,0.0000,0.0000,57,0,0,0,0,197,0,0,0,0
zc,WS301,2012-06-11 09:05:47.053,2531.0000,449010,0,0.0000,14.0000,7,7,多换,B,2530.0000,0.0000,0.0000,0.0000,0.0000,2531.0000,0.0000,0.0000,0.0000,0.0000,53,0,0,0,0,195,0,0,0,0
zc,WS301,2012-06-11 09:05:47.787,2530.0000,449010,0,0.0000,8.0000,4,4,空换,S,2530.0000,0.0000,0.0000,0.0000,0.0000,2531.0000,0.0000,0.0000,0.0000,0.0000,50,0,0,0,0,200,0,0,0,0
zc,WS301,2012-06-11 09:05:48.320,2530.0000,449010,0,0.0000,16.0000,8,8,空换,S,2530.0000,0.0000,0.0000,0.0000,0.0000,2531.0000,0.0000,0.0000,0.0000,0.0000,43,0,0,0,0,199,0,0,0,0
zc,WS301,2012-06-11 09:05:49.023,2530.0000,449012,2,0.0000,10.0000,6,4,空开,S,2530.0000,0.0000,0.0000,0.0000,0.0000,2531.0000,0.0000,0.0000,0.0000,0.0000,39,0,0,0,0,198,0,0,0,0
zc,WS301,2012-06-11 09:05:50.337,2530.0000,449012,0,0.0000,14.0000,7,7,空换,S,2530.0000,0.0000,0.0000,0.0000,0.0000,2531.0000,0.0000,0.0000,0.0000,0.0000,39,0,0,0,0,198,0,0,0,0
zc,WS301,2012-06-11 09:05:51.037,2531.0000,449012,0,0.0000,44.0000,22,22,多换,B,2530.0000,0.0000,0.0000,0.0000,0.0000,2531.0000,0.0000,0.0000,0.0000,0.0000,39,0,0,0,0,176,0,0,0,0
zc,WS301,2012-06-11 09:05:51.523,2531.0000,449012,0,0.0000,0.0000,0,0,多换,B,2530.0000,0.0000,0.0000,0.0000,0.0000,2531.0000,0.0000,0.0000,0.0000,0.0000,40,0,0,0,0,177,0,0,0,0
zc,WS301,2012-06-11 09:05:52.007,2530.0000,449012,0,0.0000,8.0000,4,4,空换,S,2530.0000,0.0000,0.0000,0.0000,0.0000,2531.0000,0.0000,0.0000,0.0000,0.0000,36,0,0,0,0,178,0,0,0,0
zc,WS301,2012-06-11 09:05:52.570,2530.0000,449012,0,0.0000,2.0000,1,1,空换,S,2530.0000,0.0000,0.0000,0.0000,0.0000,2531.0000,0.0000,0.0000,0.0000,0.0000,37,0,0,0,0,178,0,0,0,0
zc,WS301,2012-06-11 09:05:53.320,2530.0000,449012,0,0.0000,0.0000,0,0,空换,S,2530.0000,0.0000,0.0000,0.0000,0.0000,2531.0000,0.0000,0.0000,0.0000,0.0000,41,0,0,0,0,178,0,0,0,0
zc,WS301,2012-06-11 09:05:53.820,2530.0000,449014,2,0.0000,2.0000,2,0,双开,S,2530.0000,0.0000,0.0000,0.0000,0.0000,2531.0000,0.0000,0.0000,0.0000,0.0000,50,0,0,0,0,179,0,0,0,0
zc,WS301,2012-06-11 09:05:54.537,2530.0000,449014,0,0.0000,8.0000,4,4,空换,S,2530.0000,0.0000,0.0000,0.0000,0.0000,2531.0000,0.0000,0.0000,0.0000,0.0000,50,0,0,0,0,157,0,0,0,0
zc,WS301,2012-06-11 09:05:55.037,2530.0000,449014,0,0.0000,0.0000,0,0,空换,S,2530.0000,0.0000,0.0000,0.0000,0.0000,2531.0000,0.0000,0.0000,0.0000,0.0000,55,0,0,0,0,157,0,0,0,0
zc,WS301,2012-06-11 09:05:55.820,2531.0000,449020,6,0.0000,16.0000,11,5,多开,B,2530.0000,0.0000,0.0000,0.0000,0.0000,2531.0000,0.0000,0.0000,0.0000,0.0000,51,0,0,0,0,153,0,0,0,0
zc,WS301,2012-06-11 09:05:56.273,2530.0000,449020,0,0.0000,42.0000,21,21,空换,S,2530.0000,0.0000,0.0000,0.0000,0.0000,2531.0000,0.0000,0.0000,0.0000,0.0000,47,0,0,0,0,137,0,0,0,0
zc,WS301,2012-06-11 09:05:57.570,2530.0000,449020,0,0.0000,82.0000,41,41,空换,S,2530.0000,0.0000,0.0000,0.0000,0.0000,2531.0000,0.0000,0.0000,0.0000,0.0000,26,0,0,0,0,137,0,0,0,0
zc,WS301,2012-06-11 09:05:58.037,2531.0000,449020,0,0.0000,8.0000,4,4,多换,B,2530.0000,0.0000,0.0000,0.0000,0.0000,2531.0000,0.0000,0.0000,0.0000,0.0000,26,0,0,0,0,136,0,0,0,0
zc,WS301,2012-06-11 09:05:58.837,2530.0000,449020,0,0.0000,82.0000,41,41,空换,S,2529.0000,0.0000,0.0000,0.0000,0.0000,2530.0000,0.0000,0.0000,0.0000,0.0000,78,0,0,0,0,15,0,0,0,0
zc,WS301,2012-06-11 09:05:59.273,2530.0000,449020,0,0.0000,8.0000,4,4,空换,S,2529.0000,0.0000,0.0000,0.0000,0.0000,2530.0000,0.0000,0.0000,0.0000,0.0000,89,0,0,0,0,61,0,0,0,0
zc,WS301,2012-06-11 09:06:00.087,2529.0000,449020,0,0.0000,6.0000,3,3,空换,S,2529.0000,0.0000,0.0000,0.0000,0.0000,2530.0000,0.0000,0.0000,0.0000,0.0000,90,0,0,0,0,61,0,0,0,0
zc,WS301,2012-06-11 09:06:00.570,2530.0000,449020,0,0.0000,4.0000,2,2,多换,B,2529.0000,0.0000,0.0000,0.0000,0.0000,2530.0000,0.0000,0.0000,0.0000,0.0000,90,0,0,0,0,63,0,0,0,0
zc,WS301,2012-06-11 09:06:01.337,2530.0000,449020,0,0.0000,6.0000,3,3,多换,B,2529.0000,0.0000,0.0000,0.0000,0.0000,2530.0000,0.0000,0.0000,0.0000,0.0000,89,0,0,0,0,63,0,0,0,0
zc,WS301,2012-06-11 09:06:01.787,2530.0000,449022,2,0.0000,14.0000,8,6,多开,B,2529.0000,0.0000,0.0000,0.0000,0.0000,2530.0000,0.0000,0.0000,0.0000,0.0000,88,0,0,0,0,58,0,0,0,0
zc,WS301,2012-06-11 09:06:02.647,2530.0000,449022,0,0.0000,20.0000,10,10,多换,B,2529.0000,0.0000,0.0000,0.0000,0.0000,2530.0000,0.0000,0.0000,0.0000,0.0000,89,0,0,0,0,49,0,0,0,0
