市场代码,合约代码,时间,最新,持仓,增仓,成交额,成交量,开仓,平仓,成交类型,方向,买一价,买二价,买三价,买四价,买五价,卖一价,卖二价,卖三价,卖四价,卖五价,买一量,买二量,买三量,买四量,买五量,卖一量,卖二量,卖三量,卖四量,卖五量
zc,WT209,2012-06-11 08:05:01.147,0.0000,4530,0,0.0000,0.0000,0,0,空换,S,0.0000,0.0000,0.0000,0.0000,0.0000,0.0000,0.0000,0.0000,0.0000,0.0000,0,0,0,0,0,0,0,0,0,0
zc,WT209,2012-06-11 08:06:01.133,0.0000,4530,0,0.0000,0.0000,0,0,空换,S,0.0000,0.0000,0.0000,0.0000,0.0000,0.0000,0.0000,0.0000,0.0000,0.0000,0,0,0,0,0,0,0,0,0,0
zc,WT209,2012-06-11 08:13:01.133,0.0000,4530,0,0.0000,0.0000,0,0,空换,S,0.0000,0.0000,0.0000,0.0000,0.0000,0.0000,0.0000,0.0000,0.0000,0.0000,0,0,0,0,0,0,0,0,0,0
zc,WT209,2012-06-11 08:35:02.447,0.0000,4530,0,0.0000,0.0000,0,0,空换,S,0.0000,0.0000,0.0000,0.0000,0.0000,0.0000,0.0000,0.0000,0.0000,0.0000,0,0,0,0,0,0,0,0,0,0
zc,WT209,2012-06-11 08:37:02.447,0.0000,4530,0,0.0000,0.0000,0,0,空换,S,0.0000,0.0000,0.0000,0.0000,0.0000,0.0000,0.0000,0.0000,0.0000,0.0000,0,0,0,0,0,0,0,0,0,0
zc,WT209,2012-06-11 08:45:02.447,0.0000,4530,0,0.0000,0.0000,0,0,空换,S,0.0000,0.0000,0.0000,0.0000,0.0000,0.0000,0.0000,0.0000,0.0000,0.0000,0,0,0,0,0,0,0,0,0,0
zc,WT209,2012-06-11 08:53:02.477,0.0000,4530,0,0.0000,0.0000,0,0,空换,S,0.0000,0.0000,0.0000,0.0000,0.0000,0.0000,0.0000,0.0000,0.0000,0.0000,0,0,0,0,0,0,0,0,0,0
zc,WT209,2012-06-11 08:55:02.460,0.0000,4530,0,0.0000,0.0000,0,0,空换,S,0.0000,0.0000,0.0000,0.0000,0.0000,0.0000,0.0000,0.0000,0.0000,0.0000,0,0,0,0,0,0,0,0,0,0
zc,WT209,2012-06-11 09:00:17.163,2163.0000,4524,-6,0.0000,10.0000,2,8,空平,B,2161.0000,0.0000,0.0000,0.0000,0.0000,2163.0000,0.0000,0.0000,0.0000,0.0000,1,0,0,0,0,2,0,0,0,0
zc,WT209,2012-06-11 09:00:23.617,2163.0000,4524,0,0.0000,2.0000,1,1,多换,B,2161.0000,0.0000,0.0000,0.0000,0.0000,2163.0000,0.0000,0.0000,0.0000,0.0000,1,0,0,0,0,1,0,0,0,0
zc,WT209,2012-06-11 09:00:24.337,2163.0000,4522,-2,0.0000,2.0000,0,2,双平,B,2163.0000,0.0000,0.0000,0.0000,0.0000,2172.0000,0.0000,0.0000,0.0000,0.0000,4,0,0,0,0,1,0,0,0,0
zc,WT209,2012-06-11 09:00:25.867,2163.0000,4522,0,0.0000,0.0000,0,0,多换,B,2163.0000,0.0000,0.0000,0.0000,0.0000,2172.0000,0.0000,0.0000,0.0000,0.0000,5,0,0,0,0,1,0,0,0,0
zc,WT209,2012-06-11 09:00:27.350,2163.0000,4522,0,0.0000,0.0000,0,0,多换,B,2163.0000,0.0000,0.0000,0.0000,0.0000,2172.0000,0.0000,0.0000,0.0000,0.0000,7,0,0,0,0,1,0,0,0,0
zc,WT209,2012-06-11 09:00:29.617,2163.0000,4522,0,0.0000,0.0000,0,0,多换,B,2163.0000,0.0000,0.0000,0.0000,0.0000,2172.0000,0.0000,0.0000,0.0000,0.0000,5,0,0,0,0,1,0,0,0,0
zc,WT209,2012-06-11 09:00:30.883,2163.0000,4522,0,0.0000,0.0000,0,0,多换,B,2163.0000,0.0000,0.0000,0.0000,0.0000,2168.0000,0.0000,0.0000,0.0000,0.0000,5,0,0,0,0,1,0,0,0,0
zc,WT209,2012-06-11 09:01:23.367,2168.0000,4522,0,0.0000,2.0000,1,1,多换,B,2163.0000,0.0000,0.0000,0.0000,0.0000,2170.0000,0.0000,0.0000,0.0000,0.0000,5,0,0,0,0,2,0,0,0,0
zc,WT209,2012-06-11 09:01:29.633,2168.0000,4522,0,0.0000,0.0000,0,0,多换,B,2163.0000,0.0000,0.0000,0.0000,0.0000,2170.0000,0.0000,0.0000,0.0000,0.0000,9,0,0,0,0,2,0,0,0,0
zc,WT209,2012-06-11 09:01:36.087,2168.0000,4522,0,0.0000,0.0000,0,0,多换,B,2163.0000,0.0000,0.0000,0.0000,0.0000,2170.0000,0.0000,0.0000,0.0000,0.0000,12,0,0,0,0,2,0,0,0,0
zc,WT209,2012-06-11 09:01:38.350,2168.0000,4522,0,0.0000,0.0000,0,0,多换,B,2164.0000,0.0000,0.0000,0.0000,0.0000,2170.0000,0.0000,0.0000,0.0000,0.0000,2,0,0,0,0,2,0,0,0,0
zc,WT209,2012-06-11 09:01:57.367,2168.0000,4522,0,0.0000,0.0000,0,0,多换,B,2164.0000,0.0000,0.0000,0.0000,0.0000,2169.0000,0.0000,0.0000,0.0000,0.0000,2,0,0,0,0,1,0,0,0,0
zc,WT209,2012-06-11 09:02:03.600,2168.0000,4522,0,0.0000,0.0000,0,0,多换,B,2165.0000,0.0000,0.0000,0.0000,0.0000,2169.0000,0.0000,0.0000,0.0000,0.0000,3,0,0,0,0,1,0,0,0,0
zc,WT209,2012-06-11 09:02:08.100,2168.0000,4522,0,0.0000,0.0000,0,0,多换,B,2165.0000,0.0000,0.0000,0.0000,0.0000,2169.0000,0.0000,0.0000,0.0000,0.0000,7,0,0,0,0,1,0,0,0,0
zc,WT209,2012-06-11 09:02:10.070,2169.0000,4522,0,0.0000,2.0000,1,1,多换,B,2165.0000,0.0000,0.0000,0.0000,0.0000,2170.0000,0.0000,0.0000,0.0000,0.0000,7,0,0,0,0,2,0,0,0,0
zc,WT209,2012-06-11 09:02:13.087,2169.0000,4522,0,0.0000,0.0000,0,0,多换,B,2166.0000,0.0000,0.0000,0.0000,0.0000,2170.0000,0.0000,0.0000,0.0000,0.0000,2,0,0,0,0,2,0,0,0,0
zc,WT209,2012-06-11 09:02:22.180,2170.0000,4526,4,0.0000,4.0000,4,0,双开,B,2170.0000,0.0000,0.0000,0.0000,0.0000,2172.0000,0.0000,0.0000,0.0000,0.0000,8,0,0,0,0,1,0,0,0,0
zc,WT209,2012-06-11 09:02:29.553,2170.0000,4536,10,0.0000,10.0000,10,0,双开,B,2166.0000,0.0000,0.0000,0.0000,0.0000,2172.0000,0.0000,0.0000,0.0000,0.0000,2,0,0,0,0,1,0,0,0,0
zc,WT209,2012-06-11 09:02:38.087,2170.0000,4536,0,0.0000,0.0000,0,0,多换,B,2166.0000,0.0000,0.0000,0.0000,0.0000,2172.0000,0.0000,0.0000,0.0000,0.0000,2,0,0,0,0,4,0,0,0,0
zc,WT209,2012-06-11 09:02:39.320,2172.0000,4540,4,0.0000,6.0000,5,1,多开,B,2166.0000,0.0000,0.0000,0.0000,0.0000,2172.0000,0.0000,0.0000,0.0000,0.0000,2,0,0,0,0,1,0,0,0,0
zc,WT209,2012-06-11 09:02:43.100,2172.0000,4540,0,0.0000,0.0000,0,0,多换,B,2166.0000,0.0000,0.0000,0.0000,0.0000,2172.0000,0.0000,0.0000,0.0000,0.0000,2,0,0,0,0,5,0,0,0,0
zc,WT209,2012-06-11 09:02:45.820,2166.0000,4540,0,0.0000,4.0000,2,2,空换,S,2165.0000,0.0000,0.0000,0.0000,0.0000,2166.0000,0.0000,0.0000,0.0000,0.0000,7,0,0,0,0,3,0,0,0,0
zc,WT209,2012-06-11 09:02:46.303,2166.0000,4540,0,0.0000,6.0000,3,3,空换,S,2166.0000,0.0000,0.0000,0.0000,0.0000,2172.0000,0.0000,0.0000,0.0000,0.0000,2,0,0,0,0,5,0,0,0,0
zc,WT209,2012-06-11 09:02:50.133,2166.0000,4540,0,0.0000,0.0000,0,0,空换,S,2165.0000,0.0000,0.0000,0.0000,0.0000,2172.0000,0.0000,0.0000,0.0000,0.0000,4,0,0,0,0,5,0,0,0,0
zc,WT209,2012-06-11 09:02:50.867,2166.0000,4540,0,0.0000,0.0000,0,0,空换,S,2165.0000,0.0000,0.0000,0.0000,0.0000,2167.0000,0.0000,0.0000,0.0000,0.0000,4,0,0,0,0,5,0,0,0,0
zc,WT209,2012-06-11 09:02:51.320,2167.0000,4540,0,0.0000,10.0000,5,5,多换,B,2167.0000,0.0000,0.0000,0.0000,0.0000,2172.0000,0.0000,0.0000,0.0000,0.0000,5,0,0,0,0,5,0,0,0,0
zc,WT209,2012-06-11 09:02:53.820,2167.0000,4540,0,0.0000,0.0000,0,0,多换,B,2167.0000,0.0000,0.0000,0.0000,0.0000,2172.0000,0.0000,0.0000,0.0000,0.0000,9,0,0,0,0,5,0,0,0,0
zc,WT209,2012-06-11 09:02:55.587,2167.0000,4540,0,0.0000,0.0000,0,0,多换,B,2167.0000,0.0000,0.0000,0.0000,0.0000,2172.0000,0.0000,0.0000,0.0000,0.0000,9,0,0,0,0,6,0,0,0,0
zc,WT209,2012-06-11 09:02:57.133,2167.0000,4540,0,0.0000,0.0000,0,0,多换,B,2168.0000,0.0000,0.0000,0.0000,0.0000,2172.0000,0.0000,0.0000,0.0000,0.0000,3,0,0,0,0,6,0,0,0,0
zc,WT209,2012-06-11 09:03:01.133,2167.0000,4540,0,0.0000,0.0000,0,0,多换,B,2168.0000,0.0000,0.0000,0.0000,0.0000,2172.0000,0.0000,0.0000,0.0000,0.0000,3,0,0,0,0,5,0,0,0,0
zc,WT209,2012-06-11 09:03:02.680,2167.0000,4540,0,0.0000,0.0000,0,0,多换,B,2168.0000,0.0000,0.0000,0.0000,0.0000,2171.0000,0.0000,0.0000,0.0000,0.0000,3,0,0,0,0,5,0,0,0,0
zc,WT209,2012-06-11 09:03:07.350,2167.0000,4540,0,0.0000,0.0000,0,0,多换,B,2166.0000,0.0000,0.0000,0.0000,0.0000,2171.0000,0.0000,0.0000,0.0000,0.0000,1,0,0,0,0,5,0,0,0,0
zc,WT209,2012-06-11 09:03:08.117,2167.0000,4540,0,0.0000,0.0000,0,0,多换,B,2166.0000,0.0000,0.0000,0.0000,0.0000,2170.0000,0.0000,0.0000,0.0000,0.0000,1,0,0,0,0,1,0,0,0,0
zc,WT209,2012-06-11 09:03:11.337,2167.0000,4540,0,0.0000,0.0000,0,0,多换,B,2167.0000,0.0000,0.0000,0.0000,0.0000,2170.0000,0.0000,0.0000,0.0000,0.0000,4,0,0,0,0,1,0,0,0,0
zc,WT209,2012-06-11 09:03:12.087,2170.0000,4540,0,0.0000,2.0000,1,1,多换,B,2170.0000,0.0000,0.0000,0.0000,0.0000,2171.0000,0.0000,0.0000,0.0000,0.0000,1,0,0,0,0,5,0,0,0,0
zc,WT209,2012-06-11 09:03:12.850,2171.0000,4540,0,0.0000,10.0000,5,5,多换,B,2171.0000,0.0000,0.0000,0.0000,0.0000,2172.0000,0.0000,0.0000,0.0000,0.0000,7,0,0,0,0,5,0,0,0,0
zc,WT209,2012-06-11 09:03:13.553,2172.0000,4550,10,0.0000,10.0000,10,0,双开,B,2171.0000,0.0000,0.0000,0.0000,0.0000,2173.0000,0.0000,0.0000,0.0000,0.0000,7,0,0,0,0,5,0,0,0,0
zc,WT209,2012-06-11 09:03:14.053,2173.0000,4550,0,0.0000,4.0000,2,2,多换,B,2171.0000,0.0000,0.0000,0.0000,0.0000,2173.0000,0.0000,0.0000,0.0000,0.0000,7,0,0,0,0,3,0,0,0,0
zc,WT209,2012-06-11 09:03:16.070,2173.0000,4550,0,0.0000,0.0000,0,0,多换,B,2171.0000,0.0000,0.0000,0.0000,0.0000,2173.0000,0.0000,0.0000,0.0000,0.0000,2,0,0,0,0,3,0,0,0,0
zc,WT209,2012-06-11 09:03:18.397,2173.0000,4550,0,0.0000,0.0000,0,0,多换,B,2171.0000,0.0000,0.0000,0.0000,0.0000,2173.0000,0.0000,0.0000,0.0000,0.0000,2,0,0,0,0,4,0,0,0,0
zc,WT209,2012-06-11 09:03:28.087,2173.0000,4550,0,0.0000,0.0000,0,0,多换,B,2167.0000,0.0000,0.0000,0.0000,0.0000,2173.0000,0.0000,0.0000,0.0000,0.0000,7,0,0,0,0,4,0,0,0,0
zc,WT209,2012-06-11 09:03:28.367,2173.0000,4550,0,0.0000,0.0000,0,0,多换,B,2167.0000,0.0000,0.0000,0.0000,0.0000,2172.0000,0.0000,0.0000,0.0000,0.0000,7,0,0,0,0,5,0,0,0,0
zc,WT209,2012-06-11 09:03:33.553,2173.0000,4550,0,0.0000,0.0000,0,0,多换,B,2167.0000,0.0000,0.0000,0.0000,0.0000,2171.0000,0.0000,0.0000,0.0000,0.0000,7,0,0,0,0,1,0,0,0,0
zc,WT209,2012-06-11 09:03:47.037,2173.0000,4550,0,0.0000,0.0000,0,0,多换,B,2168.0000,0.0000,0.0000,0.0000,0.0000,2171.0000,0.0000,0.0000,0.0000,0.0000,1,0,0,0,0,1,0,0,0,0
zc,WT209,2012-06-11 09:03:52.570,2173.0000,4550,0,0.0000,0.0000,0,0,多换,B,2167.0000,0.0000,0.0000,0.0000,0.0000,2171.0000,0.0000,0.0000,0.0000,0.0000,7,0,0,0,0,1,0,0,0,0
zc,WT209,2012-06-11 09:05:23.053,2173.0000,4550,0,0.0000,0.0000,0,0,多换,B,2167.0000,0.0000,0.0000,0.0000,0.0000,2171.0000,0.0000,0.0000,0.0000,0.0000,8,0,0,0,0,1,0,0,0,0
zc,WT209,2012-06-11 09:05:43.320,2167.0000,4540,-10,0.0000,10.0000,0,10,双平,S,2167.0000,0.0000,0.0000,0.0000,0.0000,2171.0000,0.0000,0.0000,0.0000,0.0000,3,0,0,0,0,1,0,0,0,0
zc,WT209,2012-06-11 09:05:44.007,2167.0000,4534,-6,0.0000,6.0000,0,6,双平,S,2166.0000,0.0000,0.0000,0.0000,0.0000,2167.0000,0.0000,0.0000,0.0000,0.0000,3,0,0,0,0,2,0,0,0,0
zc,WT209,2012-06-11 09:06:01.803,2167.0000,4534,0,0.0000,0.0000,0,0,空换,S,2166.0000,0.0000,0.0000,0.0000,0.0000,2167.0000,0.0000,0.0000,0.0000,0.0000,1,0,0,0,0,2,0,0,0,0
zc,WT209,2012-06-11 09:06:02.773,2167.0000,4534,0,0.0000,4.0000,2,2,空换,S,2166.0000,0.0000,0.0000,0.0000,0.0000,2171.0000,0.0000,0.0000,0.0000,0.0000,1,0,0,0,0,1,0,0,0,0
zc,WT209,2012-06-11 09:06:18.507,2167.0000,4534,0,0.0000,0.0000,0,0,空换,S,2166.0000,0.0000,0.0000,0.0000,0.0000,2171.0000,0.0000,0.0000,0.0000,0.0000,1,0,0,0,0,6,0,0,0,0
zc,WT209,2012-06-11 09:06:21.570,2167.0000,4534,0,0.0000,0.0000,0,0,空换,S,2166.0000,0.0000,0.0000,0.0000,0.0000,2171.0000,0.0000,0.0000,0.0000,0.0000,3,0,0,0,0,6,0,0,0,0
zc,WT209,2012-06-11 09:06:22.570,2166.0000,4534,0,0.0000,2.0000,1,1,空换,S,2166.0000,0.0000,0.0000,0.0000,0.0000,2171.0000,0.0000,0.0000,0.0000,0.0000,2,0,0,0,0,6,0,0,0,0
zc,WT209,2012-06-11 09:06:23.303,2166.0000,4534,0,0.0000,0.0000,0,0,空换,S,2166.0000,0.0000,0.0000,0.0000,0.0000,2171.0000,0.0000,0.0000,0.0000,0.0000,7,0,0,0,0,6,0,0,0,0
zc,WT209,2012-06-11 09:06:33.023,2166.0000,4534,0,0.0000,0.0000,0,0,空换,S,2166.0000,0.0000,0.0000,0.0000,0.0000,2170.0000,0.0000,0.0000,0.0000,0.0000,7,0,0,0,0,2,0,0,0,0
zc,WT209,2012-06-11 09:06:46.133,2166.0000,4534,0,0.0000,0.0000,0,0,空换,S,2166.0000,0.0000,0.0000,0.0000,0.0000,2169.0000,0.0000,0.0000,0.0000,0.0000,7,0,0,0,0,1,0,0,0,0
zc,WT209,2012-06-11 09:06:52.897,2166.0000,4534,0,0.0000,0.0000,0,0,空换,S,2167.0000,0.0000,0.0000,0.0000,0.0000,2169.0000,0.0000,0.0000,0.0000,0.0000,1,0,0,0,0,1,0,0,0,0
zc,WT209,2012-06-11 09:06:53.803,2167.0000,4534,0,0.0000,2.0000,1,1,多换,B,2166.0000,0.0000,0.0000,0.0000,0.0000,2167.0000,0.0000,0.0000,0.0000,0.0000,7,0,0,0,0,4,0,0,0,0
zc,WT209,2012-06-11 09:07:08.757,2166.0000,4528,-6,0.0000,10.0000,2,8,多平,S,2166.0000,0.0000,0.0000,0.0000,0.0000,2167.0000,0.0000,0.0000,0.0000,0.0000,2,0,0,0,0,4,0,0,0,0
zc,WT209,2012-06-11 09:07:09.523,2166.0000,4524,-4,0.0000,4.0000,0,4,双平,S,2165.0000,0.0000,0.0000,0.0000,0.0000,2166.0000,0.0000,0.0000,0.0000,0.0000,1,0,0,0,0,3,0,0,0,0
zc,WT209,2012-06-11 09:07:10.053,2167.0000,4512,-12,0.0000,12.0000,0,12,双平,B,2165.0000,0.0000,0.0000,0.0000,0.0000,2167.0000,0.0000,0.0000,0.0000,0.0000,1,0,0,0,0,1,0,0,0,0
zc,WT209,2012-06-11 09:07:42.087,2167.0000,4512,0,0.0000,2.0000,1,1,多换,B,2165.0000,0.0000,0.0000,0.0000,0.0000,2169.0000,0.0000,0.0000,0.0000,0.0000,1,0,0,0,0,5,0,0,0,0
zc,WT209,2012-06-11 09:07:46.803,2167.0000,4512,0,0.0000,0.0000,0,0,多换,B,2165.0000,0.0000,0.0000,0.0000,0.0000,2168.0000,0.0000,0.0000,0.0000,0.0000,1,0,0,0,0,1,0,0,0,0
zc,WT209,2012-06-11 09:07:50.523,2167.0000,4512,0,0.0000,0.0000,0,0,多换,B,2166.0000,0.0000,0.0000,0.0000,0.0000,2168.0000,0.0000,0.0000,0.0000,0.0000,4,0,0,0,0,1,0,0,0,0
zc,WT209,2012-06-11 09:07:55.867,2167.0000,4512,0,0.0000,0.0000,0,0,多换,B,2166.0000,0.0000,0.0000,0.0000,0.0000,2169.0000,0.0000,0.0000,0.0000,0.0000,4,0,0,0,0,5,0,0,0,0
zc,WT209,2012-06-11 09:09:00.803,2167.0000,4512,0,0.0000,0.0000,0,0,多换,B,2166.0000,0.0000,0.0000,0.0000,0.0000,2168.0000,0.0000,0.0000,0.0000,0.0000,4,0,0,0,0,1,0,0,0,0
zc,WT209,2012-06-11 09:09:49.257,2167.0000,4512,0,0.0000,0.0000,0,0,多换,B,2166.0000,0.0000,0.0000,0.0000,0.0000,2168.0000,0.0000,0.0000,0.0000,0.0000,9,0,0,0,0,1,0,0,0,0
zc,WT209,2012-06-11 09:09:56.303,2168.0000,4512,0,0.0000,2.0000,1,1,多换,B,2168.0000,0.0000,0.0000,0.0000,0.0000,2169.0000,0.0000,0.0000,0.0000,0.0000,1,0,0,0,0,5,0,0,0,0
zc,WT209,2012-06-11 09:10:23.850,2168.0000,4512,0,0.0000,2.0000,1,1,多换,B,2166.0000,0.0000,0.0000,0.0000,0.0000,2169.0000,0.0000,0.0000,0.0000,0.0000,9,0,0,0,0,5,0,0,0,0
zc,WT209,2012-06-11 09:11:03.320,2166.0000,4504,-8,0.0000,18.0000,5,13,多平,S,2164.0000,0.0000,0.0000,0.0000,0.0000,2166.0000,0.0000,0.0000,0.0000,0.0000,4,0,0,0,0,1,0,0,0,0
zc,WT209,2012-06-11 09:11:37.037,2162.0000,4490,-14,0.0000,20.0000,3,17,多平,S,2162.0000,0.0000,0.0000,0.0000,0.0000,2166.0000,0.0000,0.0000,0.0000,0.0000,3,0,0,0,0,1,0,0,0,0
zc,WT209,2012-06-11 09:11:41.587,2162.0000,4490,0,0.0000,0.0000,0,0,空换,S,2162.0000,0.0000,0.0000,0.0000,0.0000,2166.0000,0.0000,0.0000,0.0000,0.0000,5,0,0,0,0,1,0,0,0,0
zc,WT209,2012-06-11 09:11:42.523,2162.0000,4490,0,0.0000,0.0000,0,0,空换,S,2163.0000,0.0000,0.0000,0.0000,0.0000,2166.0000,0.0000,0.0000,0.0000,0.0000,1,0,0,0,0,1,0,0,0,0
zc,WT209,2012-06-11 09:12:35.007,2166.0000,4490,0,0.0000,2.0000,1,1,多换,B,2166.0000,0.0000,0.0000,0.0000,0.0000,2169.0000,0.0000,0.0000,0.0000,0.0000,57,0,0,0,0,5,0,0,0,0
zc,WT209,2012-06-11 09:12:45.710,2166.0000,4490,0,0.0000,0.0000,0,0,多换,B,2166.0000,0.0000,0.0000,0.0000,0.0000,2169.0000,0.0000,0.0000,0.0000,0.0000,57,0,0,0,0,6,0,0,0,0
zc,WT209,2012-06-11 09:13:41.773,2166.0000,4490,0,0.0000,0.0000,0,0,多换,B,2166.0000,0.0000,0.0000,0.0000,0.0000,2169.0000,0.0000,0.0000,0.0000,0.0000,57,0,0,0,0,5,0,0,0,0
zc,WT209,2012-06-11 09:13:55.837,2166.0000,4490,0,0.0000,0.0000,0,0,多换,B,2167.0000,0.0000,0.0000,0.0000,0.0000,2169.0000,0.0000,0.0000,0.0000,0.0000,1,0,0,0,0,5,0,0,0,0
zc,WT209,2012-06-11 09:14:18.287,2169.0000,4488,-2,0.0000,2.0000,0,2,双平,B,2167.0000,0.0000,0.0000,0.0000,0.0000,2169.0000,0.0000,0.0000,0.0000,0.0000,1,0,0,0,0,4,0,0,0,0
zc,WT209,2012-06-11 09:14:38.570,2169.0000,4488,0,0.0000,8.0000,4,4,多换,B,2169.0000,0.0000,0.0000,0.0000,0.0000,2170.0000,0.0000,0.0000,0.0000,0.0000,1,0,0,0,0,1,0,0,0,0
zc,WT209,2012-06-11 09:14:42.053,2169.0000,4488,0,0.0000,0.0000,0,0,多换,B,2169.0000,0.0000,0.0000,0.0000,0.0000,2171.0000,0.0000,0.0000,0.0000,0.0000,1,0,0,0,0,5,0,0,0,0
zc,WT209,2012-06-11 09:14:52.850,2169.0000,4488,0,0.0000,0.0000,0,0,多换,B,2170.0000,0.0000,0.0000,0.0000,0.0000,2171.0000,0.0000,0.0000,0.0000,0.0000,1,0,0,0,0,5,0,0,0,0
zc,WT209,2012-06-11 09:14:53.087,2170.0000,4490,2,0.0000,2.0000,2,0,双开,B,2169.0000,0.0000,0.0000,0.0000,0.0000,2171.0000,0.0000,0.0000,0.0000,0.0000,1,0,0,0,0,5,0,0,0,0
zc,WT209,2012-06-11 09:15:07.087,2171.0000,4480,-10,0.0000,10.0000,0,10,双平,B,2171.0000,0.0000,0.0000,0.0000,0.0000,2172.0000,0.0000,0.0000,0.0000,0.0000,6,0,0,0,0,11,0,0,0,0
zc,WT209,2012-06-11 09:15:08.273,2171.0000,4480,0,0.0000,0.0000,0,0,多换,B,2171.0000,0.0000,0.0000,0.0000,0.0000,2172.0000,0.0000,0.0000,0.0000,0.0000,6,0,0,0,0,10,0,0,0,0
zc,WT209,2012-06-11 09:15:15.133,2171.0000,4480,0,0.0000,0.0000,0,0,多换,B,2171.0000,0.0000,0.0000,0.0000,0.0000,2172.0000,0.0000,0.0000,0.0000,0.0000,5,0,0,0,0,10,0,0,0,0
zc,WT209,2012-06-11 09:15:15.803,2172.0000,4478,-2,0.0000,2.0000,0,2,双平,B,2171.0000,0.0000,0.0000,0.0000,0.0000,2172.0000,0.0000,0.0000,0.0000,0.0000,5,0,0,0,0,9,0,0,0,0
zc,WT209,2012-06-11 09:15:19.383,2172.0000,4478,0,0.0000,0.0000,0,0,多换,B,2169.0000,0.0000,0.0000,0.0000,0.0000,2172.0000,0.0000,0.0000,0.0000,0.0000,1,0,0,0,0,9,0,0,0,0
zc,WT209,2012-06-11 09:15:26.553,2172.0000,4478,0,0.0000,0.0000,0,0,多换,B,2171.0000,0.0000,0.0000,0.0000,0.0000,2172.0000,0.0000,0.0000,0.0000,0.0000,2,0,0,0,0,9,0,0,0,0
zc,WT209,2012-06-11 09:15:31.587,2172.0000,4470,-8,0.0000,10.0000,1,9,空平,B,2171.0000,0.0000,0.0000,0.0000,0.0000,2172.0000,0.0000,0.0000,0.0000,0.0000,2,0,0,0,0,4,0,0,0,0
zc,WT209,2012-06-11 09:15:36.070,2172.0000,4470,0,0.0000,4.0000,2,2,多换,B,2171.0000,0.0000,0.0000,0.0000,0.0000,2172.0000,0.0000,0.0000,0.0000,0.0000,2,0,0,0,0,2,0,0,0,0
zc,WT209,2012-06-11 09:15:41.303,2172.0000,4470,0,0.0000,0.0000,0,0,多换,B,2171.0000,0.0000,0.0000,0.0000,0.0000,2172.0000,0.0000,0.0000,0.0000,0.0000,2,0,0,0,0,7,0,0,0,0
zc,WT209,2012-06-11 09:15:54.320,2172.0000,4470,0,0.0000,0.0000,0,0,多换,B,2171.0000,0.0000,0.0000,0.0000,0.0000,2172.0000,0.0000,0.0000,0.0000,0.0000,2,0,0,0,0,8,0,0,0,0
zc,WT209,2012-06-11 09:15:55.600,2171.0000,4470,0,0.0000,4.0000,2,2,空换,S,2166.0000,0.0000,0.0000,0.0000,0.0000,2171.0000,0.0000,0.0000,0.0000,0.0000,58,0,0,0,0,2,0,0,0,0
zc,WT209,2012-06-11 09:15:56.803,2171.0000,4470,0,0.0000,0.0000,0,0,空换,S,2166.0000,0.0000,0.0000,0.0000,0.0000,2171.0000,0.0000,0.0000,0.0000,0.0000,58,0,0,0,0,3,0,0,0,0
zc,WT209,2012-06-11 09:16:02.337,2171.0000,4470,0,0.0000,0.0000,0,0,空换,S,2167.0000,0.0000,0.0000,0.0000,0.0000,2171.0000,0.0000,0.0000,0.0000,0.0000,2,0,0,0,0,3,0,0,0,0
zc,WT209,2012-06-11 09:16:06.320,2171.0000,4470,0,0.0000,0.0000,0,0,空换,S,2167.0000,0.0000,0.0000,0.0000,0.0000,2171.0000,0.0000,0.0000,0.0000,0.0000,3,0,0,0,0,3,0,0,0,0
zc,WT209,2012-06-11 09:16:07.367,2171.0000,4470,0,0.0000,0.0000,0,0,空换,S,2167.0000,0.0000,0.0000,0.0000,0.0000,2171.0000,0.0000,0.0000,0.0000,0.0000,4,0,0,0,0,3,0,0,0,0
zc,WT209,2012-06-11 09:16:11.337,2171.0000,4470,0,0.0000,0.0000,0,0,空换,S,2168.0000,0.0000,0.0000,0.0000,0.0000,2171.0000,0.0000,0.0000,0.0000,0.0000,2,0,0,0,0,3,0,0,0,0
zc,WT209,2012-06-11 09:16:22.803,2171.0000,4470,0,0.0000,0.0000,0,0,空换,S,2169.0000,0.0000,0.0000,0.0000,0.0000,2171.0000,0.0000,0.0000,0.0000,0.0000,1,0,0,0,0,3,0,0,0,0
zc,WT209,2012-06-11 09:16:39.337,2171.0000,4470,0,0.0000,0.0000,0,0,空换,S,2169.0000,0.0000,0.0000,0.0000,0.0000,2170.0000,0.0000,0.0000,0.0000,0.0000,1,0,0,0,0,20,0,0,0,0
zc,WT209,2012-06-11 09:16:43.037,2171.0000,4470,0,0.0000,0.0000,0,0,空换,S,2168.0000,0.0000,0.0000,0.0000,0.0000,2170.0000,0.0000,0.0000,0.0000,0.0000,2,0,0,0,0,20,0,0,0,0
zc,WT209,2012-06-11 09:16:57.303,2171.0000,4470,0,0.0000,0.0000,0,0,空换,S,2168.0000,0.0000,0.0000,0.0000,0.0000,2169.0000,0.0000,0.0000,0.0000,0.0000,2,0,0,0,0,2,0,0,0,0
zc,WT209,2012-06-11 09:17:00.163,2171.0000,4470,0,0.0000,4.0000,2,2,空换,S,2168.0000,0.0000,0.0000,0.0000,0.0000,2170.0000,0.0000,0.0000,0.0000,0.0000,2,0,0,0,0,20,0,0,0,0
zc,WT209,2012-06-11 09:17:21.837,2170.0000,4450,-20,0.0000,20.0000,0,20,双平,S,2168.0000,0.0000,0.0000,0.0000,0.0000,2170.0000,0.0000,0.0000,0.0000,0.0000,2,0,0,0,0,10,0,0,0,0
zc,WT209,2012-06-11 09:17:24.820,2170.0000,4448,-2,0.0000,2.0000,0,2,双平,S,2168.0000,0.0000,0.0000,0.0000,0.0000,2170.0000,0.0000,0.0000,0.0000,0.0000,2,0,0,0,0,9,0,0,0,0
zc,WT209,2012-06-11 09:17:25.820,2170.0000,4448,0,0.0000,2.0000,1,1,空换,S,2168.0000,0.0000,0.0000,0.0000,0.0000,2170.0000,0.0000,0.0000,0.0000,0.0000,2,0,0,0,0,8,0,0,0,0
zc,WT209,2012-06-11 09:17:28.803,2170.0000,4446,-2,0.0000,2.0000,0,2,双平,S,2168.0000,0.0000,0.0000,0.0000,0.0000,2170.0000,0.0000,0.0000,0.0000,0.0000,2,0,0,0,0,7,0,0,0,0
zc,WT209,2012-06-11 09:17:29.337,2170.0000,4442,-4,0.0000,4.0000,0,4,双平,S,2168.0000,0.0000,0.0000,0.0000,0.0000,2170.0000,0.0000,0.0000,0.0000,0.0000,2,0,0,0,0,5,0,0,0,0
zc,WT209,2012-06-11 09:17:31.600,2170.0000,4442,0,0.0000,2.0000,1,1,空换,S,2168.0000,0.0000,0.0000,0.0000,0.0000,2170.0000,0.0000,0.0000,0.0000,0.0000,2,0,0,0,0,4,0,0,0,0
zc,WT209,2012-06-11 09:17:32.350,2170.0000,4442,0,0.0000,8.0000,4,4,空换,S,2170.0000,0.0000,0.0000,0.0000,0.0000,2171.0000,0.0000,0.0000,0.0000,0.0000,2,0,0,0,0,1,0,0,0,0
zc,WT209,2012-06-11 09:17:45.117,2171.0000,4442,0,0.0000,2.0000,1,1,多换,B,2171.0000,0.0000,0.0000,0.0000,0.0000,2172.0000,0.0000,0.0000,0.0000,0.0000,1,0,0,0,0,8,0,0,0,0
zc,WT209,2012-06-11 09:17:47.320,2171.0000,4442,0,0.0000,2.0000,1,1,多换,B,2170.0000,0.0000,0.0000,0.0000,0.0000,2172.0000,0.0000,0.0000,0.0000,0.0000,2,0,0,0,0,8,0,0,0,0
zc,WT209,2012-06-11 09:17:48.570,2171.0000,4442,0,0.0000,0.0000,0,0,多换,B,2167.0000,0.0000,0.0000,0.0000,0.0000,2172.0000,0.0000,0.0000,0.0000,0.0000,1,0,0,0,0,8,0,0,0,0
zc,WT209,2012-06-11 09:17:52.553,2171.0000,4442,0,0.0000,0.0000,0,0,多换,B,2167.0000,0.0000,0.0000,0.0000,0.0000,2172.0000,0.0000,0.0000,0.0000,0.0000,2,0,0,0,0,8,0,0,0,0
zc,WT209,2012-06-11 09:17:53.337,2172.0000,4444,2,0.0000,2.0000,2,0,双开,B,2167.0000,0.0000,0.0000,0.0000,0.0000,2172.0000,0.0000,0.0000,0.0000,0.0000,2,0,0,0,0,7,0,0,0,0
zc,WT209,2012-06-11 09:18:08.320,2172.0000,4442,-2,0.0000,4.0000,1,3,空平,B,2167.0000,0.0000,0.0000,0.0000,0.0000,2172.0000,0.0000,0.0000,0.0000,0.0000,2,0,0,0,0,5,0,0,0,0
zc,WT209,2012-06-11 09:18:12.867,2172.0000,4442,0,0.0000,0.0000,0,0,多换,B,2167.0000,0.0000,0.0000,0.0000,0.0000,2171.0000,0.0000,0.0000,0.0000,0.0000,2,0,0,0,0,1,0,0,0,0
zc,WT209,2012-06-11 09:18:15.303,2172.0000,4442,0,0.0000,0.0000,0,0,多换,B,2167.0000,0.0000,0.0000,0.0000,0.0000,2171.0000,0.0000,0.0000,0.0000,0.0000,3,0,0,0,0,1,0,0,0,0
zc,WT209,2012-06-11 09:18:17.070,2172.0000,4442,0,0.0000,0.0000,0,0,多换,B,2168.0000,0.0000,0.0000,0.0000,0.0000,2171.0000,0.0000,0.0000,0.0000,0.0000,1,0,0,0,0,1,0,0,0,0
zc,WT209,2012-06-11 09:18:18.850,2172.0000,4442,0,0.0000,0.0000,0,0,多换,B,2168.0000,0.0000,0.0000,0.0000,0.0000,2171.0000,0.0000,0.0000,0.0000,0.0000,2,0,0,0,0,1,0,0,0,0
zc,WT209,2012-06-11 09:18:20.570,2171.0000,4444,2,0.0000,2.0000,2,0,双开,S,2168.0000,0.0000,0.0000,0.0000,0.0000,2172.0000,0.0000,0.0000,0.0000,0.0000,2,0,0,0,0,5,0,0,0,0
zc,WT209,2012-06-11 09:18:21.320,2171.0000,4444,0,0.0000,0.0000,0,0,空换,S,2168.0000,0.0000,0.0000,0.0000,0.0000,2172.0000,0.0000,0.0000,0.0000,0.0000,1,0,0,0,0,5,0,0,0,0
zc,WT209,2012-06-11 09:18:24.570,2171.0000,4444,0,0.0000,0.0000,0,0,空换,S,2168.0000,0.0000,0.0000,0.0000,0.0000,2171.0000,0.0000,0.0000,0.0000,0.0000,1,0,0,0,0,4,0,0,0,0
zc,WT209,2012-06-11 09:18:26.337,2171.0000,4444,0,0.0000,0.0000,0,0,空换,S,2168.0000,0.0000,0.0000,0.0000,0.0000,2171.0000,0.0000,0.0000,0.0000,0.0000,1,0,0,0,0,5,0,0,0,0
zc,WT209,2012-06-11 09:18:32.850,2171.0000,4444,0,0.0000,0.0000,0,0,空换,S,2168.0000,0.0000,0.0000,0.0000,0.0000,2171.0000,0.0000,0.0000,0.0000,0.0000,1,0,0,0,0,7,0,0,0,0
zc,WT209,2012-06-11 09:18:42.053,2171.0000,4444,0,0.0000,0.0000,0,0,空换,S,2167.0000,0.0000,0.0000,0.0000,0.0000,2171.0000,0.0000,0.0000,0.0000,0.0000,2,0,0,0,0,7,0,0,0,0
zc,WT209,2012-06-11 09:18:49.037,2171.0000,4444,0,0.0000,0.0000,0,0,空换,S,2167.0000,0.0000,0.0000,0.0000,0.0000,2171.0000,0.0000,0.0000,0.0000,0.0000,3,0,0,0,0,7,0,0,0,0
zc,WT209,2012-06-11 09:18:50.600,2171.0000,4434,-10,0.0000,10.0000,0,10,双平,S,2167.0000,0.0000,0.0000,0.0000,0.0000,2171.0000,0.0000,0.0000,0.0000,0.0000,3,0,0,0,0,2,0,0,0,0
zc,WT209,2012-06-11 09:18:55.820,2171.0000,4434,0,0.0000,0.0000,0,0,空换,S,2168.0000,0.0000,0.0000,0.0000,0.0000,2171.0000,0.0000,0.0000,0.0000,0.0000,1,0,0,0,0,2,0,0,0,0
zc,WT209,2012-06-11 09:19:14.553,2171.0000,4430,-4,0.0000,4.0000,0,4,双平,S,2168.0000,0.0000,0.0000,0.0000,0.0000,2172.0000,0.0000,0.0000,0.0000,0.0000,1,0,0,0,0,5,0,0,0,0
zc,WT209,2012-06-11 09:19:18.303,2171.0000,4430,0,0.0000,0.0000,0,0,空换,S,2168.0000,0.0000,0.0000,0.0000,0.0000,2171.0000,0.0000,0.0000,0.0000,0.0000,1,0,0,0,0,1,0,0,0,0
zc,WT209,2012-06-11 09:19:56.287,2171.0000,4430,0,0.0000,0.0000,0,0,空换,S,2168.0000,0.0000,0.0000,0.0000,0.0000,2171.0000,0.0000,0.0000,0.0000,0.0000,1,0,0,0,0,2,0,0,0,0
zc,WT209,2012-06-11 09:20:01.587,2171.0000,4430,0,0.0000,0.0000,0,0,空换,S,2168.0000,0.0000,0.0000,0.0000,0.0000,2170.0000,0.0000,0.0000,0.0000,0.0000,1,0,0,0,0,20,0,0,0,0
zc,WT209,2012-06-11 09:20:06.837,2171.0000,4430,0,0.0000,0.0000,0,0,空换,S,2167.0000,0.0000,0.0000,0.0000,0.0000,2170.0000,0.0000,0.0000,0.0000,0.0000,2,0,0,0,0,20,0,0,0,0
zc,WT209,2012-06-11 09:20:20.163,2170.0000,4400,-30,0.0000,30.0000,0,30,双平,S,2167.0000,0.0000,0.0000,0.0000,0.0000,2170.0000,0.0000,0.0000,0.0000,0.0000,2,0,0,0,0,5,0,0,0,0
zc,WT209,2012-06-11 09:20:49.053,2167.0000,4396,-4,0.0000,4.0000,0,4,双平,S,2166.0000,0.0000,0.0000,0.0000,0.0000,2167.0000,0.0000,0.0000,0.0000,0.0000,58,0,0,0,0,3,0,0,0,0
zc,WT209,2012-06-11 09:21:05.320,2167.0000,4390,-6,0.0000,6.0000,0,6,双平,S,2166.0000,0.0000,0.0000,0.0000,0.0000,2169.0000,0.0000,0.0000,0.0000,0.0000,58,0,0,0,0,10,0,0,0,0
zc,WT209,2012-06-11 09:21:07.117,2167.0000,4390,0,0.0000,0.0000,0,0,空换,S,2166.0000,0.0000,0.0000,0.0000,0.0000,2167.0000,0.0000,0.0000,0.0000,0.0000,58,0,0,0,0,5,0,0,0,0
zc,WT209,2012-06-11 09:21:09.117,2167.0000,4390,0,0.0000,0.0000,0,0,空换,S,2166.0000,0.0000,0.0000,0.0000,0.0000,2167.0000,0.0000,0.0000,0.0000,0.0000,57,0,0,0,0,5,0,0,0,0
zc,WT209,2012-06-11 09:21:10.850,2167.0000,4390,0,0.0000,2.0000,1,1,空换,S,2166.0000,0.0000,0.0000,0.0000,0.0000,2167.0000,0.0000,0.0000,0.0000,0.0000,57,0,0,0,0,4,0,0,0,0
zc,WT209,2012-06-11 09:21:13.587,2167.0000,4392,2,0.0000,2.0000,2,0,双开,S,2166.0000,0.0000,0.0000,0.0000,0.0000,2167.0000,0.0000,0.0000,0.0000,0.0000,57,0,0,0,0,3,0,0,0,0
zc,WT209,2012-06-11 09:21:16.303,2167.0000,4392,0,0.0000,0.0000,0,0,空换,S,2166.0000,0.0000,0.0000,0.0000,0.0000,2169.0000,0.0000,0.0000,0.0000,0.0000,57,0,0,0,0,10,0,0,0,0
zc,WT209,2012-06-11 09:21:43.587,2167.0000,4392,0,0.0000,0.0000,0,0,空换,S,2166.0000,0.0000,0.0000,0.0000,0.0000,2168.0000,0.0000,0.0000,0.0000,0.0000,57,0,0,0,0,20,0,0,0,0
zc,WT209,2012-06-11 09:22:24.367,2168.0000,4352,-40,0.0000,40.0000,0,40,双平,B,2166.0000,0.0000,0.0000,0.0000,0.0000,2168.0000,0.0000,0.0000,0.0000,0.0000,57,0,0,0,0,10,0,0,0,0
zc,WT209,2012-06-11 09:22:35.570,2163.0000,4350,-2,0.0000,120.0000,59,61,多平,S,2163.0000,0.0000,0.0000,0.0000,0.0000,2168.0000,0.0000,0.0000,0.0000,0.0000,2,0,0,0,0,10,0,0,0,0
zc,WT209,2012-06-11 09:22:39.087,2163.0000,4350,0,0.0000,0.0000,0,0,空换,S,2164.0000,0.0000,0.0000,0.0000,0.0000,2168.0000,0.0000,0.0000,0.0000,0.0000,1,0,0,0,0,10,0,0,0,0
zc,WT209,2012-06-11 09:23:03.570,2163.0000,4350,0,0.0000,0.0000,0,0,空换,S,2164.0000,0.0000,0.0000,0.0000,0.0000,2168.0000,0.0000,0.0000,0.0000,0.0000,6,0,0,0,0,10,0,0,0,0
zc,WT209,2012-06-11 09:23:07.273,2163.0000,4350,0,0.0000,0.0000,0,0,空换,S,2164.0000,0.0000,0.0000,0.0000,0.0000,2167.0000,0.0000,0.0000,0.0000,0.0000,6,0,0,0,0,2,0,0,0,0
zc,WT209,2012-06-11 09:23:10.117,2168.0000,4350,0,0.0000,10.0000,5,5,多换,B,2164.0000,0.0000,0.0000,0.0000,0.0000,2168.0000,0.0000,0.0000,0.0000,0.0000,6,0,0,0,0,7,0,0,0,0
zc,WT209,2012-06-11 09:23:20.273,2168.0000,4350,0,0.0000,0.0000,0,0,多换,B,2164.0000,0.0000,0.0000,0.0000,0.0000,2168.0000,0.0000,0.0000,0.0000,0.0000,9,0,0,0,0,7,0,0,0,0
zc,WT209,2012-06-11 09:23:24.587,2168.0000,4350,0,0.0000,4.0000,2,2,多换,B,2164.0000,0.0000,0.0000,0.0000,0.0000,2168.0000,0.0000,0.0000,0.0000,0.0000,9,0,0,0,0,5,0,0,0,0
zc,WT209,2012-06-11 09:23:35.553,2168.0000,4350,0,0.0000,0.0000,0,0,多换,B,2164.0000,0.0000,0.0000,0.0000,0.0000,2168.0000,0.0000,0.0000,0.0000,0.0000,9,0,0,0,0,6,0,0,0,0
zc,WT209,2012-06-11 09:23:36.587,2168.0000,4350,0,0.0000,0.0000,0,0,多换,B,2165.0000,0.0000,0.0000,0.0000,0.0000,2168.0000,0.0000,0.0000,0.0000,0.0000,10,0,0,0,0,6,0,0,0,0
zc,WT209,2012-06-11 09:24:21.287,2168.0000,4350,0,0.0000,0.0000,0,0,多换,B,2165.0000,0.0000,0.0000,0.0000,0.0000,2167.0000,0.0000,0.0000,0.0000,0.0000,10,0,0,0,0,1,0,0,0,0
zc,WT209,2012-06-11 09:24:25.320,2165.0000,4340,-10,0.0000,10.0000,0,10,双平,S,2165.0000,0.0000,0.0000,0.0000,0.0000,2167.0000,0.0000,0.0000,0.0000,0.0000,5,0,0,0,0,1,0,0,0,0
zc,WT209,2012-06-11 09:24:28.803,2165.0000,4340,0,0.0000,0.0000,0,0,空换,S,2165.0000,0.0000,0.0000,0.0000,0.0000,2167.0000,0.0000,0.0000,0.0000,0.0000,5,0,0,0,0,2,0,0,0,0
zc,WT209,2012-06-11 09:24:33.570,2165.0000,4340,0,0.0000,0.0000,0,0,空换,S,2165.0000,0.0000,0.0000,0.0000,0.0000,2167.0000,0.0000,0.0000,0.0000,0.0000,5,0,0,0,0,4,0,0,0,0
zc,WT209,2012-06-11 09:24:39.037,2165.0000,4340,0,0.0000,0.0000,0,0,空换,S,2165.0000,0.0000,0.0000,0.0000,0.0000,2167.0000,0.0000,0.0000,0.0000,0.0000,5,0,0,0,0,5,0,0,0,0
zc,WT209,2012-06-11 09:24:53.837,2167.0000,4336,-4,0.0000,10.0000,3,7,空平,B,2165.0000,0.0000,0.0000,0.0000,0.0000,2168.0000,0.0000,0.0000,0.0000,0.0000,5,0,0,0,0,5,0,0,0,0
zc,WT209,2012-06-11 09:25:06.523,2167.0000,4336,0,0.0000,0.0000,0,0,多换,B,2165.0000,0.0000,0.0000,0.0000,0.0000,2167.0000,0.0000,0.0000,0.0000,0.0000,5,0,0,0,0,1,0,0,0,0
zc,WT209,2012-06-11 09:25:56.773,2165.0000,4326,-10,0.0000,10.0000,0,10,双平,S,2164.0000,0.0000,0.0000,0.0000,0.0000,2165.0000,0.0000,0.0000,0.0000,0.0000,7,0,0,0,0,6,0,0,0,0
zc,WT209,2012-06-11 09:26:02.553,2164.0000,4316,-10,0.0000,12.0000,1,11,多平,S,2164.0000,0.0000,0.0000,0.0000,0.0000,2167.0000,0.0000,0.0000,0.0000,0.0000,1,0,0,0,0,1,0,0,0,0
zc,WT209,2012-06-11 09:26:15.053,2164.0000,4316,0,0.0000,0.0000,0,0,空换,S,2164.0000,0.0000,0.0000,0.0000,0.0000,2167.0000,0.0000,0.0000,0.0000,0.0000,1,0,0,0,0,2,0,0,0,0
zc,WT209,2012-06-11 09:27:23.837,2164.0000,4316,0,0.0000,0.0000,0,0,空换,S,2164.0000,0.0000,0.0000,0.0000,0.0000,2167.0000,0.0000,0.0000,0.0000,0.0000,6,0,0,0,0,2,0,0,0,0
zc,WT209,2012-06-11 09:28:02.837,2164.0000,4316,0,0.0000,0.0000,0,0,空换,S,2164.0000,0.0000,0.0000,0.0000,0.0000,2167.0000,0.0000,0.0000,0.0000,0.0000,7,0,0,0,0,2,0,0,0,0
zc,WT209,2012-06-11 09:28:24.803,2164.0000,4316,0,0.0000,0.0000,0,0,空换,S,2165.0000,0.0000,0.0000,0.0000,0.0000,2167.0000,0.0000,0.0000,0.0000,0.0000,2,0,0,0,0,2,0,0,0,0
zc,WT209,2012-06-11 09:29:21.523,2164.0000,4316,0,0.0000,0.0000,0,0,空换,S,2165.0000,0.0000,0.0000,0.0000,0.0000,2167.0000,0.0000,0.0000,0.0000,0.0000,22,0,0,0,0,2,0,0,0,0
zc,WT209,2012-06-11 09:29:34.757,2164.0000,4316,0,0.0000,0.0000,0,0,空换,S,2165.0000,0.0000,0.0000,0.0000,0.0000,2167.0000,0.0000,0.0000,0.0000,0.0000,23,0,0,0,0,2,0,0,0,0
zc,WT209,2012-06-11 09:29:44.757,2167.0000,4318,2,0.0000,4.0000,3,1,多开,B,2167.0000,0.0000,0.0000,0.0000,0.0000,2168.0000,0.0000,0.0000,0.0000,0.0000,4,0,0,0,0,6,0,0,0,0
zc,WT209,2012-06-11 09:30:48.023,2167.0000,4318,0,0.0000,0.0000,0,0,多换,B,2166.0000,0.0000,0.0000,0.0000,0.0000,2168.0000,0.0000,0.0000,0.0000,0.0000,21,0,0,0,0,6,0,0,0,0
zc,WT209,2012-06-11 09:31:12.740,2167.0000,4318,0,0.0000,0.0000,0,0,多换,B,2166.0000,0.0000,0.0000,0.0000,0.0000,2168.0000,0.0000,0.0000,0.0000,0.0000,22,0,0,0,0,6,0,0,0,0
zc,WT209,2012-06-11 09:32:49.287,2168.0000,4308,-10,0.0000,10.0000,0,10,双平,B,2166.0000,0.0000,0.0000,0.0000,0.0000,2168.0000,0.0000,0.0000,0.0000,0.0000,22,0,0,0,0,1,0,0,0,0
zc,WT209,2012-06-11 09:32:52.257,2168.0000,4306,-2,0.0000,2.0000,0,2,双平,B,2166.0000,0.0000,0.0000,0.0000,0.0000,2169.0000,0.0000,0.0000,0.0000,0.0000,22,0,0,0,0,10,0,0,0,0
zc,WT209,2012-06-11 09:32:52.803,2168.0000,4306,0,0.0000,0.0000,0,0,多换,B,2168.0000,0.0000,0.0000,0.0000,0.0000,2169.0000,0.0000,0.0000,0.0000,0.0000,1,0,0,0,0,10,0,0,0,0
zc,WT209,2012-06-11 09:33:09.257,2168.0000,4306,0,0.0000,0.0000,0,0,多换,B,2168.0000,0.0000,0.0000,0.0000,0.0000,2169.0000,0.0000,0.0000,0.0000,0.0000,6,0,0,0,0,10,0,0,0,0
zc,WT209,2012-06-11 09:33:29.537,2168.0000,4306,0,0.0000,0.0000,0,0,多换,B,2168.0000,0.0000,0.0000,0.0000,0.0000,2169.0000,0.0000,0.0000,0.0000,0.0000,7,0,0,0,0,10,0,0,0,0
zc,WT209,2012-06-11 09:34:27.757,2169.0000,4300,-6,0.0000,16.0000,5,11,空平,B,2168.0000,0.0000,0.0000,0.0000,0.0000,2169.0000,0.0000,0.0000,0.0000,0.0000,7,0,0,0,0,2,0,0,0,0
zc,WT209,2012-06-11 09:34:58.600,2169.0000,4300,0,0.0000,0.0000,0,0,多换,B,2168.0000,0.0000,0.0000,0.0000,0.0000,2169.0000,0.0000,0.0000,0.0000,0.0000,6,0,0,0,0,2,0,0,0,0
zc,WT209,2012-06-11 09:35:54.303,2169.0000,4300,0,0.0000,2.0000,1,1,多换,B,2168.0000,0.0000,0.0000,0.0000,0.0000,2169.0000,0.0000,0.0000,0.0000,0.0000,6,0,0,0,0,1,0,0,0,0
zc,WT209,2012-06-11 09:35:59.287,2169.0000,4298,-2,0.0000,2.0000,0,2,双平,B,2169.0000,0.0000,0.0000,0.0000,0.0000,2170.0000,0.0000,0.0000,0.0000,0.0000,1,0,0,0,0,11,0,0,0,0
zc,WT209,2012-06-11 09:36:37.837,2169.0000,4296,-2,0.0000,2.0000,0,2,双平,B,2168.0000,0.0000,0.0000,0.0000,0.0000,2169.0000,0.0000,0.0000,0.0000,0.0000,7,0,0,0,0,1,0,0,0,0
zc,WT209,2012-06-11 09:38:07.287,2169.0000,4296,0,0.0000,0.0000,0,0,多换,B,2168.0000,0.0000,0.0000,0.0000,0.0000,2169.0000,0.0000,0.0000,0.0000,0.0000,7,0,0,0,0,59,0,0,0,0
zc,WT209,2012-06-11 09:38:26.023,2169.0000,4296,0,0.0000,0.0000,0,0,多换,B,2168.0000,0.0000,0.0000,0.0000,0.0000,2169.0000,0.0000,0.0000,0.0000,0.0000,7,0,0,0,0,1,0,0,0,0
zc,WT209,2012-06-11 09:38:56.273,2168.0000,4284,-12,0.0000,14.0000,1,13,多平,S,2166.0000,0.0000,0.0000,0.0000,0.0000,2169.0000,0.0000,0.0000,0.0000,0.0000,22,0,0,0,0,1,0,0,0,0
zc,WT209,2012-06-11 09:38:58.007,2166.0000,4282,-2,0.0000,2.0000,0,2,双平,S,2166.0000,0.0000,0.0000,0.0000,0.0000,2169.0000,0.0000,0.0000,0.0000,0.0000,21,0,0,0,0,1,0,0,0,0
zc,WT209,2012-06-11 09:38:58.537,2166.0000,4282,0,0.0000,2.0000,1,1,空换,S,2166.0000,0.0000,0.0000,0.0000,0.0000,2169.0000,0.0000,0.0000,0.0000,0.0000,20,0,0,0,0,1,0,0,0,0
zc,WT209,2012-06-11 09:39:03.537,2166.0000,4282,0,0.0000,0.0000,0,0,空换,S,2167.0000,0.0000,0.0000,0.0000,0.0000,2169.0000,0.0000,0.0000,0.0000,0.0000,2,0,0,0,0,1,0,0,0,0
zc,WT209,2012-06-11 09:39:06.740,2166.0000,4282,0,0.0000,0.0000,0,0,空换,S,2167.0000,0.0000,0.0000,0.0000,0.0000,2169.0000,0.0000,0.0000,0.0000,0.0000,3,0,0,0,0,1,0,0,0,0
zc,WT209,2012-06-11 09:39:09.287,2166.0000,4282,0,0.0000,0.0000,0,0,空换,S,2167.0000,0.0000,0.0000,0.0000,0.0000,2169.0000,0.0000,0.0000,0.0000,0.0000,4,0,0,0,0,1,0,0,0,0
zc,WT209,2012-06-11 09:39:17.023,2166.0000,4282,0,0.0000,0.0000,0,0,空换,S,2167.0000,0.0000,0.0000,0.0000,0.0000,2168.0000,0.0000,0.0000,0.0000,0.0000,4,0,0,0,0,9,0,0,0,0
zc,WT209,2012-06-11 09:41:02.240,2166.0000,4282,0,0.0000,0.0000,0,0,空换,S,2167.0000,0.0000,0.0000,0.0000,0.0000,2168.0000,0.0000,0.0000,0.0000,0.0000,4,0,0,0,0,9,0,0,0,0
zc,WT209,2012-06-11 09:41:03.507,2168.0000,4278,-4,0.0000,4.0000,0,4,双平,B,2167.0000,0.0000,0.0000,0.0000,0.0000,2168.0000,0.0000,0.0000,0.0000,0.0000,4,0,0,0,0,7,0,0,0,0
zc,WT209,2012-06-11 09:41:14.007,2168.0000,4278,0,0.0000,0.0000,0,0,多换,B,2167.0000,0.0000,0.0000,0.0000,0.0000,2168.0000,0.0000,0.0000,0.0000,0.0000,46,0,0,0,0,7,0,0,0,0
zc,WT209,2012-06-11 09:41:45.257,2168.0000,4274,-4,0.0000,4.0000,0,4,双平,B,2167.0000,0.0000,0.0000,0.0000,0.0000,2168.0000,0.0000,0.0000,0.0000,0.0000,46,0,0,0,0,5,0,0,0,0
zc,WT209,2012-06-11 09:41:57.773,2167.0000,4266,-8,0.0000,46.0000,19,27,多平,S,2167.0000,0.0000,0.0000,0.0000,0.0000,2168.0000,0.0000,0.0000,0.0000,0.0000,23,0,0,0,0,5,0,0,0,0
zc,WT209,2012-06-11 09:42:01.273,2168.0000,4264,-2,0.0000,2.0000,0,2,双平,B,2167.0000,0.0000,0.0000,0.0000,0.0000,2168.0000,0.0000,0.0000,0.0000,0.0000,23,0,0,0,0,4,0,0,0,0
zc,WT209,2012-06-11 09:43:18.053,2168.0000,4264,0,0.0000,2.0000,1,1,多换,B,2167.0000,0.0000,0.0000,0.0000,0.0000,2168.0000,0.0000,0.0000,0.0000,0.0000,23,0,0,0,0,3,0,0,0,0
zc,WT209,2012-06-11 09:43:55.490,2168.0000,4264,0,0.0000,2.0000,1,1,多换,B,2167.0000,0.0000,0.0000,0.0000,0.0000,2168.0000,0.0000,0.0000,0.0000,0.0000,23,0,0,0,0,2,0,0,0,0
zc,WT209,2012-06-11 09:44:05.287,2168.0000,4264,0,0.0000,0.0000,0,0,多换,B,2167.0000,0.0000,0.0000,0.0000,0.0000,2168.0000,0.0000,0.0000,0.0000,0.0000,23,0,0,0,0,16,0,0,0,0
zc,WT209,2012-06-11 09:44:06.553,2168.0000,4264,0,0.0000,2.0000,1,1,多换,B,2167.0000,0.0000,0.0000,0.0000,0.0000,2168.0000,0.0000,0.0000,0.0000,0.0000,23,0,0,0,0,15,0,0,0,0
zc,WT209,2012-06-11 09:45:15.507,2168.0000,4244,-20,0.0000,20.0000,0,20,双平,B,2167.0000,0.0000,0.0000,0.0000,0.0000,2168.0000,0.0000,0.0000,0.0000,0.0000,23,0,0,0,0,5,0,0,0,0
zc,WT209,2012-06-11 09:46:10.757,2168.0000,4244,0,0.0000,0.0000,0,0,多换,B,2167.0000,0.0000,0.0000,0.0000,0.0000,2168.0000,0.0000,0.0000,0.0000,0.0000,23,0,0,0,0,9,0,0,0,0
zc,WT209,2012-06-11 09:46:55.227,2168.0000,4244,0,0.0000,0.0000,0,0,多换,B,2167.0000,0.0000,0.0000,0.0000,0.0000,2168.0000,0.0000,0.0000,0.0000,0.0000,28,0,0,0,0,9,0,0,0,0
zc,WT209,2012-06-11 09:47:02.257,2168.0000,4244,0,0.0000,0.0000,0,0,多换,B,2167.0000,0.0000,0.0000,0.0000,0.0000,2168.0000,0.0000,0.0000,0.0000,0.0000,28,0,0,0,0,9,0,0,0,0
zc,WT209,2012-06-11 09:47:25.490,2168.0000,4234,-10,0.0000,10.0000,0,10,双平,B,2167.0000,0.0000,0.0000,0.0000,0.0000,2168.0000,0.0000,0.0000,0.0000,0.0000,28,0,0,0,0,4,0,0,0,0
zc,WT209,2012-06-11 09:47:46.757,2167.0000,4234,0,0.0000,38.0000,19,19,空换,S,2167.0000,0.0000,0.0000,0.0000,0.0000,2168.0000,0.0000,0.0000,0.0000,0.0000,9,0,0,0,0,4,0,0,0,0
zc,WT209,2012-06-11 09:48:10.240,2167.0000,4234,0,0.0000,0.0000,0,0,空换,S,2167.0000,0.0000,0.0000,0.0000,0.0000,2168.0000,0.0000,0.0000,0.0000,0.0000,9,0,0,0,0,5,0,0,0,0
zc,WT209,2012-06-11 09:48:48.303,2168.0000,4230,-4,0.0000,4.0000,0,4,双平,B,2167.0000,0.0000,0.0000,0.0000,0.0000,2168.0000,0.0000,0.0000,0.0000,0.0000,9,0,0,0,0,3,0,0,0,0
zc,WT209,2012-06-11 09:48:56.007,2168.0000,4230,0,0.0000,0.0000,0,0,多换,B,2167.0000,0.0000,0.0000,0.0000,0.0000,2168.0000,0.0000,0.0000,0.0000,0.0000,9,0,0,0,0,4,0,0,0,0
zc,WT209,2012-06-11 09:49:13.023,2168.0000,4230,0,0.0000,0.0000,0,0,多换,B,2167.0000,0.0000,0.0000,0.0000,0.0000,2168.0000,0.0000,0.0000,0.0000,0.0000,9,0,0,0,0,1,0,0,0,0
zc,WT209,2012-06-11 09:49:27.773,2168.0000,4230,0,0.0000,0.0000,0,0,多换,B,2167.0000,0.0000,0.0000,0.0000,0.0000,2168.0000,0.0000,0.0000,0.0000,0.0000,9,0,0,0,0,4,0,0,0,0
zc,WT209,2012-06-11 09:50:05.240,2168.0000,4230,0,0.0000,0.0000,0,0,多换,B,2167.0000,0.0000,0.0000,0.0000,0.0000,2168.0000,0.0000,0.0000,0.0000,0.0000,9,0,0,0,0,23,0,0,0,0
zc,WT209,2012-06-11 09:51:02.257,2168.0000,4230,0,0.0000,0.0000,0,0,多换,B,2167.0000,0.0000,0.0000,0.0000,0.0000,2168.0000,0.0000,0.0000,0.0000,0.0000,9,0,0,0,0,23,0,0,0,0
zc,WT209,2012-06-11 09:51:23.273,2168.0000,4230,0,0.0000,0.0000,0,0,多换,B,2167.0000,0.0000,0.0000,0.0000,0.0000,2168.0000,0.0000,0.0000,0.0000,0.0000,5,0,0,0,0,23,0,0,0,0
zc,WT209,2012-06-11 09:51:53.507,2168.0000,4230,0,0.0000,0.0000,0,0,多换,B,2167.0000,0.0000,0.0000,0.0000,0.0000,2168.0000,0.0000,0.0000,0.0000,0.0000,5,0,0,0,0,4,0,0,0,0
zc,WT209,2012-06-11 09:52:54.007,2167.0000,4226,-4,0.0000,4.0000,0,4,双平,S,2167.0000,0.0000,0.0000,0.0000,0.0000,2168.0000,0.0000,0.0000,0.0000,0.0000,3,0,0,0,0,4,0,0,0,0
zc,WT209,2012-06-11 09:53:02.273,2167.0000,4226,0,0.0000,0.0000,0,0,空换,S,2167.0000,0.0000,0.0000,0.0000,0.0000,2168.0000,0.0000,0.0000,0.0000,0.0000,3,0,0,0,0,4,0,0,0,0
zc,WT209,2012-06-11 09:53:19.740,2167.0000,4226,0,0.0000,0.0000,0,0,空换,S,2167.0000,0.0000,0.0000,0.0000,0.0000,2168.0000,0.0000,0.0000,0.0000,0.0000,3,0,0,0,0,12,0,0,0,0
zc,WT209,2012-06-11 09:54:41.490,2167.0000,4224,-2,0.0000,2.0000,0,2,双平,S,2167.0000,0.0000,0.0000,0.0000,0.0000,2168.0000,0.0000,0.0000,0.0000,0.0000,2,0,0,0,0,12,0,0,0,0
zc,WT209,2012-06-11 09:54:55.507,2166.0000,4186,-38,0.0000,38.0000,0,38,双平,S,2166.0000,0.0000,0.0000,0.0000,0.0000,2168.0000,0.0000,0.0000,0.0000,0.0000,6,0,0,0,0,12,0,0,0,0
zc,WT209,2012-06-11 09:55:09.977,2166.0000,4186,0,0.0000,0.0000,0,0,空换,S,2166.0000,0.0000,0.0000,0.0000,0.0000,2168.0000,0.0000,0.0000,0.0000,0.0000,6,0,0,0,0,13,0,0,0,0
zc,WT209,2012-06-11 09:55:37.757,2168.0000,4166,-20,0.0000,20.0000,0,20,双平,B,2166.0000,0.0000,0.0000,0.0000,0.0000,2168.0000,0.0000,0.0000,0.0000,0.0000,6,0,0,0,0,3,0,0,0,0
zc,WT209,2012-06-11 09:57:37.477,2168.0000,4166,0,0.0000,2.0000,1,1,多换,B,2166.0000,0.0000,0.0000,0.0000,0.0000,2168.0000,0.0000,0.0000,0.0000,0.0000,6,0,0,0,0,2,0,0,0,0
zc,WT209,2012-06-11 09:58:57.287,2168.0000,4166,0,0.0000,0.0000,0,0,多换,B,2166.0000,0.0000,0.0000,0.0000,0.0000,2168.0000,0.0000,0.0000,0.0000,0.0000,6,0,0,0,0,3,0,0,0,0
zc,WT209,2012-06-11 09:59:31.273,2166.0000,4154,-12,0.0000,12.0000,0,12,双平,S,2165.0000,0.0000,0.0000,0.0000,0.0000,2166.0000,0.0000,0.0000,0.0000,0.0000,20,0,0,0,0,4,0,0,0,0
zc,WT209,2012-06-11 09:59:33.757,2165.0000,4134,-20,0.0000,20.0000,0,20,双平,S,2165.0000,0.0000,0.0000,0.0000,0.0000,2166.0000,0.0000,0.0000,0.0000,0.0000,10,0,0,0,0,4,0,0,0,0
zc,WT209,2012-06-11 09:59:34.320,2166.0000,4114,-20,0.0000,28.0000,4,24,空平,B,2166.0000,0.0000,0.0000,0.0000,0.0000,2168.0000,0.0000,0.0000,0.0000,0.0000,8,0,0,0,0,3,0,0,0,0
zc,WT209,2012-06-11 09:59:39.787,2166.0000,4114,0,0.0000,16.0000,8,8,多换,B,2164.0000,0.0000,0.0000,0.0000,0.0000,2166.0000,0.0000,0.0000,0.0000,0.0000,4,0,0,0,0,2,0,0,0,0
zc,WT209,2012-06-11 10:00:05.287,2166.0000,4114,0,0.0000,0.0000,0,0,多换,B,2164.0000,0.0000,0.0000,0.0000,0.0000,2166.0000,0.0000,0.0000,0.0000,0.0000,3,0,0,0,0,2,0,0,0,0
zc,WT209,2012-06-11 10:00:19.007,2166.0000,4114,0,0.0000,0.0000,0,0,多换,B,2164.0000,0.0000,0.0000,0.0000,0.0000,2166.0000,0.0000,0.0000,0.0000,0.0000,8,0,0,0,0,2,0,0,0,0
zc,WT209,2012-06-11 10:00:52.537,2166.0000,4114,0,0.0000,0.0000,0,0,多换,B,2165.0000,0.0000,0.0000,0.0000,0.0000,2166.0000,0.0000,0.0000,0.0000,0.0000,1,0,0,0,0,2,0,0,0,0
zc,WT209,2012-06-11 10:01:23.740,2166.0000,4114,0,0.0000,0.0000,0,0,多换,B,2165.0000,0.0000,0.0000,0.0000,0.0000,2166.0000,0.0000,0.0000,0.0000,0.0000,11,0,0,0,0,2,0,0,0,0
zc,WT209,2012-06-11 10:01:34.757,2165.0000,4096,-18,0.0000,20.0000,1,19,多平,S,2165.0000,0.0000,0.0000,0.0000,0.0000,2166.0000,0.0000,0.0000,0.0000,0.0000,1,0,0,0,0,2,0,0,0,0
zc,WT209,2012-06-11 10:02:02.227,2165.0000,4096,0,0.0000,0.0000,0,0,空换,S,2165.0000,0.0000,0.0000,0.0000,0.0000,2166.0000,0.0000,0.0000,0.0000,0.0000,1,0,0,0,0,2,0,0,0,0
zc,WT209,2012-06-11 10:02:03.537,2165.0000,4096,0,0.0000,0.0000,0,0,空换,S,2164.0000,0.0000,0.0000,0.0000,0.0000,2166.0000,0.0000,0.0000,0.0000,0.0000,8,0,0,0,0,2,0,0,0,0
zc,WT209,2012-06-11 10:02:10.007,2166.0000,4094,-2,0.0000,2.0000,0,2,双平,B,2164.0000,0.0000,0.0000,0.0000,0.0000,2166.0000,0.0000,0.0000,0.0000,0.0000,8,0,0,0,0,1,0,0,0,0
zc,WT209,2012-06-11 10:02:47.037,2166.0000,4094,0,0.0000,2.0000,1,1,多换,B,2164.0000,0.0000,0.0000,0.0000,0.0000,2168.0000,0.0000,0.0000,0.0000,0.0000,8,0,0,0,0,3,0,0,0,0
zc,WT209,2012-06-11 10:03:02.210,2166.0000,4094,0,0.0000,0.0000,0,0,多换,B,2164.0000,0.0000,0.0000,0.0000,0.0000,2168.0000,0.0000,0.0000,0.0000,0.0000,8,0,0,0,0,3,0,0,0,0
zc,WT209,2012-06-11 10:03:24.507,2166.0000,4094,0,0.0000,0.0000,0,0,多换,B,2164.0000,0.0000,0.0000,0.0000,0.0000,2168.0000,0.0000,0.0000,0.0000,0.0000,18,0,0,0,0,3,0,0,0,0
zc,WT209,2012-06-11 10:03:30.537,2166.0000,4094,0,0.0000,0.0000,0,0,多换,B,2164.0000,0.0000,0.0000,0.0000,0.0000,2168.0000,0.0000,0.0000,0.0000,0.0000,13,0,0,0,0,3,0,0,0,0
zc,WT209,2012-06-11 10:03:31.820,2164.0000,4096,2,0.0000,2.0000,2,0,双开,S,2164.0000,0.0000,0.0000,0.0000,0.0000,2168.0000,0.0000,0.0000,0.0000,0.0000,12,0,0,0,0,3,0,0,0,0
zc,WT209,2012-06-11 10:03:47.803,2164.0000,4096,0,0.0000,0.0000,0,0,空换,S,2164.0000,0.0000,0.0000,0.0000,0.0000,2168.0000,0.0000,0.0000,0.0000,0.0000,12,0,0,0,0,4,0,0,0,0
zc,WT209,2012-06-11 10:03:57.477,2164.0000,4096,0,0.0000,0.0000,0,0,空换,S,2164.0000,0.0000,0.0000,0.0000,0.0000,2168.0000,0.0000,0.0000,0.0000,0.0000,12,0,0,0,0,5,0,0,0,0
zc,WT209,2012-06-11 10:05:19.257,2164.0000,4096,0,0.0000,0.0000,0,0,空换,S,2164.0000,0.0000,0.0000,0.0000,0.0000,2168.0000,0.0000,0.0000,0.0000,0.0000,12,0,0,0,0,6,0,0,0,0
zc,WT209,2012-06-11 10:05:50.007,2164.0000,4096,0,0.0000,0.0000,0,0,空换,S,2164.0000,0.0000,0.0000,0.0000,0.0000,2167.0000,0.0000,0.0000,0.0000,0.0000,12,0,0,0,0,1,0,0,0,0
zc,WT209,2012-06-11 10:06:03.523,2164.0000,4078,-18,0.0000,20.0000,1,19,多平,S,2164.0000,0.0000,0.0000,0.0000,0.0000,2167.0000,0.0000,0.0000,0.0000,0.0000,2,0,0,0,0,1,0,0,0,0
zc,WT209,2012-06-11 10:06:04.523,2164.0000,4074,-4,0.0000,4.0000,0,4,双平,S,2163.0000,0.0000,0.0000,0.0000,0.0000,2164.0000,0.0000,0.0000,0.0000,0.0000,4,0,0,0,0,8,0,0,0,0
zc,WT209,2012-06-11 10:06:27.303,2164.0000,4062,-12,0.0000,12.0000,0,12,双平,S,2163.0000,0.0000,0.0000,0.0000,0.0000,2164.0000,0.0000,0.0000,0.0000,0.0000,4,0,0,0,0,2,0,0,0,0
zc,WT209,2012-06-11 10:06:34.257,2164.0000,4062,0,0.0000,0.0000,0,0,空换,S,2163.0000,0.0000,0.0000,0.0000,0.0000,2164.0000,0.0000,0.0000,0.0000,0.0000,7,0,0,0,0,2,0,0,0,0
zc,WT209,2012-06-11 10:06:58.477,2164.0000,4062,0,0.0000,0.0000,0,0,空换,S,2163.0000,0.0000,0.0000,0.0000,0.0000,2164.0000,0.0000,0.0000,0.0000,0.0000,7,0,0,0,0,3,0,0,0,0
zc,WT209,2012-06-11 10:07:04.007,2164.0000,4062,0,0.0000,4.0000,2,2,空换,S,2163.0000,0.0000,0.0000,0.0000,0.0000,2164.0000,0.0000,0.0000,0.0000,0.0000,7,0,0,0,0,1,0,0,0,0
zc,WT209,2012-06-11 10:07:04.773,2164.0000,4062,0,0.0000,2.0000,1,1,空换,S,2163.0000,0.0000,0.0000,0.0000,0.0000,2167.0000,0.0000,0.0000,0.0000,0.0000,7,0,0,0,0,1,0,0,0,0
zc,WT209,2012-06-11 10:07:13.257,2164.0000,4062,0,0.0000,0.0000,0,0,空换,S,2164.0000,0.0000,0.0000,0.0000,0.0000,2167.0000,0.0000,0.0000,0.0000,0.0000,1,0,0,0,0,1,0,0,0,0
zc,WT209,2012-06-11 10:07:16.570,2164.0000,4062,0,0.0000,0.0000,0,0,空换,S,2164.0000,0.0000,0.0000,0.0000,0.0000,2167.0000,0.0000,0.0000,0.0000,0.0000,2,0,0,0,0,1,0,0,0,0
zc,WT209,2012-06-11 10:07:17.490,2164.0000,4062,0,0.0000,0.0000,0,0,空换,S,2164.0000,0.0000,0.0000,0.0000,0.0000,2167.0000,0.0000,0.0000,0.0000,0.0000,2,0,0,0,0,3,0,0,0,0
zc,WT209,2012-06-11 10:07:49.977,2164.0000,4062,0,0.0000,0.0000,0,0,空换,S,2164.0000,0.0000,0.0000,0.0000,0.0000,2166.0000,0.0000,0.0000,0.0000,0.0000,2,0,0,0,0,1,0,0,0,0
zc,WT209,2012-06-11 10:08:21.523,2164.0000,4062,0,0.0000,0.0000,0,0,空换,S,2164.0000,0.0000,0.0000,0.0000,0.0000,2166.0000,0.0000,0.0000,0.0000,0.0000,5,0,0,0,0,1,0,0,0,0
zc,WT209,2012-06-11 10:08:29.240,2164.0000,4054,-8,0.0000,10.0000,1,9,多平,S,2163.0000,0.0000,0.0000,0.0000,0.0000,2166.0000,0.0000,0.0000,0.0000,0.0000,2,0,0,0,0,1,0,0,0,0
zc,WT209,2012-06-11 10:08:45.037,2164.0000,4054,0,0.0000,0.0000,0,0,空换,S,2164.0000,0.0000,0.0000,0.0000,0.0000,2166.0000,0.0000,0.0000,0.0000,0.0000,2,0,0,0,0,1,0,0,0,0
zc,WT209,2012-06-11 10:08:52.007,2164.0000,4050,-4,0.0000,4.0000,0,4,双平,S,2163.0000,0.0000,0.0000,0.0000,0.0000,2166.0000,0.0000,0.0000,0.0000,0.0000,2,0,0,0,0,1,0,0,0,0
zc,WT209,2012-06-11 10:09:02.210,2164.0000,4050,0,0.0000,0.0000,0,0,空换,S,2163.0000,0.0000,0.0000,0.0000,0.0000,2166.0000,0.0000,0.0000,0.0000,0.0000,2,0,0,0,0,1,0,0,0,0
zc,WT209,2012-06-11 10:09:19.477,2164.0000,4050,0,0.0000,0.0000,0,0,空换,S,2164.0000,0.0000,0.0000,0.0000,0.0000,2166.0000,0.0000,0.0000,0.0000,0.0000,4,0,0,0,0,1,0,0,0,0
zc,WT209,2012-06-11 10:09:21.240,2164.0000,4050,0,0.0000,0.0000,0,0,空换,S,2164.0000,0.0000,0.0000,0.0000,0.0000,2166.0000,0.0000,0.0000,0.0000,0.0000,5,0,0,0,0,1,0,0,0,0
zc,WT209,2012-06-11 10:09:37.007,2164.0000,4050,0,0.0000,0.0000,0,0,空换,S,2164.0000,0.0000,0.0000,0.0000,0.0000,2166.0000,0.0000,0.0000,0.0000,0.0000,5,0,0,0,0,2,0,0,0,0
zc,WT209,2012-06-11 10:10:26.803,2164.0000,4042,-8,0.0000,10.0000,1,9,多平,S,2163.0000,0.0000,0.0000,0.0000,0.0000,2166.0000,0.0000,0.0000,0.0000,0.0000,2,0,0,0,0,2,0,0,0,0
zc,WT209,2012-06-11 10:11:02.240,2164.0000,4042,0,0.0000,0.0000,0,0,空换,S,2164.0000,0.0000,0.0000,0.0000,0.0000,2166.0000,0.0000,0.0000,0.0000,0.0000,5,0,0,0,0,2,0,0,0,0
zc,WT209,2012-06-11 10:11:25.990,2164.0000,4042,0,0.0000,0.0000,0,0,空换,S,2165.0000,0.0000,0.0000,0.0000,0.0000,2166.0000,0.0000,0.0000,0.0000,0.0000,1,0,0,0,0,2,0,0,0,0
zc,WT209,2012-06-11 10:12:06.787,2164.0000,4042,0,0.0000,0.0000,0,0,空换,S,2164.0000,0.0000,0.0000,0.0000,0.0000,2166.0000,0.0000,0.0000,0.0000,0.0000,5,0,0,0,0,2,0,0,0,0
zc,WT209,2012-06-11 10:12:37.773,2166.0000,4042,0,0.0000,2.0000,1,1,多换,B,2164.0000,0.0000,0.0000,0.0000,0.0000,2166.0000,0.0000,0.0000,0.0000,0.0000,5,0,0,0,0,1,0,0,0,0
zc,WT209,2012-06-11 10:19:02.240,2166.0000,4042,0,0.0000,0.0000,0,0,多换,B,2164.0000,0.0000,0.0000,0.0000,0.0000,2166.0000,0.0000,0.0000,0.0000,0.0000,5,0,0,0,0,1,0,0,0,0
zc,WT209,2012-06-11 10:22:02.227,2166.0000,4042,0,0.0000,0.0000,0,0,多换,B,2164.0000,0.0000,0.0000,0.0000,0.0000,2166.0000,0.0000,0.0000,0.0000,0.0000,5,0,0,0,0,1,0,0,0,0
zc,WT209,2012-06-11 10:23:02.240,2166.0000,4042,0,0.0000,0.0000,0,0,多换,B,2164.0000,0.0000,0.0000,0.0000,0.0000,2166.0000,0.0000,0.0000,0.0000,0.0000,5,0,0,0,0,1,0,0,0,0
zc,WT209,2012-06-11 10:25:02.240,2166.0000,4042,0,0.0000,0.0000,0,0,多换,B,2164.0000,0.0000,0.0000,0.0000,0.0000,2166.0000,0.0000,0.0000,0.0000,0.0000,5,0,0,0,0,1,0,0,0,0
zc,WT209,2012-06-11 10:27:02.227,2166.0000,4042,0,0.0000,0.0000,0,0,多换,B,2164.0000,0.0000,0.0000,0.0000,0.0000,2166.0000,0.0000,0.0000,0.0000,0.0000,5,0,0,0,0,1,0,0,0,0
zc,WT209,2012-06-11 10:29:02.227,2166.0000,4042,0,0.0000,0.0000,0,0,多换,B,2164.0000,0.0000,0.0000,0.0000,0.0000,2166.0000,0.0000,0.0000,0.0000,0.0000,5,0,0,0,0,1,0,0,0,0
zc,WT209,2012-06-11 10:30:27.227,2166.0000,4042,0,0.0000,0.0000,0,0,多换,B,2165.0000,0.0000,0.0000,0.0000,0.0000,2166.0000,0.0000,0.0000,0.0000,0.0000,1,0,0,0,0,1,0,0,0,0
zc,WT209,2012-06-11 10:32:02.227,2166.0000,4042,0,0.0000,0.0000,0,0,多换,B,2165.0000,0.0000,0.0000,0.0000,0.0000,2166.0000,0.0000,0.0000,0.0000,0.0000,1,0,0,0,0,1,0,0,0,0
zc,WT209,2012-06-11 10:33:02.227,2166.0000,4042,0,0.0000,0.0000,0,0,多换,B,2165.0000,0.0000,0.0000,0.0000,0.0000,2166.0000,0.0000,0.0000,0.0000,0.0000,1,0,0,0,0,1,0,0,0,0
zc,WT209,2012-06-11 10:34:41.740,2166.0000,4042,0,0.0000,0.0000,0,0,多换,B,2165.0000,0.0000,0.0000,0.0000,0.0000,2166.0000,0.0000,0.0000,0.0000,0.0000,1,0,0,0,0,3,0,0,0,0
zc,WT209,2012-06-11 10:34:52.257,2166.0000,4042,0,0.0000,0.0000,0,0,多换,B,2164.0000,0.0000,0.0000,0.0000,0.0000,2166.0000,0.0000,0.0000,0.0000,0.0000,5,0,0,0,0,3,0,0,0,0
zc,WT209,2012-06-11 10:35:09.537,2166.0000,4042,0,0.0000,0.0000,0,0,多换,B,2164.0000,0.0000,0.0000,0.0000,0.0000,2166.0000,0.0000,0.0000,0.0000,0.0000,6,0,0,0,0,3,0,0,0,0
zc,WT209,2012-06-11 10:36:08.990,2166.0000,4042,0,0.0000,0.0000,0,0,多换,B,2164.0000,0.0000,0.0000,0.0000,0.0000,2166.0000,0.0000,0.0000,0.0000,0.0000,7,0,0,0,0,3,0,0,0,0
zc,WT209,2012-06-11 10:37:02.240,2166.0000,4042,0,0.0000,0.0000,0,0,多换,B,2164.0000,0.0000,0.0000,0.0000,0.0000,2166.0000,0.0000,0.0000,0.0000,0.0000,7,0,0,0,0,3,0,0,0,0
zc,WT209,2012-06-11 10:37:51.053,2166.0000,4042,0,0.0000,0.0000,0,0,多换,B,2165.0000,0.0000,0.0000,0.0000,0.0000,2166.0000,0.0000,0.0000,0.0000,0.0000,1,0,0,0,0,3,0,0,0,0
zc,WT209,2012-06-11 10:38:10.287,2165.0000,4042,0,0.0000,2.0000,1,1,空换,S,2164.0000,0.0000,0.0000,0.0000,0.0000,2166.0000,0.0000,0.0000,0.0000,0.0000,7,0,0,0,0,3,0,0,0,0
zc,WT209,2012-06-11 10:38:28.037,2165.0000,4042,0,0.0000,0.0000,0,0,空换,S,2164.0000,0.0000,0.0000,0.0000,0.0000,2166.0000,0.0000,0.0000,0.0000,0.0000,6,0,0,0,0,3,0,0,0,0
zc,WT209,2012-06-11 10:38:29.273,2165.0000,4042,0,0.0000,0.0000,0,0,空换,S,2165.0000,0.0000,0.0000,0.0000,0.0000,2166.0000,0.0000,0.0000,0.0000,0.0000,1,0,0,0,0,3,0,0,0,0
zc,WT209,2012-06-11 10:39:42.240,2165.0000,4040,-2,0.0000,2.0000,0,2,双平,S,2164.0000,0.0000,0.0000,0.0000,0.0000,2165.0000,0.0000,0.0000,0.0000,0.0000,6,0,0,0,0,4,0,0,0,0
zc,WT209,2012-06-11 10:41:16.757,2165.0000,4032,-8,0.0000,8.0000,0,8,双平,S,2164.0000,0.0000,0.0000,0.0000,0.0000,2166.0000,0.0000,0.0000,0.0000,0.0000,6,0,0,0,0,3,0,0,0,0
zc,WT209,2012-06-11 10:42:11.740,2165.0000,4032,0,0.0000,0.0000,0,0,空换,S,2164.0000,0.0000,0.0000,0.0000,0.0000,2166.0000,0.0000,0.0000,0.0000,0.0000,5,0,0,0,0,3,0,0,0,0
zc,WT209,2012-06-11 10:43:25.537,2165.0000,4032,0,0.0000,0.0000,0,0,空换,S,2164.0000,0.0000,0.0000,0.0000,0.0000,2165.0000,0.0000,0.0000,0.0000,0.0000,5,0,0,0,0,2,0,0,0,0
zc,WT209,2012-06-11 10:43:58.227,2165.0000,4032,0,0.0000,4.0000,2,2,空换,S,2164.0000,0.0000,0.0000,0.0000,0.0000,2166.0000,0.0000,0.0000,0.0000,0.0000,5,0,0,0,0,3,0,0,0,0
zc,WT209,2012-06-11 10:47:02.210,2165.0000,4032,0,0.0000,0.0000,0,0,空换,S,2164.0000,0.0000,0.0000,0.0000,0.0000,2166.0000,0.0000,0.0000,0.0000,0.0000,5,0,0,0,0,3,0,0,0,0
zc,WT209,2012-06-11 10:49:18.977,2164.0000,4022,-10,0.0000,10.0000,0,10,双平,S,2162.0000,0.0000,0.0000,0.0000,0.0000,2166.0000,0.0000,0.0000,0.0000,0.0000,8,0,0,0,0,3,0,0,0,0
zc,WT209,2012-06-11 10:49:34.537,2164.0000,4022,0,0.0000,0.0000,0,0,空换,S,2162.0000,0.0000,0.0000,0.0000,0.0000,2165.0000,0.0000,0.0000,0.0000,0.0000,8,0,0,0,0,1,0,0,0,0
zc,WT209,2012-06-11 10:50:29.320,2164.0000,4022,0,0.0000,0.0000,0,0,空换,S,2162.0000,0.0000,0.0000,0.0000,0.0000,2165.0000,0.0000,0.0000,0.0000,0.0000,8,0,0,0,0,2,0,0,0,0
zc,WT209,2012-06-11 10:50:51.537,2164.0000,4022,0,0.0000,0.0000,0,0,空换,S,2163.0000,0.0000,0.0000,0.0000,0.0000,2165.0000,0.0000,0.0000,0.0000,0.0000,6,0,0,0,0,2,0,0,0,0
zc,WT209,2012-06-11 10:52:24.350,2164.0000,4022,0,0.0000,0.0000,0,0,空换,S,2163.0000,0.0000,0.0000,0.0000,0.0000,2165.0000,0.0000,0.0000,0.0000,0.0000,6,0,0,0,0,3,0,0,0,0
zc,WT209,2012-06-11 10:52:32.523,2164.0000,4022,0,0.0000,0.0000,0,0,空换,S,2163.0000,0.0000,0.0000,0.0000,0.0000,2165.0000,0.0000,0.0000,0.0000,0.0000,6,0,0,0,0,5,0,0,0,0
zc,WT209,2012-06-11 10:53:45.240,2163.0000,4020,-2,0.0000,2.0000,0,2,双平,S,2163.0000,0.0000,0.0000,0.0000,0.0000,2165.0000,0.0000,0.0000,0.0000,0.0000,5,0,0,0,0,5,0,0,0,0
zc,WT209,2012-06-11 10:54:15.337,2163.0000,4020,0,0.0000,0.0000,0,0,空换,S,2163.0000,0.0000,0.0000,0.0000,0.0000,2165.0000,0.0000,0.0000,0.0000,0.0000,5,0,0,0,0,4,0,0,0,0
zc,WT209,2012-06-11 10:59:53.990,2163.0000,4010,-10,0.0000,10.0000,0,10,双平,S,2162.0000,0.0000,0.0000,0.0000,0.0000,2165.0000,0.0000,0.0000,0.0000,0.0000,9,0,0,0,0,4,0,0,0,0
zc,WT209,2012-06-11 11:00:02.197,2163.0000,4010,0,0.0000,0.0000,0,0,空换,S,2162.0000,0.0000,0.0000,0.0000,0.0000,2165.0000,0.0000,0.0000,0.0000,0.0000,9,0,0,0,0,4,0,0,0,0
zc,WT209,2012-06-11 11:00:04.727,2162.0000,3992,-18,0.0000,18.0000,0,18,双平,S,2161.0000,0.0000,0.0000,0.0000,0.0000,2162.0000,0.0000,0.0000,0.0000,0.0000,1,0,0,0,0,4,0,0,0,0
zc,WT209,2012-06-11 11:00:22.507,2162.0000,3992,0,0.0000,0.0000,0,0,空换,S,2160.0000,0.0000,0.0000,0.0000,0.0000,2162.0000,0.0000,0.0000,0.0000,0.0000,15,0,0,0,0,4,0,0,0,0
zc,WT209,2012-06-11 11:00:26.227,2162.0000,3992,0,0.0000,0.0000,0,0,空换,S,2161.0000,0.0000,0.0000,0.0000,0.0000,2162.0000,0.0000,0.0000,0.0000,0.0000,1,0,0,0,0,4,0,0,0,0
zc,WT209,2012-06-11 11:00:27.460,2162.0000,3992,0,0.0000,0.0000,0,0,空换,S,2161.0000,0.0000,0.0000,0.0000,0.0000,2162.0000,0.0000,0.0000,0.0000,0.0000,2,0,0,0,0,4,0,0,0,0
zc,WT209,2012-06-11 11:00:47.240,2162.0000,3984,-8,0.0000,8.0000,0,8,双平,S,2161.0000,0.0000,0.0000,0.0000,0.0000,2165.0000,0.0000,0.0000,0.0000,0.0000,2,0,0,0,0,4,0,0,0,0
zc,WT209,2012-06-11 11:00:52.197,2162.0000,3984,0,0.0000,0.0000,0,0,空换,S,2161.0000,0.0000,0.0000,0.0000,0.0000,2165.0000,0.0000,0.0000,0.0000,0.0000,3,0,0,0,0,4,0,0,0,0
zc,WT209,2012-06-11 11:00:56.490,2162.0000,3984,0,0.0000,0.0000,0,0,空换,S,2161.0000,0.0000,0.0000,0.0000,0.0000,2165.0000,0.0000,0.0000,0.0000,0.0000,3,0,0,0,0,5,0,0,0,0
zc,WT209,2012-06-11 11:01:00.990,2162.0000,3984,0,0.0000,0.0000,0,0,空换,S,2161.0000,0.0000,0.0000,0.0000,0.0000,2165.0000,0.0000,0.0000,0.0000,0.0000,2,0,0,0,0,5,0,0,0,0
zc,WT209,2012-06-11 11:01:02.977,2162.0000,3984,0,0.0000,0.0000,0,0,空换,S,2161.0000,0.0000,0.0000,0.0000,0.0000,2165.0000,0.0000,0.0000,0.0000,0.0000,10,0,0,0,0,5,0,0,0,0
zc,WT209,2012-06-11 11:01:14.477,2162.0000,3984,0,0.0000,0.0000,0,0,空换,S,2161.0000,0.0000,0.0000,0.0000,0.0000,2165.0000,0.0000,0.0000,0.0000,0.0000,9,0,0,0,0,5,0,0,0,0
zc,WT209,2012-06-11 11:01:16.523,2162.0000,3984,0,0.0000,0.0000,0,0,空换,S,2162.0000,0.0000,0.0000,0.0000,0.0000,2165.0000,0.0000,0.0000,0.0000,0.0000,1,0,0,0,0,5,0,0,0,0
zc,WT209,2012-06-11 11:01:22.757,2162.0000,3984,0,0.0000,0.0000,0,0,空换,S,2162.0000,0.0000,0.0000,0.0000,0.0000,2165.0000,0.0000,0.0000,0.0000,0.0000,2,0,0,0,0,5,0,0,0,0
zc,WT209,2012-06-11 11:01:36.977,2162.0000,3984,0,0.0000,0.0000,0,0,空换,S,2162.0000,0.0000,0.0000,0.0000,0.0000,2165.0000,0.0000,0.0000,0.0000,0.0000,7,0,0,0,0,5,0,0,0,0
zc,WT209,2012-06-11 11:02:35.740,2162.0000,3984,0,0.0000,0.0000,0,0,空换,S,2162.0000,0.0000,0.0000,0.0000,0.0000,2165.0000,0.0000,0.0000,0.0000,0.0000,7,0,0,0,0,4,0,0,0,0
zc,WT209,2012-06-11 11:03:36.947,2162.0000,3984,0,0.0000,0.0000,0,0,空换,S,2162.0000,0.0000,0.0000,0.0000,0.0000,2165.0000,0.0000,0.0000,0.0000,0.0000,6,0,0,0,0,4,0,0,0,0
zc,WT209,2012-06-11 11:04:20.210,2162.0000,3982,-2,0.0000,4.0000,1,3,多平,S,2162.0000,0.0000,0.0000,0.0000,0.0000,2165.0000,0.0000,0.0000,0.0000,0.0000,4,0,0,0,0,4,0,0,0,0
zc,WT209,2012-06-11 11:04:52.727,2162.0000,3982,0,0.0000,0.0000,0,0,空换,S,2162.0000,0.0000,0.0000,0.0000,0.0000,2165.0000,0.0000,0.0000,0.0000,0.0000,5,0,0,0,0,4,0,0,0,0
zc,WT209,2012-06-11 11:06:00.273,2162.0000,3982,0,0.0000,0.0000,0,0,空换,S,2162.0000,0.0000,0.0000,0.0000,0.0000,2165.0000,0.0000,0.0000,0.0000,0.0000,6,0,0,0,0,4,0,0,0,0
zc,WT209,2012-06-11 11:06:44.197,2162.0000,3982,0,0.0000,0.0000,0,0,空换,S,2162.0000,0.0000,0.0000,0.0000,0.0000,2165.0000,0.0000,0.0000,0.0000,0.0000,5,0,0,0,0,4,0,0,0,0
zc,WT209,2012-06-11 11:10:40.447,2162.0000,3982,0,0.0000,0.0000,0,0,空换,S,2162.0000,0.0000,0.0000,0.0000,0.0000,2165.0000,0.0000,0.0000,0.0000,0.0000,5,0,0,0,0,5,0,0,0,0
zc,WT209,2012-06-11 11:11:39.447,2162.0000,3982,0,0.0000,0.0000,0,0,空换,S,2162.0000,0.0000,0.0000,0.0000,0.0000,2165.0000,0.0000,0.0000,0.0000,0.0000,1,0,0,0,0,5,0,0,0,0
zc,WT209,2012-06-11 11:11:58.460,2162.0000,3982,0,0.0000,0.0000,0,0,空换,S,2162.0000,0.0000,0.0000,0.0000,0.0000,2164.0000,0.0000,0.0000,0.0000,0.0000,1,0,0,0,0,2,0,0,0,0
zc,WT209,2012-06-11 11:12:41.447,2162.0000,3982,0,0.0000,0.0000,0,0,空换,S,2162.0000,0.0000,0.0000,0.0000,0.0000,2164.0000,0.0000,0.0000,0.0000,0.0000,5,0,0,0,0,2,0,0,0,0
zc,WT209,2012-06-11 11:12:49.990,2162.0000,3982,0,0.0000,0.0000,0,0,空换,S,2162.0000,0.0000,0.0000,0.0000,0.0000,2165.0000,0.0000,0.0000,0.0000,0.0000,5,0,0,0,0,6,0,0,0,0
zc,WT209,2012-06-11 11:14:02.180,2162.0000,3982,0,0.0000,0.0000,0,0,空换,S,2162.0000,0.0000,0.0000,0.0000,0.0000,2165.0000,0.0000,0.0000,0.0000,0.0000,5,0,0,0,0,6,0,0,0,0
zc,WT209,2012-06-11 11:16:24.727,2162.0000,3982,0,0.0000,0.0000,0,0,空换,S,2162.0000,0.0000,0.0000,0.0000,0.0000,2165.0000,0.0000,0.0000,0.0000,0.0000,7,0,0,0,0,6,0,0,0,0
zc,WT209,2012-06-11 11:18:42.240,2162.0000,3982,0,0.0000,0.0000,0,0,空换,S,2162.0000,0.0000,0.0000,0.0000,0.0000,2165.0000,0.0000,0.0000,0.0000,0.0000,7,0,0,0,0,5,0,0,0,0
zc,WT209,2012-06-11 11:18:46.240,2162.0000,3982,0,0.0000,0.0000,0,0,空换,S,2162.0000,0.0000,0.0000,0.0000,0.0000,2164.0000,0.0000,0.0000,0.0000,0.0000,7,0,0,0,0,1,0,0,0,0
zc,WT209,2012-06-11 11:18:56.553,2162.0000,3982,0,0.0000,0.0000,0,0,空换,S,2162.0000,0.0000,0.0000,0.0000,0.0000,2164.0000,0.0000,0.0000,0.0000,0.0000,5,0,0,0,0,1,0,0,0,0
zc,WT209,2012-06-11 11:23:02.180,2162.0000,3982,0,0.0000,0.0000,0,0,空换,S,2162.0000,0.0000,0.0000,0.0000,0.0000,2164.0000,0.0000,0.0000,0.0000,0.0000,5,0,0,0,0,1,0,0,0,0
zc,WT209,2012-06-11 11:28:34.227,2162.0000,3982,0,0.0000,0.0000,0,0,空换,S,2162.0000,0.0000,0.0000,0.0000,0.0000,2165.0000,0.0000,0.0000,0.0000,0.0000,5,0,0,0,0,5,0,0,0,0
zc,WT209,2012-06-11 11:42:02.163,2162.0000,3982,0,0.0000,0.0000,0,0,空换,S,2162.0000,0.0000,0.0000,0.0000,0.0000,2165.0000,0.0000,0.0000,0.0000,0.0000,5,0,0,0,0,5,0,0,0,0
zc,WT209,2012-06-11 11:44:02.147,2162.0000,3982,0,0.0000,0.0000,0,0,空换,S,2162.0000,0.0000,0.0000,0.0000,0.0000,2165.0000,0.0000,0.0000,0.0000,0.0000,5,0,0,0,0,5,0,0,0,0
zc,WT209,2012-06-11 12:00:02.133,2162.0000,3982,0,0.0000,0.0000,0,0,空换,S,2162.0000,0.0000,0.0000,0.0000,0.0000,2165.0000,0.0000,0.0000,0.0000,0.0000,5,0,0,0,0,5,0,0,0,0
zc,WT209,2012-06-11 12:02:02.133,2162.0000,3982,0,0.0000,0.0000,0,0,空换,S,2162.0000,0.0000,0.0000,0.0000,0.0000,2165.0000,0.0000,0.0000,0.0000,0.0000,5,0,0,0,0,5,0,0,0,0
zc,WT209,2012-06-11 12:16:02.117,2162.0000,3982,0,0.0000,0.0000,0,0,空换,S,2162.0000,0.0000,0.0000,0.0000,0.0000,2165.0000,0.0000,0.0000,0.0000,0.0000,5,0,0,0,0,5,0,0,0,0
zc,WT209,2012-06-11 12:30:02.117,2162.0000,3982,0,0.0000,0.0000,0,0,空换,S,2162.0000,0.0000,0.0000,0.0000,0.0000,2165.0000,0.0000,0.0000,0.0000,0.0000,5,0,0,0,0,5,0,0,0,0
zc,WT209,2012-06-11 12:35:02.117,2162.0000,3982,0,0.0000,0.0000,0,0,空换,S,2162.0000,0.0000,0.0000,0.0000,0.0000,2165.0000,0.0000,0.0000,0.0000,0.0000,5,0,0,0,0,5,0,0,0,0
zc,WT209,2012-06-11 12:36:02.117,2162.0000,3982,0,0.0000,0.0000,0,0,空换,S,2162.0000,0.0000,0.0000,0.0000,0.0000,2165.0000,0.0000,0.0000,0.0000,0.0000,5,0,0,0,0,5,0,0,0,0
zc,WT209,2012-06-11 12:40:02.117,2162.0000,3982,0,0.0000,0.0000,0,0,空换,S,2162.0000,0.0000,0.0000,0.0000,0.0000,2165.0000,0.0000,0.0000,0.0000,0.0000,5,0,0,0,0,5,0,0,0,0
zc,WT209,2012-06-11 12:45:02.100,2162.0000,3982,0,0.0000,0.0000,0,0,空换,S,2162.0000,0.0000,0.0000,0.0000,0.0000,2165.0000,0.0000,0.0000,0.0000,0.0000,5,0,0,0,0,5,0,0,0,0
zc,WT209,2012-06-11 12:50:02.117,2162.0000,3982,0,0.0000,0.0000,0,0,空换,S,2162.0000,0.0000,0.0000,0.0000,0.0000,2165.0000,0.0000,0.0000,0.0000,0.0000,5,0,0,0,0,5,0,0,0,0
zc,WT209,2012-06-11 12:52:02.100,2162.0000,3982,0,0.0000,0.0000,0,0,空换,S,2162.0000,0.0000,0.0000,0.0000,0.0000,2165.0000,0.0000,0.0000,0.0000,0.0000,5,0,0,0,0,5,0,0,0,0
zc,WT209,2012-06-11 13:08:02.087,2162.0000,3982,0,0.0000,0.0000,0,0,空换,S,2162.0000,0.0000,0.0000,0.0000,0.0000,2165.0000,0.0000,0.0000,0.0000,0.0000,5,0,0,0,0,5,0,0,0,0
zc,WT209,2012-06-11 13:11:02.087,2162.0000,3982,0,0.0000,0.0000,0,0,空换,S,2162.0000,0.0000,0.0000,0.0000,0.0000,2165.0000,0.0000,0.0000,0.0000,0.0000,5,0,0,0,0,5,0,0,0,0
zc,WT209,2012-06-11 13:15:02.087,2162.0000,3982,0,0.0000,0.0000,0,0,空换,S,2162.0000,0.0000,0.0000,0.0000,0.0000,2165.0000,0.0000,0.0000,0.0000,0.0000,5,0,0,0,0,5,0,0,0,0
zc,WT209,2012-06-11 13:18:02.087,2162.0000,3982,0,0.0000,0.0000,0,0,空换,S,2162.0000,0.0000,0.0000,0.0000,0.0000,2165.0000,0.0000,0.0000,0.0000,0.0000,5,0,0,0,0,5,0,0,0,0
zc,WT209,2012-06-11 13:22:02.070,2162.0000,3982,0,0.0000,0.0000,0,0,空换,S,2162.0000,0.0000,0.0000,0.0000,0.0000,2165.0000,0.0000,0.0000,0.0000,0.0000,5,0,0,0,0,5,0,0,0,0
zc,WT209,2012-06-11 13:28:02.070,2162.0000,3982,0,0.0000,0.0000,0,0,空换,S,2162.0000,0.0000,0.0000,0.0000,0.0000,2165.0000,0.0000,0.0000,0.0000,0.0000,5,0,0,0,0,5,0,0,0,0
zc,WT209,2012-06-11 13:30:21.977,2165.0000,3978,-4,0.0000,10.0000,3,7,空平,B,2163.0000,0.0000,0.0000,0.0000,0.0000,2167.0000,0.0000,0.0000,0.0000,0.0000,1,0,0,0,0,1,0,0,0,0
zc,WT209,2012-06-11 13:30:38.930,2165.0000,3978,0,0.0000,0.0000,0,0,多换,B,2163.0000,0.0000,0.0000,0.0000,0.0000,2167.0000,0.0000,0.0000,0.0000,0.0000,2,0,0,0,0,1,0,0,0,0
zc,WT209,2012-06-11 13:30:51.633,2163.0000,3978,0,0.0000,2.0000,1,1,空换,S,2163.0000,0.0000,0.0000,0.0000,0.0000,2167.0000,0.0000,0.0000,0.0000,0.0000,1,0,0,0,0,1,0,0,0,0
zc,WT209,2012-06-11 13:30:55.977,2163.0000,3978,0,0.0000,0.0000,0,0,空换,S,2163.0000,0.0000,0.0000,0.0000,0.0000,2167.0000,0.0000,0.0000,0.0000,0.0000,7,0,0,0,0,1,0,0,0,0
zc,WT209,2012-06-11 13:30:56.350,2163.0000,3978,0,0.0000,0.0000,0,0,空换,S,2163.0000,0.0000,0.0000,0.0000,0.0000,2166.0000,0.0000,0.0000,0.0000,0.0000,7,0,0,0,0,1,0,0,0,0
zc,WT209,2012-06-11 13:30:57.680,2163.0000,3978,0,0.0000,0.0000,0,0,空换,S,2163.0000,0.0000,0.0000,0.0000,0.0000,2166.0000,0.0000,0.0000,0.0000,0.0000,8,0,0,0,0,1,0,0,0,0
zc,WT209,2012-06-11 13:31:03.897,2163.0000,3978,0,0.0000,0.0000,0,0,空换,S,2164.0000,0.0000,0.0000,0.0000,0.0000,2166.0000,0.0000,0.0000,0.0000,0.0000,1,0,0,0,0,1,0,0,0,0
zc,WT209,2012-06-11 13:31:27.163,2163.0000,3978,0,0.0000,0.0000,0,0,空换,S,2165.0000,0.0000,0.0000,0.0000,0.0000,2166.0000,0.0000,0.0000,0.0000,0.0000,1,0,0,0,0,1,0,0,0,0
zc,WT209,2012-06-11 13:31:35.430,2165.0000,3980,2,0.0000,2.0000,2,0,双开,B,2164.0000,0.0000,0.0000,0.0000,0.0000,2166.0000,0.0000,0.0000,0.0000,0.0000,1,0,0,0,0,1,0,0,0,0
zc,WT209,2012-06-11 13:31:37.430,2165.0000,3980,0,0.0000,0.0000,0,0,多换,B,2164.0000,0.0000,0.0000,0.0000,0.0000,2167.0000,0.0000,0.0000,0.0000,0.0000,1,0,0,0,0,1,0,0,0,0
zc,WT209,2012-06-11 13:31:47.350,2165.0000,3980,0,0.0000,0.0000,0,0,多换,B,2165.0000,0.0000,0.0000,0.0000,0.0000,2167.0000,0.0000,0.0000,0.0000,0.0000,1,0,0,0,0,1,0,0,0,0
zc,WT209,2012-06-11 13:36:23.100,2167.0000,3982,2,0.0000,2.0000,2,0,双开,B,2165.0000,0.0000,0.0000,0.0000,0.0000,2168.0000,0.0000,0.0000,0.0000,0.0000,1,0,0,0,0,4,0,0,0,0
zc,WT209,2012-06-11 13:36:37.633,2167.0000,3982,0,0.0000,0.0000,0,0,多换,B,2165.0000,0.0000,0.0000,0.0000,0.0000,2168.0000,0.0000,0.0000,0.0000,0.0000,1,0,0,0,0,5,0,0,0,0
zc,WT209,2012-06-11 13:37:02.087,2167.0000,3982,0,0.0000,0.0000,0,0,多换,B,2165.0000,0.0000,0.0000,0.0000,0.0000,2168.0000,0.0000,0.0000,0.0000,0.0000,1,0,0,0,0,5,0,0,0,0
zc,WT209,2012-06-11 13:37:13.803,2167.0000,3982,0,0.0000,0.0000,0,0,多换,B,2165.0000,0.0000,0.0000,0.0000,0.0000,2167.0000,0.0000,0.0000,0.0000,0.0000,1,0,0,0,0,2,0,0,0,0
zc,WT209,2012-06-11 13:39:41.600,2167.0000,3982,0,0.0000,0.0000,0,0,多换,B,2165.0000,0.0000,0.0000,0.0000,0.0000,2166.0000,0.0000,0.0000,0.0000,0.0000,1,0,0,0,0,1,0,0,0,0
zc,WT209,2012-06-11 13:40:07.087,2165.0000,3982,0,0.0000,2.0000,1,1,空换,S,2163.0000,0.0000,0.0000,0.0000,0.0000,2165.0000,0.0000,0.0000,0.0000,0.0000,5,0,0,0,0,4,0,0,0,0
zc,WT209,2012-06-11 13:40:30.587,2165.0000,3982,0,0.0000,0.0000,0,0,空换,S,2163.0000,0.0000,0.0000,0.0000,0.0000,2165.0000,0.0000,0.0000,0.0000,0.0000,4,0,0,0,0,4,0,0,0,0
zc,WT209,2012-06-11 13:40:32.070,2165.0000,3982,0,0.0000,0.0000,0,0,空换,S,2164.0000,0.0000,0.0000,0.0000,0.0000,2165.0000,0.0000,0.0000,0.0000,0.0000,1,0,0,0,0,4,0,0,0,0
zc,WT209,2012-06-11 13:40:49.070,2165.0000,3974,-8,0.0000,8.0000,0,8,双平,S,2164.0000,0.0000,0.0000,0.0000,0.0000,2168.0000,0.0000,0.0000,0.0000,0.0000,1,0,0,0,0,4,0,0,0,0
zc,WT209,2012-06-11 13:40:57.633,2165.0000,3974,0,0.0000,0.0000,0,0,空换,S,2164.0000,0.0000,0.0000,0.0000,0.0000,2168.0000,0.0000,0.0000,0.0000,0.0000,1,0,0,0,0,5,0,0,0,0
zc,WT209,2012-06-11 13:41:01.367,2165.0000,3974,0,0.0000,0.0000,0,0,空换,S,2164.0000,0.0000,0.0000,0.0000,0.0000,2167.0000,0.0000,0.0000,0.0000,0.0000,1,0,0,0,0,2,0,0,0,0
zc,WT209,2012-06-11 13:41:03.367,2164.0000,3974,0,0.0000,2.0000,1,1,空换,S,2163.0000,0.0000,0.0000,0.0000,0.0000,2167.0000,0.0000,0.0000,0.0000,0.0000,4,0,0,0,0,2,0,0,0,0
zc,WT209,2012-06-11 13:41:03.647,2164.0000,3974,0,0.0000,0.0000,0,0,空换,S,2165.0000,0.0000,0.0000,0.0000,0.0000,2167.0000,0.0000,0.0000,0.0000,0.0000,5,0,0,0,0,2,0,0,0,0
zc,WT209,2012-06-11 13:41:20.087,2164.0000,3974,0,0.0000,0.0000,0,0,空换,S,2165.0000,0.0000,0.0000,0.0000,0.0000,2167.0000,0.0000,0.0000,0.0000,0.0000,5,0,0,0,0,3,0,0,0,0
zc,WT209,2012-06-11 13:41:27.070,2164.0000,3974,0,0.0000,0.0000,0,0,空换,S,2166.0000,0.0000,0.0000,0.0000,0.0000,2167.0000,0.0000,0.0000,0.0000,0.0000,2,0,0,0,0,3,0,0,0,0
zc,WT209,2012-06-11 13:41:59.600,2164.0000,3974,0,0.0000,0.0000,0,0,空换,S,2165.0000,0.0000,0.0000,0.0000,0.0000,2167.0000,0.0000,0.0000,0.0000,0.0000,5,0,0,0,0,3,0,0,0,0
zc,WT209,2012-06-11 13:44:08.617,2167.0000,3974,0,0.0000,2.0000,1,1,多换,B,2165.0000,0.0000,0.0000,0.0000,0.0000,2167.0000,0.0000,0.0000,0.0000,0.0000,5,0,0,0,0,2,0,0,0,0
zc,WT209,2012-06-11 13:44:30.837,2167.0000,3974,0,0.0000,2.0000,1,1,多换,B,2165.0000,0.0000,0.0000,0.0000,0.0000,2167.0000,0.0000,0.0000,0.0000,0.0000,5,0,0,0,0,1,0,0,0,0
zc,WT209,2012-06-11 13:45:02.070,2167.0000,3974,0,0.0000,0.0000,0,0,多换,B,2165.0000,0.0000,0.0000,0.0000,0.0000,2167.0000,0.0000,0.0000,0.0000,0.0000,5,0,0,0,0,1,0,0,0,0
zc,WT209,2012-06-11 13:45:13.820,2167.0000,3976,2,0.0000,2.0000,2,0,双开,B,2165.0000,0.0000,0.0000,0.0000,0.0000,2168.0000,0.0000,0.0000,0.0000,0.0000,5,0,0,0,0,6,0,0,0,0
zc,WT209,2012-06-11 13:45:28.837,2167.0000,3976,0,0.0000,0.0000,0,0,多换,B,2165.0000,0.0000,0.0000,0.0000,0.0000,2167.0000,0.0000,0.0000,0.0000,0.0000,5,0,0,0,0,1,0,0,0,0
zc,WT209,2012-06-11 13:45:33.867,2167.0000,3976,0,0.0000,0.0000,0,0,多换,B,2165.0000,0.0000,0.0000,0.0000,0.0000,2167.0000,0.0000,0.0000,0.0000,0.0000,10,0,0,0,0,1,0,0,0,0
zc,WT209,2012-06-11 13:45:52.850,2167.0000,3976,0,0.0000,0.0000,0,0,多换,B,2166.0000,0.0000,0.0000,0.0000,0.0000,2167.0000,0.0000,0.0000,0.0000,0.0000,10,0,0,0,0,1,0,0,0,0
zc,WT209,2012-06-11 13:46:10.337,2167.0000,3976,0,0.0000,0.0000,0,0,多换,B,2166.0000,0.0000,0.0000,0.0000,0.0000,2168.0000,0.0000,0.0000,0.0000,0.0000,10,0,0,0,0,6,0,0,0,0
zc,WT209,2012-06-11 13:46:42.350,2167.0000,3976,0,0.0000,0.0000,0,0,多换,B,2166.0000,0.0000,0.0000,0.0000,0.0000,2168.0000,0.0000,0.0000,0.0000,0.0000,14,0,0,0,0,6,0,0,0,0
zc,WT209,2012-06-11 13:47:20.320,2167.0000,3976,0,0.0000,0.0000,0,0,多换,B,2166.0000,0.0000,0.0000,0.0000,0.0000,2168.0000,0.0000,0.0000,0.0000,0.0000,14,0,0,0,0,7,0,0,0,0
zc,WT209,2012-06-11 13:47:52.070,2167.0000,3976,0,0.0000,0.0000,0,0,多换,B,2166.0000,0.0000,0.0000,0.0000,0.0000,2167.0000,0.0000,0.0000,0.0000,0.0000,14,0,0,0,0,1,0,0,0,0
zc,WT209,2012-06-11 13:48:28.600,2167.0000,3976,0,0.0000,2.0000,1,1,多换,B,2167.0000,0.0000,0.0000,0.0000,0.0000,2168.0000,0.0000,0.0000,0.0000,0.0000,3,0,0,0,0,6,0,0,0,0
zc,WT209,2012-06-11 13:48:56.147,2168.0000,3972,-4,0.0000,10.0000,3,7,空平,B,2167.0000,0.0000,0.0000,0.0000,0.0000,2168.0000,0.0000,0.0000,0.0000,0.0000,3,0,0,0,0,1,0,0,0,0
zc,WT209,2012-06-11 13:49:02.053,2168.0000,3972,0,0.0000,0.0000,0,0,多换,B,2167.0000,0.0000,0.0000,0.0000,0.0000,2168.0000,0.0000,0.0000,0.0000,0.0000,3,0,0,0,0,1,0,0,0,0
zc,WT209,2012-06-11 13:49:22.100,2168.0000,3972,0,0.0000,2.0000,1,1,多换,B,2168.0000,0.0000,0.0000,0.0000,0.0000,2170.0000,0.0000,0.0000,0.0000,0.0000,4,0,0,0,0,15,0,0,0,0
zc,WT209,2012-06-11 13:49:30.087,2168.0000,3972,0,0.0000,0.0000,0,0,多换,B,2168.0000,0.0000,0.0000,0.0000,0.0000,2170.0000,0.0000,0.0000,0.0000,0.0000,4,0,0,0,0,16,0,0,0,0
zc,WT209,2012-06-11 13:50:21.587,2168.0000,3972,0,0.0000,0.0000,0,0,多换,B,2168.0000,0.0000,0.0000,0.0000,0.0000,2169.0000,0.0000,0.0000,0.0000,0.0000,4,0,0,0,0,1,0,0,0,0
zc,WT209,2012-06-11 13:50:29.820,2168.0000,3972,0,0.0000,0.0000,0,0,多换,B,2168.0000,0.0000,0.0000,0.0000,0.0000,2169.0000,0.0000,0.0000,0.0000,0.0000,4,0,0,0,0,2,0,0,0,0
zc,WT209,2012-06-11 13:50:33.337,2169.0000,3974,2,0.0000,2.0000,2,0,双开,B,2168.0000,0.0000,0.0000,0.0000,0.0000,2169.0000,0.0000,0.0000,0.0000,0.0000,4,0,0,0,0,1,0,0,0,0
zc,WT209,2012-06-11 13:50:39.350,2169.0000,3976,2,0.0000,2.0000,2,0,双开,B,2168.0000,0.0000,0.0000,0.0000,0.0000,2170.0000,0.0000,0.0000,0.0000,0.0000,4,0,0,0,0,15,0,0,0,0
zc,WT209,2012-06-11 13:51:05.570,2168.0000,3974,-2,0.0000,2.0000,0,2,双平,S,2168.0000,0.0000,0.0000,0.0000,0.0000,2170.0000,0.0000,0.0000,0.0000,0.0000,3,0,0,0,0,15,0,0,0,0
zc,WT209,2012-06-11 13:51:19.803,2168.0000,3974,0,0.0000,0.0000,0,0,空换,S,2169.0000,0.0000,0.0000,0.0000,0.0000,2170.0000,0.0000,0.0000,0.0000,0.0000,1,0,0,0,0,15,0,0,0,0
zc,WT209,2012-06-11 13:51:21.633,2169.0000,3976,2,0.0000,2.0000,2,0,双开,B,2168.0000,0.0000,0.0000,0.0000,0.0000,2170.0000,0.0000,0.0000,0.0000,0.0000,3,0,0,0,0,15,0,0,0,0
zc,WT209,2012-06-11 13:51:32.320,2169.0000,3976,0,0.0000,0.0000,0,0,多换,B,2169.0000,0.0000,0.0000,0.0000,0.0000,2170.0000,0.0000,0.0000,0.0000,0.0000,1,0,0,0,0,15,0,0,0,0
zc,WT209,2012-06-11 13:51:36.100,2170.0000,3946,-30,0.0000,30.0000,0,30,双平,B,2169.0000,0.0000,0.0000,0.0000,0.0000,2171.0000,0.0000,0.0000,0.0000,0.0000,1,0,0,0,0,5,0,0,0,0
zc,WT209,2012-06-11 13:51:46.600,2170.0000,3946,0,0.0000,0.0000,0,0,多换,B,2169.0000,0.0000,0.0000,0.0000,0.0000,2170.0000,0.0000,0.0000,0.0000,0.0000,1,0,0,0,0,1,0,0,0,0
zc,WT209,2012-06-11 13:51:55.070,2170.0000,3946,0,0.0000,0.0000,0,0,多换,B,2168.0000,0.0000,0.0000,0.0000,0.0000,2170.0000,0.0000,0.0000,0.0000,0.0000,4,0,0,0,0,1,0,0,0,0
zc,WT209,2012-06-11 13:51:58.587,2170.0000,3946,0,0.0000,0.0000,0,0,多换,B,2168.0000,0.0000,0.0000,0.0000,0.0000,2170.0000,0.0000,0.0000,0.0000,0.0000,1,0,0,0,0,1,0,0,0,0
zc,WT209,2012-06-11 13:52:13.053,2170.0000,3946,0,0.0000,2.0000,1,1,多换,B,2168.0000,0.0000,0.0000,0.0000,0.0000,2171.0000,0.0000,0.0000,0.0000,0.0000,4,0,0,0,0,5,0,0,0,0
zc,WT209,2012-06-11 13:52:15.320,2170.0000,3946,0,0.0000,0.0000,0,0,多换,B,2170.0000,0.0000,0.0000,0.0000,0.0000,2171.0000,0.0000,0.0000,0.0000,0.0000,3,0,0,0,0,5,0,0,0,0
zc,WT209,2012-06-11 13:52:18.837,2170.0000,3942,-4,0.0000,4.0000,0,4,双平,B,2170.0000,0.0000,0.0000,0.0000,0.0000,2171.0000,0.0000,0.0000,0.0000,0.0000,1,0,0,0,0,5,0,0,0,0
zc,WT209,2012-06-11 13:52:27.617,2170.0000,3940,-2,0.0000,2.0000,0,2,双平,B,2168.0000,0.0000,0.0000,0.0000,0.0000,2171.0000,0.0000,0.0000,0.0000,0.0000,9,0,0,0,0,5,0,0,0,0
zc,WT209,2012-06-11 13:52:29.837,2170.0000,3940,0,0.0000,0.0000,0,0,多换,B,2168.0000,0.0000,0.0000,0.0000,0.0000,2170.0000,0.0000,0.0000,0.0000,0.0000,9,0,0,0,0,5,0,0,0,0
zc,WT209,2012-06-11 13:55:25.587,2170.0000,3936,-4,0.0000,4.0000,0,4,双平,B,2168.0000,0.0000,0.0000,0.0000,0.0000,2170.0000,0.0000,0.0000,0.0000,0.0000,9,0,0,0,0,3,0,0,0,0
zc,WT209,2012-06-11 13:55:48.617,2170.0000,3930,-6,0.0000,6.0000,0,6,双平,B,2170.0000,0.0000,0.0000,0.0000,0.0000,2171.0000,0.0000,0.0000,0.0000,0.0000,2,0,0,0,0,6,0,0,0,0
zc,WT209,2012-06-11 13:57:01.397,2170.0000,3928,-2,0.0000,2.0000,0,2,双平,B,2170.0000,0.0000,0.0000,0.0000,0.0000,2171.0000,0.0000,0.0000,0.0000,0.0000,1,0,0,0,0,6,0,0,0,0
zc,WT209,2012-06-11 13:57:45.133,2170.0000,3926,-2,0.0000,2.0000,0,2,双平,B,2169.0000,0.0000,0.0000,0.0000,0.0000,2171.0000,0.0000,0.0000,0.0000,0.0000,3,0,0,0,0,6,0,0,0,0
zc,WT209,2012-06-11 13:58:02.070,2170.0000,3926,0,0.0000,0.0000,0,0,多换,B,2169.0000,0.0000,0.0000,0.0000,0.0000,2171.0000,0.0000,0.0000,0.0000,0.0000,3,0,0,0,0,6,0,0,0,0
zc,WT209,2012-06-11 13:58:12.587,2170.0000,3926,0,0.0000,0.0000,0,0,多换,B,2169.0000,0.0000,0.0000,0.0000,0.0000,2170.0000,0.0000,0.0000,0.0000,0.0000,3,0,0,0,0,1,0,0,0,0
zc,WT209,2012-06-11 13:58:30.837,2170.0000,3926,0,0.0000,0.0000,0,0,多换,B,2168.0000,0.0000,0.0000,0.0000,0.0000,2170.0000,0.0000,0.0000,0.0000,0.0000,6,0,0,0,0,1,0,0,0,0
zc,WT209,2012-06-11 13:58:31.320,2170.0000,3926,0,0.0000,2.0000,1,1,多换,B,2170.0000,0.0000,0.0000,0.0000,0.0000,2171.0000,0.0000,0.0000,0.0000,0.0000,2,0,0,0,0,6,0,0,0,0
zc,WT209,2012-06-11 13:58:39.303,2171.0000,3924,-2,0.0000,2.0000,0,2,双平,B,2170.0000,0.0000,0.0000,0.0000,0.0000,2171.0000,0.0000,0.0000,0.0000,0.0000,2,0,0,0,0,5,0,0,0,0
zc,WT209,2012-06-11 13:59:00.553,2170.0000,3924,0,0.0000,2.0000,1,1,空换,S,2170.0000,0.0000,0.0000,0.0000,0.0000,2171.0000,0.0000,0.0000,0.0000,0.0000,1,0,0,0,0,5,0,0,0,0
zc,WT209,2012-06-11 13:59:02.053,2170.0000,3924,0,0.0000,0.0000,0,0,空换,S,2170.0000,0.0000,0.0000,0.0000,0.0000,2171.0000,0.0000,0.0000,0.0000,0.0000,1,0,0,0,0,5,0,0,0,0
zc,WT209,2012-06-11 13:59:21.837,2170.0000,3926,2,0.0000,2.0000,2,0,双开,S,2168.0000,0.0000,0.0000,0.0000,0.0000,2170.0000,0.0000,0.0000,0.0000,0.0000,6,0,0,0,0,1,0,0,0,0
zc,WT209,2012-06-11 13:59:26.303,2170.0000,3926,0,0.0000,0.0000,0,0,空换,S,2168.0000,0.0000,0.0000,0.0000,0.0000,2171.0000,0.0000,0.0000,0.0000,0.0000,6,0,0,0,0,5,0,0,0,0
zc,WT209,2012-06-11 14:00:05.837,2170.0000,3926,0,0.0000,0.0000,0,0,空换,S,2168.0000,0.0000,0.0000,0.0000,0.0000,2171.0000,0.0000,0.0000,0.0000,0.0000,8,0,0,0,0,5,0,0,0,0
zc,WT209,2012-06-11 14:00:52.570,2168.0000,3924,-2,0.0000,2.0000,0,2,双平,S,2168.0000,0.0000,0.0000,0.0000,0.0000,2171.0000,0.0000,0.0000,0.0000,0.0000,7,0,0,0,0,5,0,0,0,0
zc,WT209,2012-06-11 14:01:05.337,2168.0000,3924,0,0.0000,0.0000,0,0,空换,S,2168.0000,0.0000,0.0000,0.0000,0.0000,2170.0000,0.0000,0.0000,0.0000,0.0000,7,0,0,0,0,1,0,0,0,0
zc,WT209,2012-06-11 14:01:42.587,2168.0000,3924,0,0.0000,0.0000,0,0,空换,S,2169.0000,0.0000,0.0000,0.0000,0.0000,2170.0000,0.0000,0.0000,0.0000,0.0000,1,0,0,0,0,1,0,0,0,0
zc,WT209,2012-06-11 14:02:08.287,2170.0000,3924,0,0.0000,2.0000,1,1,多换,B,2169.0000,0.0000,0.0000,0.0000,0.0000,2171.0000,0.0000,0.0000,0.0000,0.0000,1,0,0,0,0,5,0,0,0,0
zc,WT209,2012-06-11 14:02:20.587,2170.0000,3924,0,0.0000,0.0000,0,0,多换,B,2169.0000,0.0000,0.0000,0.0000,0.0000,2171.0000,0.0000,0.0000,0.0000,0.0000,2,0,0,0,0,5,0,0,0,0
zc,WT209,2012-06-11 14:02:32.117,2170.0000,3924,0,0.0000,0.0000,0,0,多换,B,2170.0000,0.0000,0.0000,0.0000,0.0000,2171.0000,0.0000,0.0000,0.0000,0.0000,2,0,0,0,0,5,0,0,0,0
zc,WT209,2012-06-11 14:02:39.600,2170.0000,3922,-2,0.0000,2.0000,0,2,双平,B,2170.0000,0.0000,0.0000,0.0000,0.0000,2171.0000,0.0000,0.0000,0.0000,0.0000,1,0,0,0,0,5,0,0,0,0
zc,WT209,2012-06-11 14:02:48.147,2170.0000,3922,0,0.0000,0.0000,0,0,多换,B,2170.0000,0.0000,0.0000,0.0000,0.0000,2171.0000,0.0000,0.0000,0.0000,0.0000,4,0,0,0,0,5,0,0,0,0
zc,WT209,2012-06-11 14:03:08.587,2170.0000,3922,0,0.0000,0.0000,0,0,多换,B,2170.0000,0.0000,0.0000,0.0000,0.0000,2171.0000,0.0000,0.0000,0.0000,0.0000,1,0,0,0,0,5,0,0,0,0
zc,WT209,2012-06-11 14:03:17.070,2170.0000,3922,0,0.0000,2.0000,1,1,多换,B,2169.0000,0.0000,0.0000,0.0000,0.0000,2171.0000,0.0000,0.0000,0.0000,0.0000,2,0,0,0,0,5,0,0,0,0
zc,WT209,2012-06-11 14:03:17.897,2170.0000,3922,0,0.0000,0.0000,0,0,多换,B,2169.0000,0.0000,0.0000,0.0000,0.0000,2171.0000,0.0000,0.0000,0.0000,0.0000,3,0,0,0,0,5,0,0,0,0
zc,WT209,2012-06-11 14:03:51.087,2170.0000,3922,0,0.0000,0.0000,0,0,多换,B,2169.0000,0.0000,0.0000,0.0000,0.0000,2171.0000,0.0000,0.0000,0.0000,0.0000,2,0,0,0,0,5,0,0,0,0
zc,WT209,2012-06-11 14:03:55.053,2170.0000,3922,0,0.0000,0.0000,0,0,多换,B,2170.0000,0.0000,0.0000,0.0000,0.0000,2171.0000,0.0000,0.0000,0.0000,0.0000,1,0,0,0,0,5,0,0,0,0
zc,WT209,2012-06-11 14:04:02.053,2170.0000,3922,0,0.0000,0.0000,0,0,多换,B,2170.0000,0.0000,0.0000,0.0000,0.0000,2171.0000,0.0000,0.0000,0.0000,0.0000,1,0,0,0,0,5,0,0,0,0
zc,WT209,2012-06-11 14:04:17.867,2170.0000,3922,0,0.0000,0.0000,0,0,多换,B,2170.0000,0.0000,0.0000,0.0000,0.0000,2171.0000,0.0000,0.0000,0.0000,0.0000,3,0,0,0,0,5,0,0,0,0
zc,WT209,2012-06-11 14:04:28.570,2170.0000,3922,0,0.0000,0.0000,0,0,多换,B,2170.0000,0.0000,0.0000,0.0000,0.0000,2171.0000,0.0000,0.0000,0.0000,0.0000,1,0,0,0,0,5,0,0,0,0
zc,WT209,2012-06-11 14:05:29.553,2170.0000,3922,0,0.0000,0.0000,0,0,多换,B,2169.0000,0.0000,0.0000,0.0000,0.0000,2171.0000,0.0000,0.0000,0.0000,0.0000,2,0,0,0,0,5,0,0,0,0
zc,WT209,2012-06-11 14:05:30.070,2171.0000,3920,-2,0.0000,2.0000,0,2,双平,B,2169.0000,0.0000,0.0000,0.0000,0.0000,2171.0000,0.0000,0.0000,0.0000,0.0000,2,0,0,0,0,4,0,0,0,0
zc,WT209,2012-06-11 14:05:37.303,2171.0000,3920,0,0.0000,0.0000,0,0,多换,B,2170.0000,0.0000,0.0000,0.0000,0.0000,2171.0000,0.0000,0.0000,0.0000,0.0000,1,0,0,0,0,4,0,0,0,0
zc,WT209,2012-06-11 14:06:00.320,2171.0000,3920,0,0.0000,0.0000,0,0,多换,B,2169.0000,0.0000,0.0000,0.0000,0.0000,2171.0000,0.0000,0.0000,0.0000,0.0000,2,0,0,0,0,4,0,0,0,0
zc,WT209,2012-06-11 14:06:27.600,2171.0000,3920,0,0.0000,0.0000,0,0,多换,B,2170.0000,0.0000,0.0000,0.0000,0.0000,2171.0000,0.0000,0.0000,0.0000,0.0000,3,0,0,0,0,4,0,0,0,0
zc,WT209,2012-06-11 14:06:31.570,2171.0000,3920,0,0.0000,2.0000,1,1,多换,B,2170.0000,0.0000,0.0000,0.0000,0.0000,2171.0000,0.0000,0.0000,0.0000,0.0000,3,0,0,0,0,3,0,0,0,0
zc,WT209,2012-06-11 14:06:42.350,2171.0000,3916,-4,0.0000,6.0000,1,5,空平,B,2171.0000,0.0000,0.0000,0.0000,0.0000,2172.0000,0.0000,0.0000,0.0000,0.0000,2,0,0,0,0,10,0,0,0,0
zc,WT209,2012-06-11 14:06:59.337,2171.0000,3916,0,0.0000,0.0000,0,0,多换,B,2171.0000,0.0000,0.0000,0.0000,0.0000,2172.0000,0.0000,0.0000,0.0000,0.0000,3,0,0,0,0,10,0,0,0,0
zc,WT209,2012-06-11 14:07:08.803,2172.0000,3906,-10,0.0000,10.0000,0,10,双平,B,2171.0000,0.0000,0.0000,0.0000,0.0000,2172.0000,0.0000,0.0000,0.0000,0.0000,3,0,0,0,0,5,0,0,0,0
zc,WT209,2012-06-11 14:07:26.117,2171.0000,3906,0,0.0000,2.0000,1,1,空换,S,2171.0000,0.0000,0.0000,0.0000,0.0000,2172.0000,0.0000,0.0000,0.0000,0.0000,2,0,0,0,0,5,0,0,0,0
zc,WT209,2012-06-11 14:07:42.553,2171.0000,3906,0,0.0000,2.0000,1,1,空换,S,2171.0000,0.0000,0.0000,0.0000,0.0000,2172.0000,0.0000,0.0000,0.0000,0.0000,1,0,0,0,0,5,0,0,0,0
zc,WT209,2012-06-11 14:08:02.397,2171.0000,3906,0,0.0000,2.0000,1,1,空换,S,2170.0000,0.0000,0.0000,0.0000,0.0000,2171.0000,0.0000,0.0000,0.0000,0.0000,3,0,0,0,0,4,0,0,0,0
zc,WT209,2012-06-11 14:08:04.820,2170.0000,3900,-6,0.0000,6.0000,0,6,双平,S,2169.0000,0.0000,0.0000,0.0000,0.0000,2170.0000,0.0000,0.0000,0.0000,0.0000,2,0,0,0,0,2,0,0,0,0
zc,WT209,2012-06-11 14:08:14.337,2171.0000,3892,-8,0.0000,8.0000,0,8,双平,B,2169.0000,0.0000,0.0000,0.0000,0.0000,2171.0000,0.0000,0.0000,0.0000,0.0000,2,0,0,0,0,2,0,0,0,0
zc,WT209,2012-06-11 14:08:14.837,2171.0000,3892,0,0.0000,0.0000,0,0,多换,B,2169.0000,0.0000,0.0000,0.0000,0.0000,2171.0000,0.0000,0.0000,0.0000,0.0000,3,0,0,0,0,2,0,0,0,0
zc,WT209,2012-06-11 14:08:35.837,2171.0000,3892,0,0.0000,0.0000,0,0,多换,B,2169.0000,0.0000,0.0000,0.0000,0.0000,2171.0000,0.0000,0.0000,0.0000,0.0000,3,0,0,0,0,3,0,0,0,0
zc,WT209,2012-06-11 14:08:38.600,2169.0000,3890,-2,0.0000,2.0000,0,2,双平,S,2169.0000,0.0000,0.0000,0.0000,0.0000,2171.0000,0.0000,0.0000,0.0000,0.0000,2,0,0,0,0,3,0,0,0,0
zc,WT209,2012-06-11 14:08:48.100,2169.0000,3890,0,0.0000,0.0000,0,0,空换,S,2169.0000,0.0000,0.0000,0.0000,0.0000,2171.0000,0.0000,0.0000,0.0000,0.0000,2,0,0,0,0,4,0,0,0,0
zc,WT209,2012-06-11 14:10:12.600,2169.0000,3890,0,0.0000,0.0000,0,0,空换,S,2169.0000,0.0000,0.0000,0.0000,0.0000,2171.0000,0.0000,0.0000,0.0000,0.0000,2,0,0,0,0,3,0,0,0,0
zc,WT209,2012-06-11 14:10:21.837,2169.0000,3890,0,0.0000,0.0000,0,0,空换,S,2169.0000,0.0000,0.0000,0.0000,0.0000,2170.0000,0.0000,0.0000,0.0000,0.0000,2,0,0,0,0,1,0,0,0,0
zc,WT209,2012-06-11 14:13:15.350,2170.0000,3888,-2,0.0000,2.0000,0,2,双平,B,2169.0000,0.0000,0.0000,0.0000,0.0000,2171.0000,0.0000,0.0000,0.0000,0.0000,2,0,0,0,0,3,0,0,0,0
zc,WT209,2012-06-11 14:13:51.023,2171.0000,3884,-4,0.0000,6.0000,1,5,空平,B,2169.0000,0.0000,0.0000,0.0000,0.0000,2172.0000,0.0000,0.0000,0.0000,0.0000,2,0,0,0,0,5,0,0,0,0
zc,WT209,2012-06-11 14:14:14.303,2171.0000,3884,0,0.0000,0.0000,0,0,多换,B,2169.0000,0.0000,0.0000,0.0000,0.0000,2172.0000,0.0000,0.0000,0.0000,0.0000,3,0,0,0,0,5,0,0,0,0
zc,WT209,2012-06-11 14:14:49.803,2171.0000,3884,0,0.0000,0.0000,0,0,多换,B,2169.0000,0.0000,0.0000,0.0000,0.0000,2172.0000,0.0000,0.0000,0.0000,0.0000,3,0,0,0,0,6,0,0,0,0
zc,WT209,2012-06-11 14:15:25.320,2171.0000,3884,0,0.0000,0.0000,0,0,多换,B,2169.0000,0.0000,0.0000,0.0000,0.0000,2171.0000,0.0000,0.0000,0.0000,0.0000,3,0,0,0,0,1,0,0,0,0
zc,WT209,2012-06-11 14:15:40.053,2171.0000,3884,0,0.0000,0.0000,0,0,多换,B,2170.0000,0.0000,0.0000,0.0000,0.0000,2171.0000,0.0000,0.0000,0.0000,0.0000,1,0,0,0,0,1,0,0,0,0
zc,WT209,2012-06-11 14:15:50.803,2171.0000,3884,0,0.0000,2.0000,1,1,多换,B,2170.0000,0.0000,0.0000,0.0000,0.0000,2172.0000,0.0000,0.0000,0.0000,0.0000,1,0,0,0,0,6,0,0,0,0
zc,WT209,2012-06-11 14:15:57.553,2171.0000,3884,0,0.0000,0.0000,0,0,多换,B,2170.0000,0.0000,0.0000,0.0000,0.0000,2171.0000,0.0000,0.0000,0.0000,0.0000,1,0,0,0,0,1,0,0,0,0
zc,WT209,2012-06-11 14:16:09.617,2170.0000,3882,-2,0.0000,2.0000,0,2,双平,S,2169.0000,0.0000,0.0000,0.0000,0.0000,2170.0000,0.0000,0.0000,0.0000,0.0000,3,0,0,0,0,4,0,0,0,0
zc,WT209,2012-06-11 14:16:14.053,2170.0000,3882,0,0.0000,0.0000,0,0,空换,S,2169.0000,0.0000,0.0000,0.0000,0.0000,2170.0000,0.0000,0.0000,0.0000,0.0000,2,0,0,0,0,4,0,0,0,0
zc,WT209,2012-06-11 14:16:18.053,2169.0000,3882,0,0.0000,2.0000,1,1,空换,S,2169.0000,0.0000,0.0000,0.0000,0.0000,2170.0000,0.0000,0.0000,0.0000,0.0000,1,0,0,0,0,5,0,0,0,0
zc,WT209,2012-06-11 14:16:28.587,2169.0000,3880,-2,0.0000,2.0000,0,2,双平,S,2168.0000,0.0000,0.0000,0.0000,0.0000,2170.0000,0.0000,0.0000,0.0000,0.0000,8,0,0,0,0,5,0,0,0,0
zc,WT209,2012-06-11 14:16:38.287,2170.0000,3872,-8,0.0000,10.0000,1,9,空平,B,2168.0000,0.0000,0.0000,0.0000,0.0000,2171.0000,0.0000,0.0000,0.0000,0.0000,8,0,0,0,0,4,0,0,0,0
zc,WT209,2012-06-11 14:16:42.273,2170.0000,3872,0,0.0000,0.0000,0,0,多换,B,2169.0000,0.0000,0.0000,0.0000,0.0000,2171.0000,0.0000,0.0000,0.0000,0.0000,1,0,0,0,0,4,0,0,0,0
zc,WT209,2012-06-11 14:16:44.570,2170.0000,3872,0,0.0000,0.0000,0,0,多换,B,2169.0000,0.0000,0.0000,0.0000,0.0000,2171.0000,0.0000,0.0000,0.0000,0.0000,2,0,0,0,0,4,0,0,0,0
zc,WT209,2012-06-11 14:16:53.087,2170.0000,3872,0,0.0000,0.0000,0,0,多换,B,2169.0000,0.0000,0.0000,0.0000,0.0000,2171.0000,0.0000,0.0000,0.0000,0.0000,3,0,0,0,0,4,0,0,0,0
zc,WT209,2012-06-11 14:17:02.037,2170.0000,3872,0,0.0000,0.0000,0,0,多换,B,2169.0000,0.0000,0.0000,0.0000,0.0000,2171.0000,0.0000,0.0000,0.0000,0.0000,3,0,0,0,0,4,0,0,0,0
zc,WT209,2012-06-11 14:17:05.350,2170.0000,3872,0,0.0000,0.0000,0,0,多换,B,2169.0000,0.0000,0.0000,0.0000,0.0000,2171.0000,0.0000,0.0000,0.0000,0.0000,4,0,0,0,0,4,0,0,0,0
zc,WT209,2012-06-11 14:17:20.587,2170.0000,3872,0,0.0000,0.0000,0,0,多换,B,2169.0000,0.0000,0.0000,0.0000,0.0000,2171.0000,0.0000,0.0000,0.0000,0.0000,4,0,0,0,0,9,0,0,0,0
zc,WT209,2012-06-11 14:17:31.320,2169.0000,3866,-6,0.0000,8.0000,1,7,多平,S,2168.0000,0.0000,0.0000,0.0000,0.0000,2169.0000,0.0000,0.0000,0.0000,0.0000,8,0,0,0,0,1,0,0,0,0
zc,WT209,2012-06-11 14:17:49.553,2168.0000,3856,-10,0.0000,10.0000,0,10,双平,S,2168.0000,0.0000,0.0000,0.0000,0.0000,2169.0000,0.0000,0.0000,0.0000,0.0000,3,0,0,0,0,1,0,0,0,0
zc,WT209,2012-06-11 14:17:50.037,2168.0000,3850,-6,0.0000,6.0000,0,6,双平,S,2167.0000,0.0000,0.0000,0.0000,0.0000,2168.0000,0.0000,0.0000,0.0000,0.0000,3,0,0,0,0,2,0,0,0,0
zc,WT209,2012-06-11 14:18:02.070,2168.0000,3850,0,0.0000,0.0000,0,0,空换,S,2167.0000,0.0000,0.0000,0.0000,0.0000,2168.0000,0.0000,0.0000,0.0000,0.0000,3,0,0,0,0,2,0,0,0,0
zc,WT209,2012-06-11 14:18:06.303,2168.0000,3850,0,0.0000,0.0000,0,0,空换,S,2167.0000,0.0000,0.0000,0.0000,0.0000,2168.0000,0.0000,0.0000,0.0000,0.0000,5,0,0,0,0,2,0,0,0,0
zc,WT209,2012-06-11 14:18:23.070,2168.0000,3848,-2,0.0000,2.0000,0,2,双平,S,2167.0000,0.0000,0.0000,0.0000,0.0000,2168.0000,0.0000,0.0000,0.0000,0.0000,5,0,0,0,0,1,0,0,0,0
zc,WT209,2012-06-11 14:18:27.820,2168.0000,3848,0,0.0000,2.0000,1,1,空换,S,2168.0000,0.0000,0.0000,0.0000,0.0000,2169.0000,0.0000,0.0000,0.0000,0.0000,1,0,0,0,0,1,0,0,0,0
zc,WT209,2012-06-11 14:18:43.787,2168.0000,3848,0,0.0000,0.0000,0,0,空换,S,2168.0000,0.0000,0.0000,0.0000,0.0000,2169.0000,0.0000,0.0000,0.0000,0.0000,6,0,0,0,0,1,0,0,0,0
zc,WT209,2012-06-11 14:19:38.787,2168.0000,3848,0,0.0000,10.0000,5,5,空换,S,2168.0000,0.0000,0.0000,0.0000,0.0000,2169.0000,0.0000,0.0000,0.0000,0.0000,1,0,0,0,0,1,0,0,0,0
zc,WT209,2012-06-11 14:20:06.053,2168.0000,3848,0,0.0000,0.0000,0,0,空换,S,2166.0000,0.0000,0.0000,0.0000,0.0000,2169.0000,0.0000,0.0000,0.0000,0.0000,1,0,0,0,0,1,0,0,0,0
zc,WT209,2012-06-11 14:20:06.570,2169.0000,3848,0,0.0000,2.0000,1,1,多换,B,2166.0000,0.0000,0.0000,0.0000,0.0000,2170.0000,0.0000,0.0000,0.0000,0.0000,1,0,0,0,0,3,0,0,0,0
zc,WT209,2012-06-11 14:20:07.773,2169.0000,3848,0,0.0000,0.0000,0,0,多换,B,2166.0000,0.0000,0.0000,0.0000,0.0000,2169.0000,0.0000,0.0000,0.0000,0.0000,1,0,0,0,0,2,0,0,0,0
zc,WT209,2012-06-11 14:20:19.287,2169.0000,3848,0,0.0000,0.0000,0,0,多换,B,2167.0000,0.0000,0.0000,0.0000,0.0000,2169.0000,0.0000,0.0000,0.0000,0.0000,1,0,0,0,0,2,0,0,0,0
zc,WT209,2012-06-11 14:20:50.787,2169.0000,3848,0,0.0000,0.0000,0,0,多换,B,2167.0000,0.0000,0.0000,0.0000,0.0000,2170.0000,0.0000,0.0000,0.0000,0.0000,1,0,0,0,0,3,0,0,0,0
zc,WT209,2012-06-11 14:21:00.820,2169.0000,3848,0,0.0000,0.0000,0,0,多换,B,2167.0000,0.0000,0.0000,0.0000,0.0000,2169.0000,0.0000,0.0000,0.0000,0.0000,1,0,0,0,0,2,0,0,0,0
zc,WT209,2012-06-11 14:21:06.523,2170.0000,3854,6,0.0000,10.0000,8,2,多开,B,2167.0000,0.0000,0.0000,0.0000,0.0000,2171.0000,0.0000,0.0000,0.0000,0.0000,1,0,0,0,0,10,0,0,0,0
zc,WT209,2012-06-11 14:21:12.287,2170.0000,3854,0,0.0000,0.0000,0,0,多换,B,2167.0000,0.0000,0.0000,0.0000,0.0000,2171.0000,0.0000,0.0000,0.0000,0.0000,2,0,0,0,0,10,0,0,0,0
zc,WT209,2012-06-11 14:21:15.037,2170.0000,3854,0,0.0000,0.0000,0,0,多换,B,2167.0000,0.0000,0.0000,0.0000,0.0000,2170.0000,0.0000,0.0000,0.0000,0.0000,2,0,0,0,0,1,0,0,0,0
zc,WT209,2012-06-11 14:21:25.587,2170.0000,3854,0,0.0000,0.0000,0,0,多换,B,2168.0000,0.0000,0.0000,0.0000,0.0000,2170.0000,0.0000,0.0000,0.0000,0.0000,1,0,0,0,0,1,0,0,0,0
zc,WT209,2012-06-11 14:21:32.320,2171.0000,3856,2,0.0000,10.0000,6,4,多开,B,2168.0000,0.0000,0.0000,0.0000,0.0000,2171.0000,0.0000,0.0000,0.0000,0.0000,1,0,0,0,0,6,0,0,0,0
zc,WT209,2012-06-11 14:21:39.820,2171.0000,3856,0,0.0000,10.0000,5,5,多换,B,2168.0000,0.0000,0.0000,0.0000,0.0000,2171.0000,0.0000,0.0000,0.0000,0.0000,1,0,0,0,0,1,0,0,0,0
zc,WT209,2012-06-11 14:21:40.553,2171.0000,3856,0,0.0000,0.0000,0,0,多换,B,2168.0000,0.0000,0.0000,0.0000,0.0000,2171.0000,0.0000,0.0000,0.0000,0.0000,2,0,0,0,0,1,0,0,0,0
zc,WT209,2012-06-11 14:21:40.773,2171.0000,3856,0,0.0000,0.0000,0,0,多换,B,2168.0000,0.0000,0.0000,0.0000,0.0000,2171.0000,0.0000,0.0000,0.0000,0.0000,4,0,0,0,0,1,0,0,0,0
zc,WT209,2012-06-11 14:21:47.537,2171.0000,3858,2,0.0000,2.0000,2,0,双开,B,2171.0000,0.0000,0.0000,0.0000,0.0000,2172.0000,0.0000,0.0000,0.0000,0.0000,4,0,0,0,0,15,0,0,0,0
zc,WT209,2012-06-11 14:21:49.273,2171.0000,3860,2,0.0000,2.0000,2,0,双开,B,2171.0000,0.0000,0.0000,0.0000,0.0000,2172.0000,0.0000,0.0000,0.0000,0.0000,3,0,0,0,0,15,0,0,0,0
zc,WT209,2012-06-11 14:22:13.837,2171.0000,3862,2,0.0000,2.0000,2,0,双开,B,2171.0000,0.0000,0.0000,0.0000,0.0000,2172.0000,0.0000,0.0000,0.0000,0.0000,2,0,0,0,0,15,0,0,0,0
zc,WT209,2012-06-11 14:22:25.100,2171.0000,3862,0,0.0000,2.0000,1,1,多换,B,2171.0000,0.0000,0.0000,0.0000,0.0000,2172.0000,0.0000,0.0000,0.0000,0.0000,1,0,0,0,0,15,0,0,0,0
zc,WT209,2012-06-11 14:22:32.070,2171.0000,3864,2,0.0000,2.0000,2,0,双开,B,2169.0000,0.0000,0.0000,0.0000,0.0000,2172.0000,0.0000,0.0000,0.0000,0.0000,1,0,0,0,0,15,0,0,0,0
zc,WT209,2012-06-11 14:22:36.837,2171.0000,3864,0,0.0000,0.0000,0,0,多换,B,2169.0000,0.0000,0.0000,0.0000,0.0000,2172.0000,0.0000,0.0000,0.0000,0.0000,2,0,0,0,0,15,0,0,0,0
zc,WT209,2012-06-11 14:22:41.133,2171.0000,3864,0,0.0000,0.0000,0,0,多换,B,2169.0000,0.0000,0.0000,0.0000,0.0000,2172.0000,0.0000,0.0000,0.0000,0.0000,4,0,0,0,0,15,0,0,0,0
zc,WT209,2012-06-11 14:22:43.397,2171.0000,3864,0,0.0000,0.0000,0,0,多换,B,2169.0000,0.0000,0.0000,0.0000,0.0000,2172.0000,0.0000,0.0000,0.0000,0.0000,5,0,0,0,0,15,0,0,0,0
zc,WT209,2012-06-11 14:22:53.647,2171.0000,3864,0,0.0000,0.0000,0,0,多换,B,2169.0000,0.0000,0.0000,0.0000,0.0000,2171.0000,0.0000,0.0000,0.0000,0.0000,5,0,0,0,0,1,0,0,0,0
zc,WT209,2012-06-11 14:22:56.367,2171.0000,3864,0,0.0000,0.0000,0,0,多换,B,2169.0000,0.0000,0.0000,0.0000,0.0000,2171.0000,0.0000,0.0000,0.0000,0.0000,4,0,0,0,0,1,0,0,0,0
zc,WT209,2012-06-11 14:22:58.320,2171.0000,3864,0,0.0000,0.0000,0,0,多换,B,2169.0000,0.0000,0.0000,0.0000,0.0000,2171.0000,0.0000,0.0000,0.0000,0.0000,4,0,0,0,0,2,0,0,0,0
zc,WT209,2012-06-11 14:23:10.600,2172.0000,3876,12,0.0000,20.0000,16,4,多开,B,2170.0000,0.0000,0.0000,0.0000,0.0000,2172.0000,0.0000,0.0000,0.0000,0.0000,1,0,0,0,0,7,0,0,0,0
zc,WT209,2012-06-11 14:23:21.320,2172.0000,3876,0,0.0000,0.0000,0,0,多换,B,2171.0000,0.0000,0.0000,0.0000,0.0000,2172.0000,0.0000,0.0000,0.0000,0.0000,2,0,0,0,0,7,0,0,0,0
zc,WT209,2012-06-11 14:23:49.837,2173.0000,3876,0,0.0000,20.0000,10,10,多换,B,2171.0000,0.0000,0.0000,0.0000,0.0000,2173.0000,0.0000,0.0000,0.0000,0.0000,2,0,0,0,0,7,0,0,0,0
zc,WT209,2012-06-11 14:24:00.837,2173.0000,3876,0,0.0000,0.0000,0,0,多换,B,2171.0000,0.0000,0.0000,0.0000,0.0000,2173.0000,0.0000,0.0000,0.0000,0.0000,2,0,0,0,0,9,0,0,0,0
zc,WT209,2012-06-11 14:24:19.350,2173.0000,3876,0,0.0000,0.0000,0,0,多换,B,2171.0000,0.0000,0.0000,0.0000,0.0000,2173.0000,0.0000,0.0000,0.0000,0.0000,2,0,0,0,0,12,0,0,0,0
zc,WT209,2012-06-11 14:24:28.337,2173.0000,3876,0,0.0000,0.0000,0,0,多换,B,2171.0000,0.0000,0.0000,0.0000,0.0000,2172.0000,0.0000,0.0000,0.0000,0.0000,2,0,0,0,0,7,0,0,0,0
zc,WT209,2012-06-11 14:24:32.320,2173.0000,3876,0,0.0000,20.0000,10,10,多换,B,2171.0000,0.0000,0.0000,0.0000,0.0000,2173.0000,0.0000,0.0000,0.0000,0.0000,2,0,0,0,0,7,0,0,0,0
zc,WT209,2012-06-11 14:24:41.680,2173.0000,3880,4,0.0000,10.0000,7,3,多开,B,2171.0000,0.0000,0.0000,0.0000,0.0000,2173.0000,0.0000,0.0000,0.0000,0.0000,2,0,0,0,0,2,0,0,0,0
zc,WT209,2012-06-11 14:24:44.117,2173.0000,3886,6,0.0000,6.0000,6,0,双开,B,2174.0000,0.0000,0.0000,0.0000,0.0000,2175.0000,0.0000,0.0000,0.0000,0.0000,7,0,0,0,0,11,0,0,0,0
zc,WT209,2012-06-11 14:24:49.553,2173.0000,3886,0,0.0000,0.0000,0,0,多换,B,2174.0000,0.0000,0.0000,0.0000,0.0000,2175.0000,0.0000,0.0000,0.0000,0.0000,7,0,0,0,0,18,0,0,0,0
zc,WT209,2012-06-11 14:24:54.867,2174.0000,3886,0,0.0000,14.0000,7,7,多换,B,2170.0000,0.0000,0.0000,0.0000,0.0000,2175.0000,0.0000,0.0000,0.0000,0.0000,4,0,0,0,0,18,0,0,0,0
zc,WT209,2012-06-11 14:24:55.837,2175.0000,3904,18,0.0000,20.0000,19,1,多开,B,2170.0000,0.0000,0.0000,0.0000,0.0000,2175.0000,0.0000,0.0000,0.0000,0.0000,4,0,0,0,0,8,0,0,0,0
zc,WT209,2012-06-11 14:24:58.570,2175.0000,3904,0,0.0000,0.0000,0,0,多换,B,2170.0000,0.0000,0.0000,0.0000,0.0000,2175.0000,0.0000,0.0000,0.0000,0.0000,4,0,0,0,0,10,0,0,0,0
zc,WT209,2012-06-11 14:25:00.850,2175.0000,3904,0,0.0000,0.0000,0,0,多换,B,2170.0000,0.0000,0.0000,0.0000,0.0000,2175.0000,0.0000,0.0000,0.0000,0.0000,5,0,0,0,0,10,0,0,0,0
zc,WT209,2012-06-11 14:25:02.163,2175.0000,3910,6,0.0000,20.0000,13,7,多开,B,2170.0000,0.0000,0.0000,0.0000,0.0000,2177.0000,0.0000,0.0000,0.0000,0.0000,5,0,0,0,0,7,0,0,0,0
zc,WT209,2012-06-11 14:25:02.600,2175.0000,3910,0,0.0000,0.0000,0,0,多换,B,2170.0000,0.0000,0.0000,0.0000,0.0000,2174.0000,0.0000,0.0000,0.0000,0.0000,5,0,0,0,0,2,0,0,0,0
zc,WT209,2012-06-11 14:25:05.837,2175.0000,3910,0,0.0000,0.0000,0,0,多换,B,2171.0000,0.0000,0.0000,0.0000,0.0000,2174.0000,0.0000,0.0000,0.0000,0.0000,2,0,0,0,0,2,0,0,0,0
zc,WT209,2012-06-11 14:25:06.883,2175.0000,3910,0,0.0000,0.0000,0,0,多换,B,2171.0000,0.0000,0.0000,0.0000,0.0000,2175.0000,0.0000,0.0000,0.0000,0.0000,2,0,0,0,0,5,0,0,0,0
zc,WT209,2012-06-11 14:25:12.100,2175.0000,3910,0,0.0000,0.0000,0,0,多换,B,2171.0000,0.0000,0.0000,0.0000,0.0000,2175.0000,0.0000,0.0000,0.0000,0.0000,2,0,0,0,0,14,0,0,0,0
zc,WT209,2012-06-11 14:25:12.570,2175.0000,3910,0,0.0000,0.0000,0,0,多换,B,2171.0000,0.0000,0.0000,0.0000,0.0000,2175.0000,0.0000,0.0000,0.0000,0.0000,2,0,0,0,0,15,0,0,0,0
zc,WT209,2012-06-11 14:25:15.883,2175.0000,3910,0,0.0000,0.0000,0,0,多换,B,2171.0000,0.0000,0.0000,0.0000,0.0000,2175.0000,0.0000,0.0000,0.0000,0.0000,5,0,0,0,0,15,0,0,0,0
zc,WT209,2012-06-11 14:25:30.087,2175.0000,3910,0,0.0000,0.0000,0,0,多换,B,2171.0000,0.0000,0.0000,0.0000,0.0000,2174.0000,0.0000,0.0000,0.0000,0.0000,5,0,0,0,0,1,0,0,0,0
zc,WT209,2012-06-11 14:25:42.820,2171.0000,3900,-10,0.0000,10.0000,0,10,双平,S,2170.0000,0.0000,0.0000,0.0000,0.0000,2174.0000,0.0000,0.0000,0.0000,0.0000,2,0,0,0,0,1,0,0,0,0
zc,WT209,2012-06-11 14:25:45.117,2170.0000,3896,-4,0.0000,4.0000,0,4,双平,S,2169.0000,0.0000,0.0000,0.0000,0.0000,2170.0000,0.0000,0.0000,0.0000,0.0000,4,0,0,0,0,3,0,0,0,0
zc,WT209,2012-06-11 14:25:48.133,2169.0000,3890,-6,0.0000,8.0000,1,7,多平,S,2168.0000,0.0000,0.0000,0.0000,0.0000,2169.0000,0.0000,0.0000,0.0000,0.0000,1,0,0,0,0,1,0,0,0,0
zc,WT209,2012-06-11 14:25:48.570,2170.0000,3884,-6,0.0000,6.0000,0,6,双平,B,2168.0000,0.0000,0.0000,0.0000,0.0000,2170.0000,0.0000,0.0000,0.0000,0.0000,1,0,0,0,0,1,0,0,0,0
zc,WT209,2012-06-11 14:25:52.883,2170.0000,3884,0,0.0000,0.0000,0,0,多换,B,2168.0000,0.0000,0.0000,0.0000,0.0000,2170.0000,0.0000,0.0000,0.0000,0.0000,2,0,0,0,0,1,0,0,0,0
zc,WT209,2012-06-11 14:25:53.617,2170.0000,3884,0,0.0000,0.0000,0,0,多换,B,2169.0000,0.0000,0.0000,0.0000,0.0000,2170.0000,0.0000,0.0000,0.0000,0.0000,2,0,0,0,0,1,0,0,0,0
zc,WT209,2012-06-11 14:25:55.883,2170.0000,3884,0,0.0000,0.0000,0,0,多换,B,2169.0000,0.0000,0.0000,0.0000,0.0000,2170.0000,0.0000,0.0000,0.0000,0.0000,4,0,0,0,0,1,0,0,0,0
zc,WT209,2012-06-11 14:25:56.850,2170.0000,3884,0,0.0000,2.0000,1,1,多换,B,2169.0000,0.0000,0.0000,0.0000,0.0000,2171.0000,0.0000,0.0000,0.0000,0.0000,4,0,0,0,0,4,0,0,0,0
zc,WT209,2012-06-11 14:26:02.087,2170.0000,3884,0,0.0000,0.0000,0,0,多换,B,2169.0000,0.0000,0.0000,0.0000,0.0000,2171.0000,0.0000,0.0000,0.0000,0.0000,4,0,0,0,0,4,0,0,0,0
zc,WT209,2012-06-11 14:26:03.117,2170.0000,3884,0,0.0000,0.0000,0,0,多换,B,2169.0000,0.0000,0.0000,0.0000,0.0000,2171.0000,0.0000,0.0000,0.0000,0.0000,2,0,0,0,0,4,0,0,0,0
zc,WT209,2012-06-11 14:26:11.617,2170.0000,3884,0,0.0000,0.0000,0,0,多换,B,2170.0000,0.0000,0.0000,0.0000,0.0000,2171.0000,0.0000,0.0000,0.0000,0.0000,1,0,0,0,0,4,0,0,0,0
zc,WT209,2012-06-11 14:26:25.397,2170.0000,3882,-2,0.0000,2.0000,0,2,双平,B,2169.0000,0.0000,0.0000,0.0000,0.0000,2170.0000,0.0000,0.0000,0.0000,0.0000,3,0,0,0,0,4,0,0,0,0
zc,WT209,2012-06-11 14:26:46.117,2169.0000,3880,-2,0.0000,2.0000,0,2,双平,S,2169.0000,0.0000,0.0000,0.0000,0.0000,2170.0000,0.0000,0.0000,0.0000,0.0000,2,0,0,0,0,4,0,0,0,0
zc,WT209,2012-06-11 14:27:01.570,2173.0000,3882,2,0.0000,20.0000,11,9,多开,B,2169.0000,0.0000,0.0000,0.0000,0.0000,2173.0000,0.0000,0.0000,0.0000,0.0000,2,0,0,0,0,5,0,0,0,0
zc,WT209,2012-06-11 14:27:05.320,2173.0000,3882,0,0.0000,0.0000,0,0,多换,B,2169.0000,0.0000,0.0000,0.0000,0.0000,2172.0000,0.0000,0.0000,0.0000,0.0000,2,0,0,0,0,1,0,0,0,0
zc,WT209,2012-06-11 14:27:16.100,2173.0000,3882,0,0.0000,0.0000,0,0,多换,B,2169.0000,0.0000,0.0000,0.0000,0.0000,2172.0000,0.0000,0.0000,0.0000,0.0000,3,0,0,0,0,1,0,0,0,0
zc,WT209,2012-06-11 14:27:17.087,2172.0000,3880,-2,0.0000,2.0000,0,2,双平,S,2169.0000,0.0000,0.0000,0.0000,0.0000,2173.0000,0.0000,0.0000,0.0000,0.0000,3,0,0,0,0,7,0,0,0,0
zc,WT209,2012-06-11 14:27:29.070,2172.0000,3880,0,0.0000,0.0000,0,0,空换,S,2169.0000,0.0000,0.0000,0.0000,0.0000,2172.0000,0.0000,0.0000,0.0000,0.0000,3,0,0,0,0,1,0,0,0,0
zc,WT209,2012-06-11 14:27:36.147,2172.0000,3880,0,0.0000,0.0000,0,0,空换,S,2169.0000,0.0000,0.0000,0.0000,0.0000,2172.0000,0.0000,0.0000,0.0000,0.0000,3,0,0,0,0,3,0,0,0,0
zc,WT209,2012-06-11 14:27:37.850,2173.0000,3890,10,0.0000,20.0000,15,5,多开,B,2169.0000,0.0000,0.0000,0.0000,0.0000,2174.0000,0.0000,0.0000,0.0000,0.0000,3,0,0,0,0,23,0,0,0,0
zc,WT209,2012-06-11 14:27:44.587,2173.0000,3890,0,0.0000,0.0000,0,0,多换,B,2169.0000,0.0000,0.0000,0.0000,0.0000,2173.0000,0.0000,0.0000,0.0000,0.0000,3,0,0,0,0,1,0,0,0,0
zc,WT209,2012-06-11 14:27:45.600,2173.0000,3890,0,0.0000,0.0000,0,0,多换,B,2169.0000,0.0000,0.0000,0.0000,0.0000,2173.0000,0.0000,0.0000,0.0000,0.0000,3,0,0,0,0,6,0,0,0,0
zc,WT209,2012-06-11 14:27:46.600,2173.0000,3890,0,0.0000,0.0000,0,0,多换,B,2170.0000,0.0000,0.0000,0.0000,0.0000,2173.0000,0.0000,0.0000,0.0000,0.0000,1,0,0,0,0,6,0,0,0,0
zc,WT209,2012-06-11 14:27:47.367,2173.0000,3890,0,0.0000,0.0000,0,0,多换,B,2170.0000,0.0000,0.0000,0.0000,0.0000,2173.0000,0.0000,0.0000,0.0000,0.0000,2,0,0,0,0,6,0,0,0,0
zc,WT209,2012-06-11 14:27:50.617,2173.0000,3890,0,0.0000,0.0000,0,0,多换,B,2170.0000,0.0000,0.0000,0.0000,0.0000,2173.0000,0.0000,0.0000,0.0000,0.0000,2,0,0,0,0,7,0,0,0,0
zc,WT209,2012-06-11 14:27:53.820,2173.0000,3890,0,0.0000,0.0000,0,0,多换,B,2170.0000,0.0000,0.0000,0.0000,0.0000,2173.0000,0.0000,0.0000,0.0000,0.0000,2,0,0,0,0,8,0,0,0,0
zc,WT209,2012-06-11 14:27:55.850,2173.0000,3890,0,0.0000,0.0000,0,0,多换,B,2171.0000,0.0000,0.0000,0.0000,0.0000,2173.0000,0.0000,0.0000,0.0000,0.0000,3,0,0,0,0,8,0,0,0,0
zc,WT209,2012-06-11 14:28:04.587,2171.0000,3890,0,0.0000,6.0000,3,3,空换,S,2170.0000,0.0000,0.0000,0.0000,0.0000,2171.0000,0.0000,0.0000,0.0000,0.0000,2,0,0,0,0,1,0,0,0,0
zc,WT209,2012-06-11 14:28:09.147,2171.0000,3890,0,0.0000,0.0000,0,0,空换,S,2170.0000,0.0000,0.0000,0.0000,0.0000,2171.0000,0.0000,0.0000,0.0000,0.0000,1,0,0,0,0,1,0,0,0,0
zc,WT209,2012-06-11 14:28:11.663,2171.0000,3888,-2,0.0000,2.0000,0,2,双平,S,2170.0000,0.0000,0.0000,0.0000,0.0000,2173.0000,0.0000,0.0000,0.0000,0.0000,1,0,0,0,0,8,0,0,0,0
zc,WT209,2012-06-11 14:29:24.320,2171.0000,3888,0,0.0000,0.0000,0,0,空换,S,2170.0000,0.0000,0.0000,0.0000,0.0000,2172.0000,0.0000,0.0000,0.0000,0.0000,1,0,0,0,0,1,0,0,0,0
zc,WT209,2012-06-11 14:29:35.350,2171.0000,3888,0,0.0000,0.0000,0,0,空换,S,2170.0000,0.0000,0.0000,0.0000,0.0000,2172.0000,0.0000,0.0000,0.0000,0.0000,2,0,0,0,0,1,0,0,0,0
zc,WT209,2012-06-11 14:29:53.087,2171.0000,3888,0,0.0000,0.0000,0,0,空换,S,2170.0000,0.0000,0.0000,0.0000,0.0000,2172.0000,0.0000,0.0000,0.0000,0.0000,3,0,0,0,0,1,0,0,0,0
zc,WT209,2012-06-11 14:30:21.867,2170.0000,3882,-6,0.0000,6.0000,0,6,双平,S,2169.0000,0.0000,0.0000,0.0000,0.0000,2170.0000,0.0000,0.0000,0.0000,0.0000,9,0,0,0,0,2,0,0,0,0
zc,WT209,2012-06-11 14:30:32.133,2169.0000,3872,-10,0.0000,18.0000,4,14,多平,S,2168.0000,0.0000,0.0000,0.0000,0.0000,2169.0000,0.0000,0.0000,0.0000,0.0000,4,0,0,0,0,1,0,0,0,0
zc,WT209,2012-06-11 14:30:37.600,2169.0000,3872,0,0.0000,2.0000,1,1,空换,S,2168.0000,0.0000,0.0000,0.0000,0.0000,2170.0000,0.0000,0.0000,0.0000,0.0000,4,0,0,0,0,2,0,0,0,0
zc,WT209,2012-06-11 14:30:38.587,2169.0000,3872,0,0.0000,0.0000,0,0,空换,S,2169.0000,0.0000,0.0000,0.0000,0.0000,2170.0000,0.0000,0.0000,0.0000,0.0000,1,0,0,0,0,2,0,0,0,0
zc,WT209,2012-06-11 14:30:44.163,2169.0000,3872,0,0.0000,0.0000,0,0,空换,S,2168.0000,0.0000,0.0000,0.0000,0.0000,2170.0000,0.0000,0.0000,0.0000,0.0000,4,0,0,0,0,2,0,0,0,0
zc,WT209,2012-06-11 14:30:57.663,2169.0000,3872,0,0.0000,0.0000,0,0,空换,S,2169.0000,0.0000,0.0000,0.0000,0.0000,2170.0000,0.0000,0.0000,0.0000,0.0000,1,0,0,0,0,2,0,0,0,0
zc,WT209,2012-06-11 14:31:25.087,2170.0000,3868,-4,0.0000,4.0000,0,4,双平,B,2169.0000,0.0000,0.0000,0.0000,0.0000,2171.0000,0.0000,0.0000,0.0000,0.0000,1,0,0,0,0,5,0,0,0,0
zc,WT209,2012-06-11 14:31:58.633,2170.0000,3868,0,0.0000,0.0000,0,0,多换,B,2169.0000,0.0000,0.0000,0.0000,0.0000,2171.0000,0.0000,0.0000,0.0000,0.0000,2,0,0,0,0,5,0,0,0,0
zc,WT209,2012-06-11 14:32:36.320,2170.0000,3868,0,0.0000,0.0000,0,0,多换,B,2169.0000,0.0000,0.0000,0.0000,0.0000,2171.0000,0.0000,0.0000,0.0000,0.0000,1,0,0,0,0,5,0,0,0,0
zc,WT209,2012-06-11 14:33:02.070,2170.0000,3868,0,0.0000,0.0000,0,0,多换,B,2169.0000,0.0000,0.0000,0.0000,0.0000,2171.0000,0.0000,0.0000,0.0000,0.0000,1,0,0,0,0,5,0,0,0,0
zc,WT209,2012-06-11 14:33:07.850,2170.0000,3868,0,0.0000,0.0000,0,0,多换,B,2169.0000,0.0000,0.0000,0.0000,0.0000,2171.0000,0.0000,0.0000,0.0000,0.0000,2,0,0,0,0,5,0,0,0,0
