市场代码,合约代码,时间,最新,持仓,增仓,成交额,成交量,开仓,平仓,成交类型,方向,买一价,买二价,买三价,买四价,买五价,卖一价,卖二价,卖三价,卖四价,卖五价,买一量,买二量,买三量,买四量,买五量,卖一量,卖二量,卖三量,卖四量,卖五量
zc,TA209,2012-06-01 08:04:08.297,0.0000,636764,0,0.0000,0.0000,0,0,空换,S,0.0000,0.0000,0.0000,0.0000,0.0000,0.0000,0.0000,0.0000,0.0000,0.0000,0,0,0,0,0,0,0,0,0,0
zc,TA209,2012-06-01 08:55:01.533,0.0000,636764,0,0.0000,0.0000,0,0,空换,S,0.0000,0.0000,0.0000,0.0000,0.0000,0.0000,0.0000,0.0000,0.0000,0.0000,0,0,0,0,0,0,0,0,0,0
zc,TA209,2012-06-01 08:55:02.017,0.0000,636764,0,0.0000,0.0000,0,0,空换,S,0.0000,0.0000,0.0000,0.0000,0.0000,0.0000,0.0000,0.0000,0.0000,0.0000,0,0,0,0,0,0,0,0,0,0
zc,TA209,2012-06-01 08:55:02.487,0.0000,636764,0,0.0000,0.0000,0,0,空换,S,0.0000,0.0000,0.0000,0.0000,0.0000,0.0000,0.0000,0.0000,0.0000,0.0000,0,0,0,0,0,0,0,0,0,0
zc,TA209,2012-06-01 08:55:03.017,0.0000,636764,0,0.0000,0.0000,0,0,空换,S,0.0000,0.0000,0.0000,0.0000,0.0000,0.0000,0.0000,0.0000,0.0000,0.0000,0,0,0,0,0,0,0,0,0,0
zc,TA209,2012-06-01 08:55:10.737,0.0000,636764,0,0.0000,0.0000,0,0,空换,S,0.0000,0.0000,0.0000,0.0000,0.0000,0.0000,0.0000,0.0000,0.0000,0.0000,0,0,0,0,0,0,0,0,0,0
zc,TA209,2012-06-01 08:55:19.987,0.0000,636764,0,0.0000,0.0000,0,0,空换,S,0.0000,0.0000,0.0000,0.0000,0.0000,0.0000,0.0000,0.0000,0.0000,0.0000,0,0,0,0,0,0,0,0,0,0
zc,TA209,2012-06-01 08:55:25.237,0.0000,636764,0,0.0000,0.0000,0,0,空换,S,0.0000,0.0000,0.0000,0.0000,0.0000,0.0000,0.0000,0.0000,0.0000,0.0000,0,0,0,0,0,0,0,0,0,0
zc,TA209,2012-06-01 08:55:26.487,0.0000,636764,0,0.0000,0.0000,0,0,空换,S,0.0000,0.0000,0.0000,0.0000,0.0000,0.0000,0.0000,0.0000,0.0000,0.0000,0,0,0,0,0,0,0,0,0,0
zc,TA209,2012-06-01 08:55:33.987,0.0000,636764,0,0.0000,0.0000,0,0,空换,S,0.0000,0.0000,0.0000,0.0000,0.0000,0.0000,0.0000,0.0000,0.0000,0.0000,0,0,0,0,0,0,0,0,0,0
zc,TA209,2012-06-01 08:55:37.237,0.0000,636764,0,0.0000,0.0000,0,0,空换,S,0.0000,0.0000,0.0000,0.0000,0.0000,0.0000,0.0000,0.0000,0.0000,0.0000,0,0,0,0,0,0,0,0,0,0
zc,TA209,2012-06-01 08:55:38.987,0.0000,636764,0,0.0000,0.0000,0,0,空换,S,0.0000,0.0000,0.0000,0.0000,0.0000,0.0000,0.0000,0.0000,0.0000,0.0000,0,0,0,0,0,0,0,0,0,0
zc,TA209,2012-06-01 08:55:42.237,0.0000,636764,0,0.0000,0.0000,0,0,空换,S,0.0000,0.0000,0.0000,0.0000,0.0000,0.0000,0.0000,0.0000,0.0000,0.0000,0,0,0,0,0,0,0,0,0,0
zc,TA209,2012-06-01 08:55:45.487,0.0000,636764,0,0.0000,0.0000,0,0,空换,S,0.0000,0.0000,0.0000,0.0000,0.0000,0.0000,0.0000,0.0000,0.0000,0.0000,0,0,0,0,0,0,0,0,0,0
zc,TA209,2012-06-01 08:55:47.987,0.0000,636764,0,0.0000,0.0000,0,0,空换,S,0.0000,0.0000,0.0000,0.0000,0.0000,0.0000,0.0000,0.0000,0.0000,0.0000,0,0,0,0,0,0,0,0,0,0
zc,TA209,2012-06-01 08:55:55.237,0.0000,636764,0,0.0000,0.0000,0,0,空换,S,0.0000,0.0000,0.0000,0.0000,0.0000,0.0000,0.0000,0.0000,0.0000,0.0000,0,0,0,0,0,0,0,0,0,0
zc,TA209,2012-06-01 08:56:01.000,0.0000,636764,0,0.0000,0.0000,0,0,空换,S,0.0000,0.0000,0.0000,0.0000,0.0000,0.0000,0.0000,0.0000,0.0000,0.0000,0,0,0,0,0,0,0,0,0,0
zc,TA209,2012-06-01 08:56:01.987,0.0000,636764,0,0.0000,0.0000,0,0,空换,S,0.0000,0.0000,0.0000,0.0000,0.0000,0.0000,0.0000,0.0000,0.0000,0.0000,0,0,0,0,0,0,0,0,0,0
zc,TA209,2012-06-01 08:56:04.737,0.0000,636764,0,0.0000,0.0000,0,0,空换,S,0.0000,0.0000,0.0000,0.0000,0.0000,0.0000,0.0000,0.0000,0.0000,0.0000,0,0,0,0,0,0,0,0,0,0
zc,TA209,2012-06-01 08:56:10.987,0.0000,636764,0,0.0000,0.0000,0,0,空换,S,0.0000,0.0000,0.0000,0.0000,0.0000,0.0000,0.0000,0.0000,0.0000,0.0000,0,0,0,0,0,0,0,0,0,0
zc,TA209,2012-06-01 08:56:12.487,0.0000,636764,0,0.0000,0.0000,0,0,空换,S,0.0000,0.0000,0.0000,0.0000,0.0000,0.0000,0.0000,0.0000,0.0000,0.0000,0,0,0,0,0,0,0,0,0,0
zc,TA209,2012-06-01 08:56:12.987,0.0000,636764,0,0.0000,0.0000,0,0,空换,S,0.0000,0.0000,0.0000,0.0000,0.0000,0.0000,0.0000,0.0000,0.0000,0.0000,0,0,0,0,0,0,0,0,0,0
zc,TA209,2012-06-01 08:56:15.737,0.0000,636764,0,0.0000,0.0000,0,0,空换,S,0.0000,0.0000,0.0000,0.0000,0.0000,0.0000,0.0000,0.0000,0.0000,0.0000,0,0,0,0,0,0,0,0,0,0
zc,TA209,2012-06-01 08:56:16.237,0.0000,636764,0,0.0000,0.0000,0,0,空换,S,0.0000,0.0000,0.0000,0.0000,0.0000,0.0000,0.0000,0.0000,0.0000,0.0000,0,0,0,0,0,0,0,0,0,0
zc,TA209,2012-06-01 08:56:16.737,0.0000,636764,0,0.0000,0.0000,0,0,空换,S,0.0000,0.0000,0.0000,0.0000,0.0000,0.0000,0.0000,0.0000,0.0000,0.0000,0,0,0,0,0,0,0,0,0,0
zc,TA209,2012-06-01 08:56:21.987,0.0000,636764,0,0.0000,0.0000,0,0,空换,S,0.0000,0.0000,0.0000,0.0000,0.0000,0.0000,0.0000,0.0000,0.0000,0.0000,0,0,0,0,0,0,0,0,0,0
zc,TA209,2012-06-01 08:56:29.487,0.0000,636764,0,0.0000,0.0000,0,0,空换,S,0.0000,0.0000,0.0000,0.0000,0.0000,0.0000,0.0000,0.0000,0.0000,0.0000,0,0,0,0,0,0,0,0,0,0
zc,TA209,2012-06-01 08:56:30.487,0.0000,636764,0,0.0000,0.0000,0,0,空换,S,0.0000,0.0000,0.0000,0.0000,0.0000,0.0000,0.0000,0.0000,0.0000,0.0000,0,0,0,0,0,0,0,0,0,0
zc,TA209,2012-06-01 08:56:31.987,0.0000,636764,0,0.0000,0.0000,0,0,空换,S,0.0000,0.0000,0.0000,0.0000,0.0000,0.0000,0.0000,0.0000,0.0000,0.0000,0,0,0,0,0,0,0,0,0,0
zc,TA209,2012-06-01 08:56:35.737,0.0000,636764,0,0.0000,0.0000,0,0,空换,S,0.0000,0.0000,0.0000,0.0000,0.0000,0.0000,0.0000,0.0000,0.0000,0.0000,0,0,0,0,0,0,0,0,0,0
zc,TA209,2012-06-01 08:56:42.737,0.0000,636764,0,0.0000,0.0000,0,0,空换,S,0.0000,0.0000,0.0000,0.0000,0.0000,0.0000,0.0000,0.0000,0.0000,0.0000,0,0,0,0,0,0,0,0,0,0
zc,TA209,2012-06-01 08:56:44.987,0.0000,636764,0,0.0000,0.0000,0,0,空换,S,0.0000,0.0000,0.0000,0.0000,0.0000,0.0000,0.0000,0.0000,0.0000,0.0000,0,0,0,0,0,0,0,0,0,0
zc,TA209,2012-06-01 08:56:54.737,0.0000,636764,0,0.0000,0.0000,0,0,空换,S,0.0000,0.0000,0.0000,0.0000,0.0000,0.0000,0.0000,0.0000,0.0000,0.0000,0,0,0,0,0,0,0,0,0,0
zc,TA209,2012-06-01 08:56:56.237,0.0000,636764,0,0.0000,0.0000,0,0,空换,S,0.0000,0.0000,0.0000,0.0000,0.0000,0.0000,0.0000,0.0000,0.0000,0.0000,0,0,0,0,0,0,0,0,0,0
zc,TA209,2012-06-01 08:57:01.237,0.0000,636764,0,0.0000,0.0000,0,0,空换,S,0.0000,0.0000,0.0000,0.0000,0.0000,0.0000,0.0000,0.0000,0.0000,0.0000,0,0,0,0,0,0,0,0,0,0
zc,TA209,2012-06-01 08:57:06.237,0.0000,636764,0,0.0000,0.0000,0,0,空换,S,0.0000,0.0000,0.0000,0.0000,0.0000,0.0000,0.0000,0.0000,0.0000,0.0000,0,0,0,0,0,0,0,0,0,0
zc,TA209,2012-06-01 08:57:07.737,0.0000,636764,0,0.0000,0.0000,0,0,空换,S,0.0000,0.0000,0.0000,0.0000,0.0000,0.0000,0.0000,0.0000,0.0000,0.0000,0,0,0,0,0,0,0,0,0,0
zc,TA209,2012-06-01 08:57:09.237,0.0000,636764,0,0.0000,0.0000,0,0,空换,S,0.0000,0.0000,0.0000,0.0000,0.0000,0.0000,0.0000,0.0000,0.0000,0.0000,0,0,0,0,0,0,0,0,0,0
zc,TA209,2012-06-01 08:57:13.737,0.0000,636764,0,0.0000,0.0000,0,0,空换,S,0.0000,0.0000,0.0000,0.0000,0.0000,0.0000,0.0000,0.0000,0.0000,0.0000,0,0,0,0,0,0,0,0,0,0
zc,TA209,2012-06-01 08:57:15.737,0.0000,636764,0,0.0000,0.0000,0,0,空换,S,0.0000,0.0000,0.0000,0.0000,0.0000,0.0000,0.0000,0.0000,0.0000,0.0000,0,0,0,0,0,0,0,0,0,0
zc,TA209,2012-06-01 08:57:16.500,0.0000,636764,0,0.0000,0.0000,0,0,空换,S,0.0000,0.0000,0.0000,0.0000,0.0000,0.0000,0.0000,0.0000,0.0000,0.0000,0,0,0,0,0,0,0,0,0,0
zc,TA209,2012-06-01 08:57:28.487,0.0000,636764,0,0.0000,0.0000,0,0,空换,S,0.0000,0.0000,0.0000,0.0000,0.0000,0.0000,0.0000,0.0000,0.0000,0.0000,0,0,0,0,0,0,0,0,0,0
zc,TA209,2012-06-01 08:57:31.487,0.0000,636764,0,0.0000,0.0000,0,0,空换,S,0.0000,0.0000,0.0000,0.0000,0.0000,0.0000,0.0000,0.0000,0.0000,0.0000,0,0,0,0,0,0,0,0,0,0
zc,TA209,2012-06-01 08:57:36.487,0.0000,636764,0,0.0000,0.0000,0,0,空换,S,0.0000,0.0000,0.0000,0.0000,0.0000,0.0000,0.0000,0.0000,0.0000,0.0000,0,0,0,0,0,0,0,0,0,0
zc,TA209,2012-06-01 08:57:59.237,0.0000,636764,0,0.0000,0.0000,0,0,空换,S,0.0000,0.0000,0.0000,0.0000,0.0000,0.0000,0.0000,0.0000,0.0000,0.0000,0,0,0,0,0,0,0,0,0,0
zc,TA209,2012-06-01 08:58:18.987,0.0000,636764,0,0.0000,0.0000,0,0,空换,S,0.0000,0.0000,0.0000,0.0000,0.0000,0.0000,0.0000,0.0000,0.0000,0.0000,0,0,0,0,0,0,0,0,0,0
zc,TA209,2012-06-01 08:58:55.237,0.0000,636764,0,0.0000,0.0000,0,0,空换,S,0.0000,0.0000,0.0000,0.0000,0.0000,0.0000,0.0000,0.0000,0.0000,0.0000,0,0,0,0,0,0,0,0,0,0
zc,TA209,2012-06-01 08:58:56.737,0.0000,636764,0,0.0000,0.0000,0,0,空换,S,0.0000,0.0000,0.0000,0.0000,0.0000,0.0000,0.0000,0.0000,0.0000,0.0000,0,0,0,0,0,0,0,0,0,0
zc,TA209,2012-06-01 08:59:02.440,7736.0000,639534,2770,0.0000,5554.0000,4162,1392,多开,B,7736.0000,0.0000,0.0000,0.0000,0.0000,7738.0000,0.0000,0.0000,0.0000,0.0000,43,0,0,0,0,145,0,0,0,0
zc,TA209,2012-06-01 09:00:01.393,7736.0000,639718,184,0.0000,482.0000,333,149,多开,B,7734.0000,0.0000,0.0000,0.0000,0.0000,7736.0000,0.0000,0.0000,0.0000,0.0000,302,0,0,0,0,35,0,0,0,0
zc,TA209,2012-06-01 09:00:02.453,7732.0000,639796,78,0.0000,2350.0000,1214,1136,空开,S,7732.0000,0.0000,0.0000,0.0000,0.0000,7736.0000,0.0000,0.0000,0.0000,0.0000,173,0,0,0,0,68,0,0,0,0
zc,TA209,2012-06-01 09:00:03.423,7732.0000,639942,146,0.0000,1256.0000,701,555,空开,S,7730.0000,0.0000,0.0000,0.0000,0.0000,7732.0000,0.0000,0.0000,0.0000,0.0000,447,0,0,0,0,18,0,0,0,0
zc,TA209,2012-06-01 09:00:04.157,7734.0000,640012,70,0.0000,276.0000,173,103,多开,B,7730.0000,0.0000,0.0000,0.0000,0.0000,7732.0000,0.0000,0.0000,0.0000,0.0000,445,0,0,0,0,6,0,0,0,0
zc,TA209,2012-06-01 09:00:04.643,7734.0000,640114,102,0.0000,190.0000,146,44,多开,B,7732.0000,0.0000,0.0000,0.0000,0.0000,7734.0000,0.0000,0.0000,0.0000,0.0000,81,0,0,0,0,48,0,0,0,0
zc,TA209,2012-06-01 09:00:05.393,7730.0000,641036,922,0.0000,1712.0000,1317,395,空开,S,7728.0000,0.0000,0.0000,0.0000,0.0000,7730.0000,0.0000,0.0000,0.0000,0.0000,134,0,0,0,0,126,0,0,0,0
zc,TA209,2012-06-01 09:00:05.877,7730.0000,641304,268,0.0000,388.0000,328,60,空开,S,7730.0000,0.0000,0.0000,0.0000,0.0000,7736.0000,0.0000,0.0000,0.0000,0.0000,13,0,0,0,0,142,0,0,0,0
zc,TA209,2012-06-01 09:00:06.610,7734.0000,641294,-10,0.0000,86.0000,38,48,空平,B,7732.0000,0.0000,0.0000,0.0000,0.0000,7734.0000,0.0000,0.0000,0.0000,0.0000,26,0,0,0,0,286,0,0,0,0
zc,TA209,2012-06-01 09:00:07.377,7732.0000,641220,-74,0.0000,126.0000,26,100,多平,S,7730.0000,0.0000,0.0000,0.0000,0.0000,7732.0000,0.0000,0.0000,0.0000,0.0000,51,0,0,0,0,3,0,0,0,0
zc,TA209,2012-06-01 09:00:07.860,7732.0000,641234,14,0.0000,86.0000,50,36,空开,S,7730.0000,0.0000,0.0000,0.0000,0.0000,7732.0000,0.0000,0.0000,0.0000,0.0000,48,0,0,0,0,181,0,0,0,0
zc,TA209,2012-06-01 09:00:08.423,7732.0000,641206,-28,0.0000,98.0000,35,63,多平,S,7730.0000,0.0000,0.0000,0.0000,0.0000,7732.0000,0.0000,0.0000,0.0000,0.0000,32,0,0,0,0,200,0,0,0,0
zc,TA209,2012-06-01 09:00:08.847,7732.0000,641218,12,0.0000,34.0000,23,11,空开,S,7730.0000,0.0000,0.0000,0.0000,0.0000,7732.0000,0.0000,0.0000,0.0000,0.0000,32,0,0,0,0,198,0,0,0,0
zc,TA209,2012-06-01 09:00:09.673,7730.0000,641346,128,0.0000,210.0000,169,41,空开,S,7728.0000,0.0000,0.0000,0.0000,0.0000,7730.0000,0.0000,0.0000,0.0000,0.0000,116,0,0,0,0,198,0,0,0,0
zc,TA209,2012-06-01 09:00:10.110,7730.0000,641426,80,0.0000,100.0000,90,10,空开,S,7728.0000,0.0000,0.0000,0.0000,0.0000,7730.0000,0.0000,0.0000,0.0000,0.0000,129,0,0,0,0,203,0,0,0,0
zc,TA209,2012-06-01 09:00:10.860,7728.0000,641560,134,0.0000,178.0000,156,22,空开,S,7728.0000,0.0000,0.0000,0.0000,0.0000,7730.0000,0.0000,0.0000,0.0000,0.0000,116,0,0,0,0,153,0,0,0,0
zc,TA209,2012-06-01 09:00:11.580,7728.0000,641812,252,0.0000,380.0000,316,64,空开,S,7728.0000,0.0000,0.0000,0.0000,0.0000,7730.0000,0.0000,0.0000,0.0000,0.0000,6,0,0,0,0,344,0,0,0,0
zc,TA209,2012-06-01 09:00:12.127,7728.0000,641890,78,0.0000,128.0000,103,25,空开,S,7728.0000,0.0000,0.0000,0.0000,0.0000,7730.0000,0.0000,0.0000,0.0000,0.0000,12,0,0,0,0,337,0,0,0,0
zc,TA209,2012-06-01 09:00:12.893,7728.0000,641930,40,0.0000,158.0000,99,59,空开,S,7726.0000,0.0000,0.0000,0.0000,0.0000,7728.0000,0.0000,0.0000,0.0000,0.0000,623,0,0,0,0,17,0,0,0,0
zc,TA209,2012-06-01 09:00:13.407,7728.0000,642142,212,0.0000,426.0000,319,107,空开,S,7728.0000,0.0000,0.0000,0.0000,0.0000,7730.0000,0.0000,0.0000,0.0000,0.0000,28,0,0,0,0,227,0,0,0,0
zc,TA209,2012-06-01 09:00:13.813,7730.0000,642142,0,0.0000,364.0000,182,182,多换,B,7728.0000,0.0000,0.0000,0.0000,0.0000,7730.0000,0.0000,0.0000,0.0000,0.0000,54,0,0,0,0,77,0,0,0,0
zc,TA209,2012-06-01 09:00:14.330,7732.0000,641950,-192,0.0000,456.0000,132,324,空平,B,7730.0000,0.0000,0.0000,0.0000,0.0000,7732.0000,0.0000,0.0000,0.0000,0.0000,94,0,0,0,0,257,0,0,0,0
zc,TA209,2012-06-01 09:00:15.110,7732.0000,641760,-190,0.0000,346.0000,78,268,空平,B,7730.0000,0.0000,0.0000,0.0000,0.0000,7732.0000,0.0000,0.0000,0.0000,0.0000,210,0,0,0,0,126,0,0,0,0
zc,TA209,2012-06-01 09:00:15.860,7732.0000,641668,-92,0.0000,278.0000,93,185,空平,B,7730.0000,0.0000,0.0000,0.0000,0.0000,7732.0000,0.0000,0.0000,0.0000,0.0000,243,0,0,0,0,35,0,0,0,0
zc,TA209,2012-06-01 09:00:16.610,7734.0000,641622,-46,0.0000,572.0000,263,309,空平,B,7732.0000,0.0000,0.0000,0.0000,0.0000,7734.0000,0.0000,0.0000,0.0000,0.0000,8,0,0,0,0,112,0,0,0,0
zc,TA209,2012-06-01 09:00:17.127,7730.0000,641690,68,0.0000,274.0000,171,103,空开,S,7730.0000,0.0000,0.0000,0.0000,0.0000,7734.0000,0.0000,0.0000,0.0000,0.0000,130,0,0,0,0,29,0,0,0,0
zc,TA209,2012-06-01 09:00:17.860,7734.0000,641764,74,0.0000,146.0000,110,36,多开,B,7732.0000,0.0000,0.0000,0.0000,0.0000,7734.0000,0.0000,0.0000,0.0000,0.0000,89,0,0,0,0,26,0,0,0,0
zc,TA209,2012-06-01 09:00:18.360,7734.0000,641476,-288,0.0000,542.0000,127,415,空平,B,7734.0000,0.0000,0.0000,0.0000,0.0000,7738.0000,0.0000,0.0000,0.0000,0.0000,39,0,0,0,0,35,0,0,0,0
zc,TA209,2012-06-01 09:00:19.347,7738.0000,641454,-22,0.0000,82.0000,30,52,空平,B,7734.0000,0.0000,0.0000,0.0000,0.0000,7736.0000,0.0000,0.0000,0.0000,0.0000,105,0,0,0,0,37,0,0,0,0
zc,TA209,2012-06-01 09:00:19.860,7736.0000,641460,6,0.0000,112.0000,59,53,空开,S,7734.0000,0.0000,0.0000,0.0000,0.0000,7736.0000,0.0000,0.0000,0.0000,0.0000,128,0,0,0,0,7,0,0,0,0
zc,TA209,2012-06-01 09:00:20.643,7738.0000,641504,44,0.0000,136.0000,90,46,多开,B,7738.0000,0.0000,0.0000,0.0000,0.0000,7740.0000,0.0000,0.0000,0.0000,0.0000,33,0,0,0,0,146,0,0,0,0
zc,TA209,2012-06-01 09:00:21.330,7738.0000,641620,116,0.0000,232.0000,174,58,多开,B,7738.0000,0.0000,0.0000,0.0000,0.0000,7740.0000,0.0000,0.0000,0.0000,0.0000,47,0,0,0,0,142,0,0,0,0
zc,TA209,2012-06-01 09:00:22.097,7738.0000,641406,-214,0.0000,268.0000,27,241,空平,B,7736.0000,0.0000,0.0000,0.0000,0.0000,7738.0000,0.0000,0.0000,0.0000,0.0000,62,0,0,0,0,71,0,0,0,0
zc,TA209,2012-06-01 09:00:22.610,7740.0000,641436,30,0.0000,288.0000,159,129,多开,B,7736.0000,0.0000,0.0000,0.0000,0.0000,7740.0000,0.0000,0.0000,0.0000,0.0000,45,0,0,0,0,105,0,0,0,0
zc,TA209,2012-06-01 09:00:23.347,7740.0000,641592,156,0.0000,282.0000,219,63,多开,B,7738.0000,0.0000,0.0000,0.0000,0.0000,7740.0000,0.0000,0.0000,0.0000,0.0000,5,0,0,0,0,67,0,0,0,0
zc,TA209,2012-06-01 09:00:23.830,7740.0000,641558,-34,0.0000,88.0000,27,61,空平,B,7738.0000,0.0000,0.0000,0.0000,0.0000,7740.0000,0.0000,0.0000,0.0000,0.0000,32,0,0,0,0,38,0,0,0,0
zc,TA209,2012-06-01 09:00:24.610,7738.0000,641456,-102,0.0000,188.0000,43,145,多平,S,7740.0000,0.0000,0.0000,0.0000,0.0000,7742.0000,0.0000,0.0000,0.0000,0.0000,17,0,0,0,0,3,0,0,0,0
zc,TA209,2012-06-01 09:00:25.097,7740.0000,641440,-16,0.0000,22.0000,3,19,空平,B,7740.0000,0.0000,0.0000,0.0000,0.0000,7742.0000,0.0000,0.0000,0.0000,0.0000,32,0,0,0,0,12,0,0,0,0
zc,TA209,2012-06-01 09:00:25.877,7744.0000,641342,-98,0.0000,112.0000,7,105,空平,B,7742.0000,0.0000,0.0000,0.0000,0.0000,7744.0000,0.0000,0.0000,0.0000,0.0000,179,0,0,0,0,29,0,0,0,0
zc,TA209,2012-06-01 09:00:26.377,7744.0000,641322,-20,0.0000,98.0000,39,59,空平,B,7744.0000,0.0000,0.0000,0.0000,0.0000,7746.0000,0.0000,0.0000,0.0000,0.0000,353,0,0,0,0,53,0,0,0,0
zc,TA209,2012-06-01 09:00:26.797,7744.0000,641374,52,0.0000,126.0000,89,37,多开,B,7744.0000,0.0000,0.0000,0.0000,0.0000,7746.0000,0.0000,0.0000,0.0000,0.0000,322,0,0,0,0,22,0,0,0,0
zc,TA209,2012-06-01 09:00:27.330,7746.0000,641396,22,0.0000,30.0000,26,4,多开,B,7744.0000,0.0000,0.0000,0.0000,0.0000,7746.0000,0.0000,0.0000,0.0000,0.0000,324,0,0,0,0,8,0,0,0,0
zc,TA209,2012-06-01 09:00:28.097,7746.0000,641360,-36,0.0000,162.0000,63,99,空平,B,7744.0000,0.0000,0.0000,0.0000,0.0000,7746.0000,0.0000,0.0000,0.0000,0.0000,226,0,0,0,0,17,0,0,0,0
zc,TA209,2012-06-01 09:00:28.610,7746.0000,641338,-22,0.0000,80.0000,29,51,空平,B,7746.0000,0.0000,0.0000,0.0000,0.0000,7748.0000,0.0000,0.0000,0.0000,0.0000,28,0,0,0,0,167,0,0,0,0
zc,TA209,2012-06-01 09:00:29.347,7748.0000,641144,-194,0.0000,370.0000,88,282,空平,B,7748.0000,0.0000,0.0000,0.0000,0.0000,7750.0000,0.0000,0.0000,0.0000,0.0000,135,0,0,0,0,133,0,0,0,0
zc,TA209,2012-06-01 09:00:29.830,7748.0000,641078,-66,0.0000,136.0000,35,101,空平,B,7748.0000,0.0000,0.0000,0.0000,0.0000,7750.0000,0.0000,0.0000,0.0000,0.0000,87,0,0,0,0,122,0,0,0,0
zc,TA209,2012-06-01 09:00:30.597,7748.0000,641030,-48,0.0000,58.0000,5,53,空平,B,7748.0000,0.0000,0.0000,0.0000,0.0000,7750.0000,0.0000,0.0000,0.0000,0.0000,118,0,0,0,0,117,0,0,0,0
zc,TA209,2012-06-01 09:00:31.080,7748.0000,641000,-30,0.0000,90.0000,30,60,空平,B,7748.0000,0.0000,0.0000,0.0000,0.0000,7750.0000,0.0000,0.0000,0.0000,0.0000,140,0,0,0,0,104,0,0,0,0
zc,TA209,2012-06-01 09:00:31.813,7750.0000,640974,-26,0.0000,144.0000,59,85,空平,B,7748.0000,0.0000,0.0000,0.0000,0.0000,7750.0000,0.0000,0.0000,0.0000,0.0000,139,0,0,0,0,71,0,0,0,0
zc,TA209,2012-06-01 09:00:32.360,7750.0000,640932,-42,0.0000,150.0000,54,96,空平,B,7750.0000,0.0000,0.0000,0.0000,0.0000,7752.0000,0.0000,0.0000,0.0000,0.0000,1,0,0,0,0,17,0,0,0,0
zc,TA209,2012-06-01 09:00:33.110,7750.0000,641056,124,0.0000,678.0000,401,277,多开,B,7750.0000,0.0000,0.0000,0.0000,0.0000,7752.0000,0.0000,0.0000,0.0000,0.0000,2,0,0,0,0,67,0,0,0,0
zc,TA209,2012-06-01 09:00:33.847,7752.0000,640912,-144,0.0000,250.0000,53,197,空平,B,7748.0000,0.0000,0.0000,0.0000,0.0000,7750.0000,0.0000,0.0000,0.0000,0.0000,10,0,0,0,0,1,0,0,0,0
zc,TA209,2012-06-01 09:00:34.347,7748.0000,640684,-228,0.0000,290.0000,31,259,多平,S,7748.0000,0.0000,0.0000,0.0000,0.0000,7750.0000,0.0000,0.0000,0.0000,0.0000,6,0,0,0,0,16,0,0,0,0
zc,TA209,2012-06-01 09:00:35.080,7750.0000,640626,-58,0.0000,256.0000,99,157,空平,B,7746.0000,0.0000,0.0000,0.0000,0.0000,7750.0000,0.0000,0.0000,0.0000,0.0000,554,0,0,0,0,54,0,0,0,0
zc,TA209,2012-06-01 09:00:35.597,7750.0000,640582,-44,0.0000,56.0000,6,50,空平,B,7746.0000,0.0000,0.0000,0.0000,0.0000,7750.0000,0.0000,0.0000,0.0000,0.0000,547,0,0,0,0,47,0,0,0,0
zc,TA209,2012-06-01 09:00:36.313,7746.0000,640520,-62,0.0000,162.0000,50,112,多平,S,7746.0000,0.0000,0.0000,0.0000,0.0000,7750.0000,0.0000,0.0000,0.0000,0.0000,541,0,0,0,0,44,0,0,0,0
zc,TA209,2012-06-01 09:00:36.580,7750.0000,640458,-62,0.0000,92.0000,15,77,空平,B,7748.0000,0.0000,0.0000,0.0000,0.0000,7750.0000,0.0000,0.0000,0.0000,0.0000,62,0,0,0,0,95,0,0,0,0
zc,TA209,2012-06-01 09:00:37.360,7750.0000,640542,84,0.0000,254.0000,169,85,多开,B,7746.0000,0.0000,0.0000,0.0000,0.0000,7750.0000,0.0000,0.0000,0.0000,0.0000,494,0,0,0,0,192,0,0,0,0
zc,TA209,2012-06-01 09:00:37.830,7746.0000,640350,-192,0.0000,602.0000,205,397,多平,S,7746.0000,0.0000,0.0000,0.0000,0.0000,7750.0000,0.0000,0.0000,0.0000,0.0000,421,0,0,0,0,45,0,0,0,0
zc,TA209,2012-06-01 09:00:38.563,7748.0000,640264,-86,0.0000,112.0000,13,99,空平,B,7748.0000,0.0000,0.0000,0.0000,0.0000,7750.0000,0.0000,0.0000,0.0000,0.0000,7,0,0,0,0,115,0,0,0,0
zc,TA209,2012-06-01 09:00:39.080,7750.0000,640080,-184,0.0000,218.0000,17,201,空平,B,7746.0000,0.0000,0.0000,0.0000,0.0000,7750.0000,0.0000,0.0000,0.0000,0.0000,387,0,0,0,0,139,0,0,0,0
zc,TA209,2012-06-01 09:00:39.610,7746.0000,640058,-22,0.0000,42.0000,10,32,多平,S,7746.0000,0.0000,0.0000,0.0000,0.0000,7748.0000,0.0000,0.0000,0.0000,0.0000,410,0,0,0,0,6,0,0,0,0
zc,TA209,2012-06-01 09:00:40.330,7746.0000,639980,-78,0.0000,670.0000,296,374,多平,S,7746.0000,0.0000,0.0000,0.0000,0.0000,7748.0000,0.0000,0.0000,0.0000,0.0000,175,0,0,0,0,1,0,0,0,0
zc,TA209,2012-06-01 09:00:41.063,7746.0000,639970,-10,0.0000,32.0000,11,21,多平,S,7748.0000,0.0000,0.0000,0.0000,0.0000,7750.0000,0.0000,0.0000,0.0000,0.0000,5,0,0,0,0,87,0,0,0,0
zc,TA209,2012-06-01 09:00:41.610,7750.0000,639870,-100,0.0000,146.0000,23,123,空平,B,7746.0000,0.0000,0.0000,0.0000,0.0000,7748.0000,0.0000,0.0000,0.0000,0.0000,194,0,0,0,0,1,0,0,0,0
zc,TA209,2012-06-01 09:00:42.127,7750.0000,639834,-36,0.0000,72.0000,18,54,空平,B,7748.0000,0.0000,0.0000,0.0000,0.0000,7750.0000,0.0000,0.0000,0.0000,0.0000,27,0,0,0,0,87,0,0,0,0
zc,TA209,2012-06-01 09:00:42.813,7748.0000,639812,-22,0.0000,24.0000,1,23,多平,S,7748.0000,0.0000,0.0000,0.0000,0.0000,7750.0000,0.0000,0.0000,0.0000,0.0000,124,0,0,0,0,91,0,0,0,0
zc,TA209,2012-06-01 09:00:43.360,7748.0000,639674,-138,0.0000,208.0000,35,173,多平,S,7748.0000,0.0000,0.0000,0.0000,0.0000,7750.0000,0.0000,0.0000,0.0000,0.0000,103,0,0,0,0,21,0,0,0,0
zc,TA209,2012-06-01 09:00:44.063,7748.0000,639676,2,0.0000,110.0000,56,54,空开,S,7748.0000,0.0000,0.0000,0.0000,0.0000,7750.0000,0.0000,0.0000,0.0000,0.0000,76,0,0,0,0,5,0,0,0,0
zc,TA209,2012-06-01 09:00:44.580,7748.0000,639582,-94,0.0000,128.0000,17,111,多平,S,7750.0000,0.0000,0.0000,0.0000,0.0000,7752.0000,0.0000,0.0000,0.0000,0.0000,4,0,0,0,0,130,0,0,0,0
zc,TA209,2012-06-01 09:00:45.360,7750.0000,639464,-118,0.0000,296.0000,89,207,空平,B,7746.0000,0.0000,0.0000,0.0000,0.0000,7750.0000,0.0000,0.0000,0.0000,0.0000,205,0,0,0,0,4,0,0,0,0
zc,TA209,2012-06-01 09:00:45.597,7752.0000,639460,-4,0.0000,22.0000,9,13,空平,B,7750.0000,0.0000,0.0000,0.0000,0.0000,7752.0000,0.0000,0.0000,0.0000,0.0000,39,0,0,0,0,138,0,0,0,0
zc,TA209,2012-06-01 09:00:46.330,7752.0000,639258,-202,0.0000,318.0000,58,260,空平,B,7748.0000,0.0000,0.0000,0.0000,0.0000,7752.0000,0.0000,0.0000,0.0000,0.0000,94,0,0,0,0,309,0,0,0,0
zc,TA209,2012-06-01 09:00:46.813,7752.0000,639052,-206,0.0000,256.0000,25,231,空平,B,7748.0000,0.0000,0.0000,0.0000,0.0000,7752.0000,0.0000,0.0000,0.0000,0.0000,14,0,0,0,0,294,0,0,0,0
zc,TA209,2012-06-01 09:00:47.580,7748.0000,639032,-20,0.0000,146.0000,63,83,多平,S,7746.0000,0.0000,0.0000,0.0000,0.0000,7748.0000,0.0000,0.0000,0.0000,0.0000,206,0,0,0,0,1047,0,0,0,0
zc,TA209,2012-06-01 09:00:48.267,7748.0000,638996,-36,0.0000,52.0000,8,44,多平,S,7746.0000,0.0000,0.0000,0.0000,0.0000,7748.0000,0.0000,0.0000,0.0000,0.0000,217,0,0,0,0,1121,0,0,0,0
zc,TA209,2012-06-01 09:00:48.860,7746.0000,638942,-54,0.0000,612.0000,279,333,多平,S,7744.0000,0.0000,0.0000,0.0000,0.0000,7746.0000,0.0000,0.0000,0.0000,0.0000,121,0,0,0,0,111,0,0,0,0
zc,TA209,2012-06-01 09:00:49.563,7746.0000,639080,138,0.0000,226.0000,182,44,空开,S,7744.0000,0.0000,0.0000,0.0000,0.0000,7746.0000,0.0000,0.0000,0.0000,0.0000,23,0,0,0,0,149,0,0,0,0
zc,TA209,2012-06-01 09:00:50.063,7746.0000,639194,114,0.0000,134.0000,124,10,空开,S,7744.0000,0.0000,0.0000,0.0000,0.0000,7746.0000,0.0000,0.0000,0.0000,0.0000,22,0,0,0,0,152,0,0,0,0
zc,TA209,2012-06-01 09:00:50.847,7742.0000,639204,10,0.0000,74.0000,42,32,空开,S,7742.0000,0.0000,0.0000,0.0000,0.0000,7744.0000,0.0000,0.0000,0.0000,0.0000,184,0,0,0,0,17,0,0,0,0
zc,TA209,2012-06-01 09:00:51.110,7744.0000,639206,2,0.0000,46.0000,24,22,多开,B,7742.0000,0.0000,0.0000,0.0000,0.0000,7744.0000,0.0000,0.0000,0.0000,0.0000,183,0,0,0,0,191,0,0,0,0
zc,TA209,2012-06-01 09:00:51.830,7744.0000,639220,14,0.0000,14.0000,14,0,双开,B,7742.0000,0.0000,0.0000,0.0000,0.0000,7744.0000,0.0000,0.0000,0.0000,0.0000,179,0,0,0,0,196,0,0,0,0
zc,TA209,2012-06-01 09:00:52.347,7744.0000,639232,12,0.0000,26.0000,19,7,多开,B,7742.0000,0.0000,0.0000,0.0000,0.0000,7744.0000,0.0000,0.0000,0.0000,0.0000,177,0,0,0,0,185,0,0,0,0
zc,TA209,2012-06-01 09:00:53.033,7742.0000,639230,-2,0.0000,52.0000,25,27,多平,S,7742.0000,0.0000,0.0000,0.0000,0.0000,7744.0000,0.0000,0.0000,0.0000,0.0000,164,0,0,0,0,162,0,0,0,0
zc,TA209,2012-06-01 09:00:53.580,7742.0000,639072,-158,0.0000,236.0000,39,197,多平,S,7742.0000,0.0000,0.0000,0.0000,0.0000,7744.0000,0.0000,0.0000,0.0000,0.0000,68,0,0,0,0,141,0,0,0,0
zc,TA209,2012-06-01 09:00:54.047,7744.0000,639066,-6,0.0000,54.0000,24,30,空平,B,7742.0000,0.0000,0.0000,0.0000,0.0000,7744.0000,0.0000,0.0000,0.0000,0.0000,49,0,0,0,0,123,0,0,0,0
zc,TA209,2012-06-01 09:00:54.797,7742.0000,639072,6,0.0000,54.0000,30,24,空开,S,7742.0000,0.0000,0.0000,0.0000,0.0000,7744.0000,0.0000,0.0000,0.0000,0.0000,32,0,0,0,0,114,0,0,0,0
zc,TA209,2012-06-01 09:00:55.347,7744.0000,639016,-56,0.0000,102.0000,23,79,空平,B,7742.0000,0.0000,0.0000,0.0000,0.0000,7744.0000,0.0000,0.0000,0.0000,0.0000,10,0,0,0,0,90,0,0,0,0
zc,TA209,2012-06-01 09:00:56.127,7744.0000,638992,-24,0.0000,146.0000,61,85,空平,B,7740.0000,0.0000,0.0000,0.0000,0.0000,7742.0000,0.0000,0.0000,0.0000,0.0000,116,0,0,0,0,1,0,0,0,0
zc,TA209,2012-06-01 09:00:56.610,7742.0000,638986,-6,0.0000,10.0000,2,8,多平,S,7742.0000,0.0000,0.0000,0.0000,0.0000,7744.0000,0.0000,0.0000,0.0000,0.0000,89,0,0,0,0,82,0,0,0,0
zc,TA209,2012-06-01 09:00:57.313,7744.0000,638970,-16,0.0000,80.0000,32,48,空平,B,7742.0000,0.0000,0.0000,0.0000,0.0000,7744.0000,0.0000,0.0000,0.0000,0.0000,94,0,0,0,0,62,0,0,0,0
zc,TA209,2012-06-01 09:00:57.797,7742.0000,638932,-38,0.0000,54.0000,8,46,多平,S,7742.0000,0.0000,0.0000,0.0000,0.0000,7744.0000,0.0000,0.0000,0.0000,0.0000,77,0,0,0,0,64,0,0,0,0
zc,TA209,2012-06-01 09:00:58.330,7742.0000,638810,-122,0.0000,178.0000,28,150,多平,S,7740.0000,0.0000,0.0000,0.0000,0.0000,7742.0000,0.0000,0.0000,0.0000,0.0000,264,0,0,0,0,187,0,0,0,0
zc,TA209,2012-06-01 09:00:58.830,7742.0000,639124,314,0.0000,402.0000,358,44,空开,S,7742.0000,0.0000,0.0000,0.0000,0.0000,7744.0000,0.0000,0.0000,0.0000,0.0000,33,0,0,0,0,123,0,0,0,0
zc,TA209,2012-06-01 09:00:59.797,7744.0000,639118,-6,0.0000,80.0000,37,43,空平,B,7742.0000,0.0000,0.0000,0.0000,0.0000,7744.0000,0.0000,0.0000,0.0000,0.0000,22,0,0,0,0,98,0,0,0,0
zc,TA209,2012-06-01 09:01:00.313,7740.0000,639154,36,0.0000,52.0000,44,8,空开,S,7740.0000,0.0000,0.0000,0.0000,0.0000,7742.0000,0.0000,0.0000,0.0000,0.0000,278,0,0,0,0,25,0,0,0,0
zc,TA209,2012-06-01 09:01:01.063,7742.0000,639164,10,0.0000,24.0000,17,7,多开,B,7740.0000,0.0000,0.0000,0.0000,0.0000,7742.0000,0.0000,0.0000,0.0000,0.0000,300,0,0,0,0,68,0,0,0,0
zc,TA209,2012-06-01 09:01:01.627,7742.0000,639168,4,0.0000,4.0000,4,0,双开,B,7740.0000,0.0000,0.0000,0.0000,0.0000,7742.0000,0.0000,0.0000,0.0000,0.0000,307,0,0,0,0,70,0,0,0,0
zc,TA209,2012-06-01 09:01:02.297,7742.0000,639128,-40,0.0000,496.0000,228,268,空平,B,7740.0000,0.0000,0.0000,0.0000,0.0000,7742.0000,0.0000,0.0000,0.0000,0.0000,112,0,0,0,0,25,0,0,0,0
zc,TA209,2012-06-01 09:01:02.860,7744.0000,638986,-142,0.0000,420.0000,139,281,空平,B,7744.0000,0.0000,0.0000,0.0000,0.0000,7746.0000,0.0000,0.0000,0.0000,0.0000,325,0,0,0,0,159,0,0,0,0
zc,TA209,2012-06-01 09:01:03.597,7744.0000,638952,-34,0.0000,130.0000,48,82,空平,B,7744.0000,0.0000,0.0000,0.0000,0.0000,7746.0000,0.0000,0.0000,0.0000,0.0000,262,0,0,0,0,60,0,0,0,0
zc,TA209,2012-06-01 09:01:04.080,7746.0000,638544,-408,0.0000,480.0000,36,444,空平,B,7744.0000,0.0000,0.0000,0.0000,0.0000,7746.0000,0.0000,0.0000,0.0000,0.0000,28,0,0,0,0,54,0,0,0,0
zc,TA209,2012-06-01 09:01:04.847,7744.0000,638508,-36,0.0000,58.0000,11,47,多平,S,7742.0000,0.0000,0.0000,0.0000,0.0000,7744.0000,0.0000,0.0000,0.0000,0.0000,51,0,0,0,0,288,0,0,0,0
zc,TA209,2012-06-01 09:01:05.297,7742.0000,638510,2,0.0000,24.0000,13,11,空开,S,7742.0000,0.0000,0.0000,0.0000,0.0000,7744.0000,0.0000,0.0000,0.0000,0.0000,61,0,0,0,0,288,0,0,0,0
zc,TA209,2012-06-01 09:01:06.033,7744.0000,638518,8,0.0000,22.0000,15,7,多开,B,7742.0000,0.0000,0.0000,0.0000,0.0000,7744.0000,0.0000,0.0000,0.0000,0.0000,94,0,0,0,0,281,0,0,0,0
zc,TA209,2012-06-01 09:01:06.597,7744.0000,638514,-4,0.0000,38.0000,17,21,空平,B,7742.0000,0.0000,0.0000,0.0000,0.0000,7744.0000,0.0000,0.0000,0.0000,0.0000,139,0,0,0,0,284,0,0,0,0
zc,TA209,2012-06-01 09:01:07.347,7744.0000,638522,8,0.0000,46.0000,27,19,多开,B,7742.0000,0.0000,0.0000,0.0000,0.0000,7744.0000,0.0000,0.0000,0.0000,0.0000,131,0,0,0,0,201,0,0,0,0
zc,TA209,2012-06-01 09:01:07.860,7742.0000,638416,-106,0.0000,294.0000,94,200,多平,S,7742.0000,0.0000,0.0000,0.0000,0.0000,7744.0000,0.0000,0.0000,0.0000,0.0000,99,0,0,0,0,135,0,0,0,0
zc,TA209,2012-06-01 09:01:08.580,7744.0000,638358,-58,0.0000,188.0000,65,123,空平,B,7742.0000,0.0000,0.0000,0.0000,0.0000,7744.0000,0.0000,0.0000,0.0000,0.0000,75,0,0,0,0,74,0,0,0,0
zc,TA209,2012-06-01 09:01:09.110,7744.0000,638238,-120,0.0000,292.0000,86,206,空平,B,7742.0000,0.0000,0.0000,0.0000,0.0000,7744.0000,0.0000,0.0000,0.0000,0.0000,54,0,0,0,0,36,0,0,0,0
zc,TA209,2012-06-01 09:01:09.830,7744.0000,638240,2,0.0000,60.0000,31,29,多开,B,7742.0000,0.0000,0.0000,0.0000,0.0000,7744.0000,0.0000,0.0000,0.0000,0.0000,41,0,0,0,0,33,0,0,0,0
zc,TA209,2012-06-01 09:01:10.330,7744.0000,638282,42,0.0000,138.0000,90,48,多开,B,7744.0000,0.0000,0.0000,0.0000,0.0000,7746.0000,0.0000,0.0000,0.0000,0.0000,64,0,0,0,0,62,0,0,0,0
zc,TA209,2012-06-01 09:01:10.783,7744.0000,638304,22,0.0000,42.0000,32,10,多开,B,7744.0000,0.0000,0.0000,0.0000,0.0000,7746.0000,0.0000,0.0000,0.0000,0.0000,500,0,0,0,0,63,0,0,0,0
zc,TA209,2012-06-01 09:01:11.580,7746.0000,638306,2,0.0000,34.0000,18,16,多开,B,7744.0000,0.0000,0.0000,0.0000,0.0000,7746.0000,0.0000,0.0000,0.0000,0.0000,490,0,0,0,0,22,0,0,0,0
zc,TA209,2012-06-01 09:01:12.080,7746.0000,638342,36,0.0000,272.0000,154,118,多开,B,7746.0000,0.0000,0.0000,0.0000,0.0000,7748.0000,0.0000,0.0000,0.0000,0.0000,125,0,0,0,0,102,0,0,0,0
zc,TA209,2012-06-01 09:01:12.830,7746.0000,638346,4,0.0000,4.0000,4,0,双开,B,7746.0000,0.0000,0.0000,0.0000,0.0000,7748.0000,0.0000,0.0000,0.0000,0.0000,95,0,0,0,0,102,0,0,0,0
zc,TA209,2012-06-01 09:01:13.313,7748.0000,638292,-54,0.0000,192.0000,69,123,空平,B,7746.0000,0.0000,0.0000,0.0000,0.0000,7748.0000,0.0000,0.0000,0.0000,0.0000,77,0,0,0,0,47,0,0,0,0
zc,TA209,2012-06-01 09:01:13.813,7748.0000,638292,0,0.0000,0.0000,0,0,多换,B,7746.0000,0.0000,0.0000,0.0000,0.0000,7748.0000,0.0000,0.0000,0.0000,0.0000,107,0,0,0,0,56,0,0,0,0
zc,TA209,2012-06-01 09:01:14.360,7748.0000,638254,-38,0.0000,116.0000,39,77,空平,B,7748.0000,0.0000,0.0000,0.0000,0.0000,7750.0000,0.0000,0.0000,0.0000,0.0000,19,0,0,0,0,267,0,0,0,0
zc,TA209,2012-06-01 09:01:15.063,7748.0000,638342,88,0.0000,138.0000,113,25,多开,B,7748.0000,0.0000,0.0000,0.0000,0.0000,7750.0000,0.0000,0.0000,0.0000,0.0000,99,0,0,0,0,266,0,0,0,0
zc,TA209,2012-06-01 09:01:15.813,7748.0000,638492,150,0.0000,212.0000,181,31,多开,B,7748.0000,0.0000,0.0000,0.0000,0.0000,7750.0000,0.0000,0.0000,0.0000,0.0000,18,0,0,0,0,264,0,0,0,0
zc,TA209,2012-06-01 09:01:16.330,7748.0000,638488,-4,0.0000,34.0000,15,19,空平,B,7748.0000,0.0000,0.0000,0.0000,0.0000,7750.0000,0.0000,0.0000,0.0000,0.0000,10,0,0,0,0,258,0,0,0,0
zc,TA209,2012-06-01 09:01:17.097,7750.0000,638476,-12,0.0000,62.0000,25,37,空平,B,7748.0000,0.0000,0.0000,0.0000,0.0000,7750.0000,0.0000,0.0000,0.0000,0.0000,1,0,0,0,0,236,0,0,0,0
zc,TA209,2012-06-01 09:01:17.330,7750.0000,638466,-10,0.0000,36.0000,13,23,空平,B,7748.0000,0.0000,0.0000,0.0000,0.0000,7750.0000,0.0000,0.0000,0.0000,0.0000,10,0,0,0,0,222,0,0,0,0
zc,TA209,2012-06-01 09:01:18.080,7748.0000,638450,-16,0.0000,28.0000,6,22,多平,S,7748.0000,0.0000,0.0000,0.0000,0.0000,7750.0000,0.0000,0.0000,0.0000,0.0000,39,0,0,0,0,216,0,0,0,0
zc,TA209,2012-06-01 09:01:18.580,7748.0000,638508,58,0.0000,104.0000,81,23,空开,S,7748.0000,0.0000,0.0000,0.0000,0.0000,7750.0000,0.0000,0.0000,0.0000,0.0000,1,0,0,0,0,205,0,0,0,0
zc,TA209,2012-06-01 09:01:19.330,7750.0000,638506,-2,0.0000,54.0000,26,28,空平,B,7748.0000,0.0000,0.0000,0.0000,0.0000,7750.0000,0.0000,0.0000,0.0000,0.0000,4,0,0,0,0,222,0,0,0,0
zc,TA209,2012-06-01 09:01:19.847,7744.0000,638974,468,0.0000,1880.0000,1174,706,空开,S,7742.0000,0.0000,0.0000,0.0000,0.0000,7744.0000,0.0000,0.0000,0.0000,0.0000,65,0,0,0,0,149,0,0,0,0
zc,TA209,2012-06-01 09:01:20.347,7748.0000,638794,-180,0.0000,584.0000,202,382,空平,B,7746.0000,0.0000,0.0000,0.0000,0.0000,7748.0000,0.0000,0.0000,0.0000,0.0000,5,0,0,0,0,33,0,0,0,0
zc,TA209,2012-06-01 09:01:21.080,7750.0000,638810,16,0.0000,76.0000,46,30,多开,B,7746.0000,0.0000,0.0000,0.0000,0.0000,7748.0000,0.0000,0.0000,0.0000,0.0000,10,0,0,0,0,1,0,0,0,0
zc,TA209,2012-06-01 09:01:21.547,7750.0000,638800,-10,0.0000,12.0000,1,11,空平,B,7746.0000,0.0000,0.0000,0.0000,0.0000,7748.0000,0.0000,0.0000,0.0000,0.0000,9,0,0,0,0,21,0,0,0,0
zc,TA209,2012-06-01 09:01:22.347,7746.0000,638788,-12,0.0000,16.0000,2,14,多平,S,7746.0000,0.0000,0.0000,0.0000,0.0000,7748.0000,0.0000,0.0000,0.0000,0.0000,7,0,0,0,0,71,0,0,0,0
zc,TA209,2012-06-01 09:01:22.797,7746.0000,638790,2,0.0000,16.0000,9,7,空开,S,7744.0000,0.0000,0.0000,0.0000,0.0000,7746.0000,0.0000,0.0000,0.0000,0.0000,66,0,0,0,0,111,0,0,0,0
zc,TA209,2012-06-01 09:01:23.347,7746.0000,638792,2,0.0000,20.0000,11,9,空开,S,7744.0000,0.0000,0.0000,0.0000,0.0000,7746.0000,0.0000,0.0000,0.0000,0.0000,92,0,0,0,0,118,0,0,0,0
zc,TA209,2012-06-01 09:01:23.860,7746.0000,638792,0,0.0000,104.0000,52,52,空换,S,7744.0000,0.0000,0.0000,0.0000,0.0000,7746.0000,0.0000,0.0000,0.0000,0.0000,95,0,0,0,0,76,0,0,0,0
zc,TA209,2012-06-01 09:01:24.597,7746.0000,638842,50,0.0000,76.0000,63,13,空开,S,7744.0000,0.0000,0.0000,0.0000,0.0000,7746.0000,0.0000,0.0000,0.0000,0.0000,102,0,0,0,0,54,0,0,0,0
zc,TA209,2012-06-01 09:01:25.063,7746.0000,638894,52,0.0000,86.0000,69,17,空开,S,7744.0000,0.0000,0.0000,0.0000,0.0000,7746.0000,0.0000,0.0000,0.0000,0.0000,108,0,0,0,0,13,0,0,0,0
zc,TA209,2012-06-01 09:01:25.813,7746.0000,638894,0,0.0000,10.0000,5,5,空换,S,7744.0000,0.0000,0.0000,0.0000,0.0000,7746.0000,0.0000,0.0000,0.0000,0.0000,107,0,0,0,0,10,0,0,0,0
zc,TA209,2012-06-01 09:01:26.330,7748.0000,638394,-500,0.0000,780.0000,140,640,空平,B,7748.0000,0.0000,0.0000,0.0000,0.0000,7750.0000,0.0000,0.0000,0.0000,0.0000,571,0,0,0,0,133,0,0,0,0
zc,TA209,2012-06-01 09:01:27.080,7750.0000,638470,76,0.0000,76.0000,76,0,双开,B,7748.0000,0.0000,0.0000,0.0000,0.0000,7750.0000,0.0000,0.0000,0.0000,0.0000,571,0,0,0,0,95,0,0,0,0
zc,TA209,2012-06-01 09:01:27.563,7750.0000,638662,192,0.0000,220.0000,206,14,多开,B,7748.0000,0.0000,0.0000,0.0000,0.0000,7752.0000,0.0000,0.0000,0.0000,0.0000,571,0,0,0,0,680,0,0,0,0
zc,TA209,2012-06-01 09:01:28.393,7750.0000,638584,-78,0.0000,172.0000,47,125,空平,B,7750.0000,0.0000,0.0000,0.0000,0.0000,7752.0000,0.0000,0.0000,0.0000,0.0000,474,0,0,0,0,681,0,0,0,0
zc,TA209,2012-06-01 09:01:28.813,7750.0000,638308,-276,0.0000,276.0000,0,276,双平,B,7750.0000,0.0000,0.0000,0.0000,0.0000,7752.0000,0.0000,0.0000,0.0000,0.0000,346,0,0,0,0,746,0,0,0,0
zc,TA209,2012-06-01 09:01:29.297,7750.0000,638198,-110,0.0000,136.0000,13,123,空平,B,7750.0000,0.0000,0.0000,0.0000,0.0000,7752.0000,0.0000,0.0000,0.0000,0.0000,344,0,0,0,0,681,0,0,0,0
zc,TA209,2012-06-01 09:01:30.063,7750.0000,638172,-26,0.0000,56.0000,15,41,空平,B,7750.0000,0.0000,0.0000,0.0000,0.0000,7752.0000,0.0000,0.0000,0.0000,0.0000,324,0,0,0,0,675,0,0,0,0
zc,TA209,2012-06-01 09:01:30.547,7752.0000,638178,6,0.0000,234.0000,120,114,多开,B,7750.0000,0.0000,0.0000,0.0000,0.0000,7752.0000,0.0000,0.0000,0.0000,0.0000,211,0,0,0,0,673,0,0,0,0
zc,TA209,2012-06-01 09:01:31.033,7752.0000,638136,-42,0.0000,116.0000,37,79,空平,B,7750.0000,0.0000,0.0000,0.0000,0.0000,7752.0000,0.0000,0.0000,0.0000,0.0000,206,0,0,0,0,622,0,0,0,0
zc,TA209,2012-06-01 09:01:31.597,7752.0000,638106,-30,0.0000,162.0000,66,96,空平,B,7750.0000,0.0000,0.0000,0.0000,0.0000,7752.0000,0.0000,0.0000,0.0000,0.0000,196,0,0,0,0,568,0,0,0,0
zc,TA209,2012-06-01 09:01:32.283,7750.0000,637642,-464,0.0000,550.0000,43,507,多平,S,7750.0000,0.0000,0.0000,0.0000,0.0000,7752.0000,0.0000,0.0000,0.0000,0.0000,176,0,0,0,0,314,0,0,0,0
zc,TA209,2012-06-01 09:01:32.830,7752.0000,637650,8,0.0000,86.0000,47,39,多开,B,7750.0000,0.0000,0.0000,0.0000,0.0000,7752.0000,0.0000,0.0000,0.0000,0.0000,172,0,0,0,0,275,0,0,0,0
zc,TA209,2012-06-01 09:01:33.547,7750.0000,637646,-4,0.0000,32.0000,14,18,多平,S,7750.0000,0.0000,0.0000,0.0000,0.0000,7752.0000,0.0000,0.0000,0.0000,0.0000,169,0,0,0,0,262,0,0,0,0
zc,TA209,2012-06-01 09:01:34.063,7750.0000,637658,12,0.0000,64.0000,38,26,空开,S,7750.0000,0.0000,0.0000,0.0000,0.0000,7752.0000,0.0000,0.0000,0.0000,0.0000,160,0,0,0,0,246,0,0,0,0
zc,TA209,2012-06-01 09:01:34.580,7750.0000,637710,52,0.0000,58.0000,55,3,空开,S,7750.0000,0.0000,0.0000,0.0000,0.0000,7752.0000,0.0000,0.0000,0.0000,0.0000,163,0,0,0,0,218,0,0,0,0
zc,TA209,2012-06-01 09:01:35.250,7750.0000,637748,38,0.0000,88.0000,63,25,空开,S,7750.0000,0.0000,0.0000,0.0000,0.0000,7752.0000,0.0000,0.0000,0.0000,0.0000,164,0,0,0,0,177,0,0,0,0
zc,TA209,2012-06-01 09:01:35.797,7750.0000,637928,180,0.0000,392.0000,286,106,空开,S,7748.0000,0.0000,0.0000,0.0000,0.0000,7750.0000,0.0000,0.0000,0.0000,0.0000,646,0,0,0,0,468,0,0,0,0
zc,TA209,2012-06-01 09:01:36.533,7750.0000,637908,-20,0.0000,78.0000,29,49,多平,S,7748.0000,0.0000,0.0000,0.0000,0.0000,7750.0000,0.0000,0.0000,0.0000,0.0000,631,0,0,0,0,537,0,0,0,0
zc,TA209,2012-06-01 09:01:36.783,7750.0000,637920,12,0.0000,34.0000,23,11,空开,S,7748.0000,0.0000,0.0000,0.0000,0.0000,7750.0000,0.0000,0.0000,0.0000,0.0000,630,0,0,0,0,522,0,0,0,0
zc,TA209,2012-06-01 09:01:37.517,7748.0000,637982,62,0.0000,74.0000,68,6,空开,S,7748.0000,0.0000,0.0000,0.0000,0.0000,7750.0000,0.0000,0.0000,0.0000,0.0000,630,0,0,0,0,506,0,0,0,0
zc,TA209,2012-06-01 09:01:38.033,7750.0000,637992,10,0.0000,138.0000,74,64,多开,B,7748.0000,0.0000,0.0000,0.0000,0.0000,7750.0000,0.0000,0.0000,0.0000,0.0000,573,0,0,0,0,502,0,0,0,0
zc,TA209,2012-06-01 09:01:38.813,7750.0000,638024,32,0.0000,56.0000,44,12,多开,B,7748.0000,0.0000,0.0000,0.0000,0.0000,7750.0000,0.0000,0.0000,0.0000,0.0000,576,0,0,0,0,590,0,0,0,0
zc,TA209,2012-06-01 09:01:39.297,7750.0000,638108,84,0.0000,128.0000,106,22,多开,B,7748.0000,0.0000,0.0000,0.0000,0.0000,7750.0000,0.0000,0.0000,0.0000,0.0000,577,0,0,0,0,528,0,0,0,0
zc,TA209,2012-06-01 09:01:40.017,7750.0000,638122,14,0.0000,38.0000,26,12,多开,B,7748.0000,0.0000,0.0000,0.0000,0.0000,7750.0000,0.0000,0.0000,0.0000,0.0000,576,0,0,0,0,511,0,0,0,0
zc,TA209,2012-06-01 09:01:40.767,7748.0000,638088,-34,0.0000,248.0000,107,141,多平,S,7748.0000,0.0000,0.0000,0.0000,0.0000,7750.0000,0.0000,0.0000,0.0000,0.0000,555,0,0,0,0,411,0,0,0,0
zc,TA209,2012-06-01 09:01:41.033,7750.0000,638074,-14,0.0000,106.0000,46,60,空平,B,7748.0000,0.0000,0.0000,0.0000,0.0000,7750.0000,0.0000,0.0000,0.0000,0.0000,546,0,0,0,0,369,0,0,0,0
zc,TA209,2012-06-01 09:01:41.767,7750.0000,638080,6,0.0000,402.0000,204,198,多开,B,7748.0000,0.0000,0.0000,0.0000,0.0000,7750.0000,0.0000,0.0000,0.0000,0.0000,534,0,0,0,0,180,0,0,0,0
zc,TA209,2012-06-01 09:01:42.297,7750.0000,638072,-8,0.0000,88.0000,40,48,空平,B,7748.0000,0.0000,0.0000,0.0000,0.0000,7750.0000,0.0000,0.0000,0.0000,0.0000,519,0,0,0,0,151,0,0,0,0
zc,TA209,2012-06-01 09:01:43.047,7750.0000,638136,64,0.0000,90.0000,77,13,多开,B,7748.0000,0.0000,0.0000,0.0000,0.0000,7750.0000,0.0000,0.0000,0.0000,0.0000,520,0,0,0,0,109,0,0,0,0
zc,TA209,2012-06-01 09:01:43.597,7750.0000,638106,-30,0.0000,248.0000,109,139,空平,B,7748.0000,0.0000,0.0000,0.0000,0.0000,7750.0000,0.0000,0.0000,0.0000,0.0000,471,0,0,0,0,46,0,0,0,0
zc,TA209,2012-06-01 09:01:44.267,7750.0000,638090,-16,0.0000,52.0000,18,34,空平,B,7748.0000,0.0000,0.0000,0.0000,0.0000,7750.0000,0.0000,0.0000,0.0000,0.0000,463,0,0,0,0,73,0,0,0,0
zc,TA209,2012-06-01 09:01:44.813,7750.0000,637970,-120,0.0000,346.0000,113,233,空平,B,7750.0000,0.0000,0.0000,0.0000,0.0000,7752.0000,0.0000,0.0000,0.0000,0.0000,33,0,0,0,0,287,0,0,0,0
zc,TA209,2012-06-01 09:01:45.517,7750.0000,637968,-2,0.0000,26.0000,12,14,空平,B,7750.0000,0.0000,0.0000,0.0000,0.0000,7752.0000,0.0000,0.0000,0.0000,0.0000,51,0,0,0,0,282,0,0,0,0
zc,TA209,2012-06-01 09:01:46.063,7750.0000,638010,42,0.0000,104.0000,73,31,多开,B,7750.0000,0.0000,0.0000,0.0000,0.0000,7752.0000,0.0000,0.0000,0.0000,0.0000,52,0,0,0,0,255,0,0,0,0
zc,TA209,2012-06-01 09:01:46.797,7744.0000,638534,524,0.0000,1046.0000,785,261,空开,S,7744.0000,0.0000,0.0000,0.0000,0.0000,7752.0000,0.0000,0.0000,0.0000,0.0000,79,0,0,0,0,255,0,0,0,0
zc,TA209,2012-06-01 09:01:47.313,7740.0000,639068,534,0.0000,810.0000,672,138,空开,S,7738.0000,0.0000,0.0000,0.0000,0.0000,7740.0000,0.0000,0.0000,0.0000,0.0000,80,0,0,0,0,95,0,0,0,0
zc,TA209,2012-06-01 09:01:47.847,7740.0000,639120,52,0.0000,66.0000,59,7,空开,S,7738.0000,0.0000,0.0000,0.0000,0.0000,7740.0000,0.0000,0.0000,0.0000,0.0000,81,0,0,0,0,62,0,0,0,0
zc,TA209,2012-06-01 09:01:48.580,7744.0000,639256,136,0.0000,156.0000,146,10,多开,B,7742.0000,0.0000,0.0000,0.0000,0.0000,7748.0000,0.0000,0.0000,0.0000,0.0000,2,0,0,0,0,34,0,0,0,0
zc,TA209,2012-06-01 09:01:48.813,7744.0000,639328,72,0.0000,102.0000,87,15,多开,B,7744.0000,0.0000,0.0000,0.0000,0.0000,7750.0000,0.0000,0.0000,0.0000,0.0000,4,0,0,0,0,216,0,0,0,0
zc,TA209,2012-06-01 09:01:49.563,7748.0000,639338,10,0.0000,18.0000,14,4,多开,B,7744.0000,0.0000,0.0000,0.0000,0.0000,7746.0000,0.0000,0.0000,0.0000,0.0000,34,0,0,0,0,50,0,0,0,0
zc,TA209,2012-06-01 09:01:50.080,7744.0000,639348,10,0.0000,20.0000,15,5,空开,S,7744.0000,0.0000,0.0000,0.0000,0.0000,7746.0000,0.0000,0.0000,0.0000,0.0000,29,0,0,0,0,145,0,0,0,0
zc,TA209,2012-06-01 09:01:50.580,7744.0000,639348,0,0.0000,28.0000,14,14,空换,S,7744.0000,0.0000,0.0000,0.0000,0.0000,7746.0000,0.0000,0.0000,0.0000,0.0000,20,0,0,0,0,69,0,0,0,0
zc,TA209,2012-06-01 09:01:51.330,7746.0000,639368,20,0.0000,40.0000,30,10,多开,B,7740.0000,0.0000,0.0000,0.0000,0.0000,7746.0000,0.0000,0.0000,0.0000,0.0000,99,0,0,0,0,55,0,0,0,0
zc,TA209,2012-06-01 09:01:51.797,7746.0000,639364,-4,0.0000,18.0000,7,11,空平,B,7742.0000,0.0000,0.0000,0.0000,0.0000,7746.0000,0.0000,0.0000,0.0000,0.0000,1,0,0,0,0,52,0,0,0,0
zc,TA209,2012-06-01 09:01:52.580,7746.0000,639386,22,0.0000,44.0000,33,11,多开,B,7744.0000,0.0000,0.0000,0.0000,0.0000,7746.0000,0.0000,0.0000,0.0000,0.0000,2,0,0,0,0,35,0,0,0,0
zc,TA209,2012-06-01 09:01:52.847,7744.0000,639390,4,0.0000,4.0000,4,0,双开,S,7742.0000,0.0000,0.0000,0.0000,0.0000,7746.0000,0.0000,0.0000,0.0000,0.0000,7,0,0,0,0,36,0,0,0,0
zc,TA209,2012-06-01 09:01:53.783,7742.0000,639394,4,0.0000,4.0000,4,0,双开,S,7742.0000,0.0000,0.0000,0.0000,0.0000,7744.0000,0.0000,0.0000,0.0000,0.0000,6,0,0,0,0,25,0,0,0,0
zc,TA209,2012-06-01 09:01:54.047,7742.0000,639378,-16,0.0000,86.0000,35,51,多平,S,7742.0000,0.0000,0.0000,0.0000,0.0000,7744.0000,0.0000,0.0000,0.0000,0.0000,112,0,0,0,0,3,0,0,0,0
zc,TA209,2012-06-01 09:01:54.797,7744.0000,639374,-4,0.0000,22.0000,9,13,空平,B,7742.0000,0.0000,0.0000,0.0000,0.0000,7744.0000,0.0000,0.0000,0.0000,0.0000,112,0,0,0,0,55,0,0,0,0
zc,TA209,2012-06-01 09:01:55.297,7744.0000,639436,62,0.0000,76.0000,69,7,多开,B,7742.0000,0.0000,0.0000,0.0000,0.0000,7744.0000,0.0000,0.0000,0.0000,0.0000,91,0,0,0,0,48,0,0,0,0
zc,TA209,2012-06-01 09:01:55.847,7742.0000,639448,12,0.0000,12.0000,12,0,双开,S,7742.0000,0.0000,0.0000,0.0000,0.0000,7744.0000,0.0000,0.0000,0.0000,0.0000,85,0,0,0,0,48,0,0,0,0
zc,TA209,2012-06-01 09:01:56.533,7742.0000,639456,8,0.0000,8.0000,8,0,双开,S,7742.0000,0.0000,0.0000,0.0000,0.0000,7744.0000,0.0000,0.0000,0.0000,0.0000,82,0,0,0,0,54,0,0,0,0
zc,TA209,2012-06-01 09:01:57.047,7742.0000,639606,150,0.0000,156.0000,153,3,空开,S,7742.0000,0.0000,0.0000,0.0000,0.0000,7744.0000,0.0000,0.0000,0.0000,0.0000,31,0,0,0,0,29,0,0,0,0
zc,TA209,2012-06-01 09:01:57.813,7744.0000,639606,0,0.0000,242.0000,121,121,多换,B,7744.0000,0.0000,0.0000,0.0000,0.0000,7746.0000,0.0000,0.0000,0.0000,0.0000,82,0,0,0,0,67,0,0,0,0
zc,TA209,2012-06-01 09:01:58.047,7744.0000,639606,0,0.0000,0.0000,0,0,多换,B,7744.0000,0.0000,0.0000,0.0000,0.0000,7746.0000,0.0000,0.0000,0.0000,0.0000,82,0,0,0,0,77,0,0,0,0
zc,TA209,2012-06-01 09:01:58.813,7744.0000,639588,-18,0.0000,18.0000,0,18,双平,B,7744.0000,0.0000,0.0000,0.0000,0.0000,7746.0000,0.0000,0.0000,0.0000,0.0000,73,0,0,0,0,74,0,0,0,0
zc,TA209,2012-06-01 09:01:59.347,7744.0000,639486,-102,0.0000,108.0000,3,105,空平,B,7744.0000,0.0000,0.0000,0.0000,0.0000,7746.0000,0.0000,0.0000,0.0000,0.0000,519,0,0,0,0,74,0,0,0,0
zc,TA209,2012-06-01 09:02:00.017,7744.0000,639450,-36,0.0000,48.0000,6,42,空平,B,7744.0000,0.0000,0.0000,0.0000,0.0000,7746.0000,0.0000,0.0000,0.0000,0.0000,497,0,0,0,0,72,0,0,0,0
zc,TA209,2012-06-01 09:02:00.563,7744.0000,639408,-42,0.0000,46.0000,2,44,空平,B,7744.0000,0.0000,0.0000,0.0000,0.0000,7746.0000,0.0000,0.0000,0.0000,0.0000,476,0,0,0,0,59,0,0,0,0
zc,TA209,2012-06-01 09:02:01.033,7744.0000,639320,-88,0.0000,100.0000,6,94,空平,B,7744.0000,0.0000,0.0000,0.0000,0.0000,7746.0000,0.0000,0.0000,0.0000,0.0000,474,0,0,0,0,14,0,0,0,0
zc,TA209,2012-06-01 09:02:01.847,7744.0000,639346,26,0.0000,56.0000,41,15,多开,B,7744.0000,0.0000,0.0000,0.0000,0.0000,7748.0000,0.0000,0.0000,0.0000,0.0000,466,0,0,0,0,126,0,0,0,0
zc,TA209,2012-06-01 09:02:02.313,7748.0000,639320,-26,0.0000,98.0000,36,62,空平,B,7744.0000,0.0000,0.0000,0.0000,0.0000,7748.0000,0.0000,0.0000,0.0000,0.0000,461,0,0,0,0,107,0,0,0,0
zc,TA209,2012-06-01 09:02:03.110,7740.0000,639614,294,0.0000,1198.0000,746,452,空开,S,7738.0000,0.0000,0.0000,0.0000,0.0000,7740.0000,0.0000,0.0000,0.0000,0.0000,82,0,0,0,0,407,0,0,0,0
zc,TA209,2012-06-01 09:02:03.830,7740.0000,639626,12,0.0000,22.0000,17,5,空开,S,7738.0000,0.0000,0.0000,0.0000,0.0000,7740.0000,0.0000,0.0000,0.0000,0.0000,81,0,0,0,0,393,0,0,0,0
zc,TA209,2012-06-01 09:02:04.313,7740.0000,639606,-20,0.0000,62.0000,21,41,多平,S,7738.0000,0.0000,0.0000,0.0000,0.0000,7740.0000,0.0000,0.0000,0.0000,0.0000,55,0,0,0,0,388,0,0,0,0
zc,TA209,2012-06-01 09:02:05.047,7738.0000,639578,-28,0.0000,140.0000,56,84,多平,S,7736.0000,0.0000,0.0000,0.0000,0.0000,7738.0000,0.0000,0.0000,0.0000,0.0000,426,0,0,0,0,137,0,0,0,0
zc,TA209,2012-06-01 09:02:05.517,7738.0000,639574,-4,0.0000,238.0000,117,121,多平,S,7736.0000,0.0000,0.0000,0.0000,0.0000,7738.0000,0.0000,0.0000,0.0000,0.0000,428,0,0,0,0,18,0,0,0,0
zc,TA209,2012-06-01 09:02:06.047,7736.0000,639594,20,0.0000,136.0000,78,58,空开,S,7736.0000,0.0000,0.0000,0.0000,0.0000,7740.0000,0.0000,0.0000,0.0000,0.0000,420,0,0,0,0,351,0,0,0,0
zc,TA209,2012-06-01 09:02:06.830,7736.0000,639590,-4,0.0000,48.0000,22,26,多平,S,7736.0000,0.0000,0.0000,0.0000,0.0000,7738.0000,0.0000,0.0000,0.0000,0.0000,399,0,0,0,0,9,0,0,0,0
zc,TA209,2012-06-01 09:02:07.267,7736.0000,639590,0,0.0000,10.0000,5,5,空换,S,7736.0000,0.0000,0.0000,0.0000,0.0000,7738.0000,0.0000,0.0000,0.0000,0.0000,397,0,0,0,0,9,0,0,0,0
zc,TA209,2012-06-01 09:02:08.377,7738.0000,639568,-22,0.0000,144.0000,61,83,空平,B,7738.0000,0.0000,0.0000,0.0000,0.0000,7740.0000,0.0000,0.0000,0.0000,0.0000,77,0,0,0,0,352,0,0,0,0
zc,TA209,2012-06-01 09:02:09.033,7738.0000,639594,26,0.0000,34.0000,30,4,多开,B,7738.0000,0.0000,0.0000,0.0000,0.0000,7740.0000,0.0000,0.0000,0.0000,0.0000,85,0,0,0,0,357,0,0,0,0
zc,TA209,2012-06-01 09:02:09.517,7740.0000,639632,38,0.0000,42.0000,40,2,多开,B,7738.0000,0.0000,0.0000,0.0000,0.0000,7740.0000,0.0000,0.0000,0.0000,0.0000,71,0,0,0,0,351,0,0,0,0
zc,TA209,2012-06-01 09:02:10.033,7740.0000,639676,44,0.0000,62.0000,53,9,多开,B,7738.0000,0.0000,0.0000,0.0000,0.0000,7740.0000,0.0000,0.0000,0.0000,0.0000,72,0,0,0,0,328,0,0,0,0
zc,TA209,2012-06-01 09:02:10.783,7738.0000,639690,14,0.0000,38.0000,26,12,空开,S,7738.0000,0.0000,0.0000,0.0000,0.0000,7740.0000,0.0000,0.0000,0.0000,0.0000,76,0,0,0,0,317,0,0,0,0
zc,TA209,2012-06-01 09:02:11.313,7740.0000,639794,104,0.0000,108.0000,106,2,多开,B,7738.0000,0.0000,0.0000,0.0000,0.0000,7740.0000,0.0000,0.0000,0.0000,0.0000,69,0,0,0,0,275,0,0,0,0
zc,TA209,2012-06-01 09:02:12.080,7738.0000,640082,288,0.0000,396.0000,342,54,空开,S,7736.0000,0.0000,0.0000,0.0000,0.0000,7738.0000,0.0000,0.0000,0.0000,0.0000,374,0,0,0,0,67,0,0,0,0
zc,TA209,2012-06-01 09:02:12.517,7738.0000,640094,12,0.0000,20.0000,16,4,空开,S,7736.0000,0.0000,0.0000,0.0000,0.0000,7738.0000,0.0000,0.0000,0.0000,0.0000,381,0,0,0,0,112,0,0,0,0
zc,TA209,2012-06-01 09:02:13.047,7738.0000,640188,94,0.0000,202.0000,148,54,空开,S,7736.0000,0.0000,0.0000,0.0000,0.0000,7738.0000,0.0000,0.0000,0.0000,0.0000,383,0,0,0,0,43,0,0,0,0
zc,TA209,2012-06-01 09:02:13.533,7740.0000,640284,96,0.0000,106.0000,101,5,多开,B,7738.0000,0.0000,0.0000,0.0000,0.0000,7740.0000,0.0000,0.0000,0.0000,0.0000,54,0,0,0,0,163,0,0,0,0
zc,TA209,2012-06-01 09:02:14.313,7738.0000,640290,6,0.0000,14.0000,10,4,空开,S,7738.0000,0.0000,0.0000,0.0000,0.0000,7740.0000,0.0000,0.0000,0.0000,0.0000,98,0,0,0,0,171,0,0,0,0
zc,TA209,2012-06-01 09:02:14.783,7738.0000,640426,136,0.0000,140.0000,138,2,空开,S,7738.0000,0.0000,0.0000,0.0000,0.0000,7740.0000,0.0000,0.0000,0.0000,0.0000,98,0,0,0,0,151,0,0,0,0
zc,TA209,2012-06-01 09:02:15.267,7738.0000,640530,104,0.0000,108.0000,106,2,空开,S,7738.0000,0.0000,0.0000,0.0000,0.0000,7740.0000,0.0000,0.0000,0.0000,0.0000,52,0,0,0,0,149,0,0,0,0
zc,TA209,2012-06-01 09:02:16.047,7738.0000,640578,48,0.0000,52.0000,50,2,空开,S,7738.0000,0.0000,0.0000,0.0000,0.0000,7740.0000,0.0000,0.0000,0.0000,0.0000,93,0,0,0,0,189,0,0,0,0
zc,TA209,2012-06-01 09:02:16.533,7738.0000,640642,64,0.0000,98.0000,81,17,空开,S,7738.0000,0.0000,0.0000,0.0000,0.0000,7740.0000,0.0000,0.0000,0.0000,0.0000,117,0,0,0,0,175,0,0,0,0
zc,TA209,2012-06-01 09:02:17.047,7738.0000,640648,6,0.0000,20.0000,13,7,空开,S,7738.0000,0.0000,0.0000,0.0000,0.0000,7740.0000,0.0000,0.0000,0.0000,0.0000,120,0,0,0,0,179,0,0,0,0
zc,TA209,2012-06-01 09:02:17.547,7740.0000,640816,168,0.0000,170.0000,169,1,多开,B,7738.0000,0.0000,0.0000,0.0000,0.0000,7740.0000,0.0000,0.0000,0.0000,0.0000,113,0,0,0,0,107,0,0,0,0
zc,TA209,2012-06-01 09:02:18.313,7738.0000,640980,164,0.0000,210.0000,187,23,空开,S,7738.0000,0.0000,0.0000,0.0000,0.0000,7740.0000,0.0000,0.0000,0.0000,0.0000,212,0,0,0,0,108,0,0,0,0
zc,TA209,2012-06-01 09:02:19.097,7738.0000,641006,26,0.0000,40.0000,33,7,空开,S,7738.0000,0.0000,0.0000,0.0000,0.0000,7740.0000,0.0000,0.0000,0.0000,0.0000,205,0,0,0,0,154,0,0,0,0
zc,TA209,2012-06-01 09:02:19.563,7738.0000,641078,72,0.0000,228.0000,150,78,空开,S,7738.0000,0.0000,0.0000,0.0000,0.0000,7740.0000,0.0000,0.0000,0.0000,0.0000,255,0,0,0,0,63,0,0,0,0
zc,TA209,2012-06-01 09:02:20.063,7740.0000,641082,4,0.0000,12.0000,8,4,多开,B,7738.0000,0.0000,0.0000,0.0000,0.0000,7740.0000,0.0000,0.0000,0.0000,0.0000,253,0,0,0,0,61,0,0,0,0
zc,TA209,2012-06-01 09:02:20.767,7738.0000,641074,-8,0.0000,108.0000,50,58,多平,S,7738.0000,0.0000,0.0000,0.0000,0.0000,7740.0000,0.0000,0.0000,0.0000,0.0000,239,0,0,0,0,31,0,0,0,0
zc,TA209,2012-06-01 09:02:21.297,7740.0000,641044,-30,0.0000,128.0000,49,79,空平,B,7738.0000,0.0000,0.0000,0.0000,0.0000,7740.0000,0.0000,0.0000,0.0000,0.0000,196,0,0,0,0,24,0,0,0,0
zc,TA209,2012-06-01 09:02:22.097,7740.0000,641038,-6,0.0000,14.0000,4,10,空平,B,7738.0000,0.0000,0.0000,0.0000,0.0000,7740.0000,0.0000,0.0000,0.0000,0.0000,193,0,0,0,0,21,0,0,0,0
zc,TA209,2012-06-01 09:02:22.500,7740.0000,641026,-12,0.0000,24.0000,6,18,空平,B,7738.0000,0.0000,0.0000,0.0000,0.0000,7740.0000,0.0000,0.0000,0.0000,0.0000,201,0,0,0,0,23,0,0,0,0
zc,TA209,2012-06-01 09:02:23.017,7740.0000,641084,58,0.0000,76.0000,67,9,多开,B,7738.0000,0.0000,0.0000,0.0000,0.0000,7740.0000,0.0000,0.0000,0.0000,0.0000,199,0,0,0,0,54,0,0,0,0
zc,TA209,2012-06-01 09:02:23.783,7738.0000,641086,2,0.0000,140.0000,71,69,空开,S,7738.0000,0.0000,0.0000,0.0000,0.0000,7740.0000,0.0000,0.0000,0.0000,0.0000,134,0,0,0,0,57,0,0,0,0
zc,TA209,2012-06-01 09:02:24.047,7740.0000,641124,38,0.0000,76.0000,57,19,多开,B,7738.0000,0.0000,0.0000,0.0000,0.0000,7740.0000,0.0000,0.0000,0.0000,0.0000,122,0,0,0,0,61,0,0,0,0
zc,TA209,2012-06-01 09:02:24.783,7738.0000,641122,-2,0.0000,54.0000,26,28,多平,S,7738.0000,0.0000,0.0000,0.0000,0.0000,7740.0000,0.0000,0.0000,0.0000,0.0000,125,0,0,0,0,144,0,0,0,0
zc,TA209,2012-06-01 09:02:25.313,7738.0000,641128,6,0.0000,268.0000,137,131,空开,S,7736.0000,0.0000,0.0000,0.0000,0.0000,7738.0000,0.0000,0.0000,0.0000,0.0000,418,0,0,0,0,11,0,0,0,0
zc,TA209,2012-06-01 09:02:26.063,7738.0000,641134,6,0.0000,6.0000,6,0,双开,S,7736.0000,0.0000,0.0000,0.0000,0.0000,7738.0000,0.0000,0.0000,0.0000,0.0000,418,0,0,0,0,74,0,0,0,0
zc,TA209,2012-06-01 09:02:26.547,7738.0000,641142,8,0.0000,14.0000,11,3,空开,S,7736.0000,0.0000,0.0000,0.0000,0.0000,7738.0000,0.0000,0.0000,0.0000,0.0000,414,0,0,0,0,72,0,0,0,0
zc,TA209,2012-06-01 09:02:27.063,7738.0000,641096,-46,0.0000,60.0000,7,53,多平,S,7736.0000,0.0000,0.0000,0.0000,0.0000,7738.0000,0.0000,0.0000,0.0000,0.0000,418,0,0,0,0,69,0,0,0,0
zc,TA209,2012-06-01 09:02:27.797,7740.0000,640954,-142,0.0000,422.0000,140,282,空平,B,7738.0000,0.0000,0.0000,0.0000,0.0000,7740.0000,0.0000,0.0000,0.0000,0.0000,440,0,0,0,0,279,0,0,0,0
zc,TA209,2012-06-01 09:02:28.313,7740.0000,640934,-20,0.0000,30.0000,5,25,空平,B,7738.0000,0.0000,0.0000,0.0000,0.0000,7740.0000,0.0000,0.0000,0.0000,0.0000,427,0,0,0,0,258,0,0,0,0
zc,TA209,2012-06-01 09:02:29.110,7738.0000,640936,2,0.0000,66.0000,34,32,空开,S,7738.0000,0.0000,0.0000,0.0000,0.0000,7740.0000,0.0000,0.0000,0.0000,0.0000,402,0,0,0,0,259,0,0,0,0
zc,TA209,2012-06-01 09:02:29.533,7738.0000,640942,6,0.0000,18.0000,12,6,空开,S,7738.0000,0.0000,0.0000,0.0000,0.0000,7740.0000,0.0000,0.0000,0.0000,0.0000,543,0,0,0,0,256,0,0,0,0
zc,TA209,2012-06-01 09:02:30.017,7738.0000,640974,32,0.0000,194.0000,113,81,空开,S,7738.0000,0.0000,0.0000,0.0000,0.0000,7740.0000,0.0000,0.0000,0.0000,0.0000,468,0,0,0,0,238,0,0,0,0
zc,TA209,2012-06-01 09:02:30.533,7738.0000,640974,0,0.0000,174.0000,87,87,空换,S,7738.0000,0.0000,0.0000,0.0000,0.0000,7740.0000,0.0000,0.0000,0.0000,0.0000,383,0,0,0,0,234,0,0,0,0
zc,TA209,2012-06-01 09:02:31.267,7740.0000,641094,120,0.0000,150.0000,135,15,多开,B,7738.0000,0.0000,0.0000,0.0000,0.0000,7740.0000,0.0000,0.0000,0.0000,0.0000,379,0,0,0,0,164,0,0,0,0
zc,TA209,2012-06-01 09:02:31.813,7738.0000,641068,-26,0.0000,144.0000,59,85,多平,S,7738.0000,0.0000,0.0000,0.0000,0.0000,7740.0000,0.0000,0.0000,0.0000,0.0000,344,0,0,0,0,273,0,0,0,0
zc,TA209,2012-06-01 09:02:32.283,7740.0000,641066,-2,0.0000,12.0000,5,7,空平,B,7738.0000,0.0000,0.0000,0.0000,0.0000,7740.0000,0.0000,0.0000,0.0000,0.0000,344,0,0,0,0,268,0,0,0,0
zc,TA209,2012-06-01 09:02:33.097,7738.0000,640702,-364,0.0000,430.0000,33,397,多平,S,7738.0000,0.0000,0.0000,0.0000,0.0000,7740.0000,0.0000,0.0000,0.0000,0.0000,212,0,0,0,0,185,0,0,0,0
zc,TA209,2012-06-01 09:02:33.517,7738.0000,640690,-12,0.0000,22.0000,5,17,多平,S,7738.0000,0.0000,0.0000,0.0000,0.0000,7740.0000,0.0000,0.0000,0.0000,0.0000,204,0,0,0,0,183,0,0,0,0
zc,TA209,2012-06-01 09:02:34.313,7738.0000,640662,-28,0.0000,64.0000,18,46,多平,S,7738.0000,0.0000,0.0000,0.0000,0.0000,7740.0000,0.0000,0.0000,0.0000,0.0000,182,0,0,0,0,179,0,0,0,0
zc,TA209,2012-06-01 09:02:34.847,7738.0000,640654,-8,0.0000,88.0000,40,48,多平,S,7738.0000,0.0000,0.0000,0.0000,0.0000,7740.0000,0.0000,0.0000,0.0000,0.0000,172,0,0,0,0,147,0,0,0,0
zc,TA209,2012-06-01 09:02:35.297,7738.0000,640654,0,0.0000,8.0000,4,4,空换,S,7738.0000,0.0000,0.0000,0.0000,0.0000,7740.0000,0.0000,0.0000,0.0000,0.0000,180,0,0,0,0,147,0,0,0,0
zc,TA209,2012-06-01 09:02:35.750,7738.0000,640642,-12,0.0000,24.0000,6,18,多平,S,7738.0000,0.0000,0.0000,0.0000,0.0000,7740.0000,0.0000,0.0000,0.0000,0.0000,181,0,0,0,0,178,0,0,0,0
zc,TA209,2012-06-01 09:02:36.533,7738.0000,640642,0,0.0000,44.0000,22,22,空换,S,7738.0000,0.0000,0.0000,0.0000,0.0000,7740.0000,0.0000,0.0000,0.0000,0.0000,172,0,0,0,0,177,0,0,0,0
zc,TA209,2012-06-01 09:02:37.080,7740.0000,640646,4,0.0000,10.0000,7,3,多开,B,7738.0000,0.0000,0.0000,0.0000,0.0000,7740.0000,0.0000,0.0000,0.0000,0.0000,170,0,0,0,0,176,0,0,0,0
zc,TA209,2012-06-01 09:02:37.860,7738.0000,640672,26,0.0000,28.0000,27,1,空开,S,7738.0000,0.0000,0.0000,0.0000,0.0000,7740.0000,0.0000,0.0000,0.0000,0.0000,165,0,0,0,0,216,0,0,0,0
zc,TA209,2012-06-01 09:02:38.297,7740.0000,640668,-4,0.0000,38.0000,17,21,空平,B,7738.0000,0.0000,0.0000,0.0000,0.0000,7740.0000,0.0000,0.0000,0.0000,0.0000,159,0,0,0,0,211,0,0,0,0
zc,TA209,2012-06-01 09:02:38.783,7740.0000,640668,0,0.0000,28.0000,14,14,多换,B,7738.0000,0.0000,0.0000,0.0000,0.0000,7740.0000,0.0000,0.0000,0.0000,0.0000,169,0,0,0,0,197,0,0,0,0
zc,TA209,2012-06-01 09:02:39.563,7738.0000,640662,-6,0.0000,12.0000,3,9,多平,S,7738.0000,0.0000,0.0000,0.0000,0.0000,7740.0000,0.0000,0.0000,0.0000,0.0000,171,0,0,0,0,193,0,0,0,0
zc,TA209,2012-06-01 09:02:40.080,7738.0000,640648,-14,0.0000,296.0000,141,155,多平,S,7738.0000,0.0000,0.0000,0.0000,0.0000,7740.0000,0.0000,0.0000,0.0000,0.0000,139,0,0,0,0,81,0,0,0,0
zc,TA209,2012-06-01 09:02:40.797,7740.0000,640558,-90,0.0000,168.0000,39,129,空平,B,7738.0000,0.0000,0.0000,0.0000,0.0000,7740.0000,0.0000,0.0000,0.0000,0.0000,133,0,0,0,0,8,0,0,0,0
zc,TA209,2012-06-01 09:02:41.347,7740.0000,640742,184,0.0000,226.0000,205,21,多开,B,7740.0000,0.0000,0.0000,0.0000,0.0000,7742.0000,0.0000,0.0000,0.0000,0.0000,252,0,0,0,0,36,0,0,0,0
zc,TA209,2012-06-01 09:02:41.797,7740.0000,640736,-6,0.0000,22.0000,8,14,空平,B,7740.0000,0.0000,0.0000,0.0000,0.0000,7742.0000,0.0000,0.0000,0.0000,0.0000,252,0,0,0,0,32,0,0,0,0
zc,TA209,2012-06-01 09:02:42.393,7742.0000,640816,80,0.0000,134.0000,107,27,多开,B,7742.0000,0.0000,0.0000,0.0000,0.0000,7744.0000,0.0000,0.0000,0.0000,0.0000,41,0,0,0,0,63,0,0,0,0
zc,TA209,2012-06-01 09:02:43.000,7742.0000,640862,46,0.0000,46.0000,46,0,双开,B,7742.0000,0.0000,0.0000,0.0000,0.0000,7744.0000,0.0000,0.0000,0.0000,0.0000,88,0,0,0,0,62,0,0,0,0
zc,TA209,2012-06-01 09:02:43.610,7742.0000,640932,70,0.0000,84.0000,77,7,多开,B,7742.0000,0.0000,0.0000,0.0000,0.0000,7744.0000,0.0000,0.0000,0.0000,0.0000,51,0,0,0,0,63,0,0,0,0
zc,TA209,2012-06-01 09:02:44.297,7744.0000,640946,14,0.0000,16.0000,15,1,多开,B,7742.0000,0.0000,0.0000,0.0000,0.0000,7744.0000,0.0000,0.0000,0.0000,0.0000,59,0,0,0,0,58,0,0,0,0
zc,TA209,2012-06-01 09:02:45.080,7740.0000,641048,102,0.0000,130.0000,116,14,空开,S,7740.0000,0.0000,0.0000,0.0000,0.0000,7742.0000,0.0000,0.0000,0.0000,0.0000,283,0,0,0,0,40,0,0,0,0
zc,TA209,2012-06-01 09:02:45.547,7742.0000,641054,6,0.0000,6.0000,6,0,双开,B,7740.0000,0.0000,0.0000,0.0000,0.0000,7742.0000,0.0000,0.0000,0.0000,0.0000,285,0,0,0,0,37,0,0,0,0
zc,TA209,2012-06-01 09:02:46.047,7742.0000,641056,2,0.0000,12.0000,7,5,多开,B,7740.0000,0.0000,0.0000,0.0000,0.0000,7742.0000,0.0000,0.0000,0.0000,0.0000,282,0,0,0,0,35,0,0,0,0
zc,TA209,2012-06-01 09:02:46.533,7742.0000,641058,2,0.0000,2.0000,2,0,双开,B,7740.0000,0.0000,0.0000,0.0000,0.0000,7742.0000,0.0000,0.0000,0.0000,0.0000,282,0,0,0,0,36,0,0,0,0
zc,TA209,2012-06-01 09:02:47.313,7740.0000,641058,0,0.0000,8.0000,4,4,空换,S,7740.0000,0.0000,0.0000,0.0000,0.0000,7742.0000,0.0000,0.0000,0.0000,0.0000,280,0,0,0,0,36,0,0,0,0
zc,TA209,2012-06-01 09:02:47.533,7742.0000,641088,30,0.0000,50.0000,40,10,多开,B,7740.0000,0.0000,0.0000,0.0000,0.0000,7742.0000,0.0000,0.0000,0.0000,0.0000,278,0,0,0,0,24,0,0,0,0
zc,TA209,2012-06-01 09:02:48.297,7742.0000,641100,12,0.0000,38.0000,25,13,多开,B,7740.0000,0.0000,0.0000,0.0000,0.0000,7742.0000,0.0000,0.0000,0.0000,0.0000,271,0,0,0,0,44,0,0,0,0
zc,TA209,2012-06-01 09:02:49.000,7742.0000,641096,-4,0.0000,16.0000,6,10,空平,B,7740.0000,0.0000,0.0000,0.0000,0.0000,7742.0000,0.0000,0.0000,0.0000,0.0000,265,0,0,0,0,46,0,0,0,0
zc,TA209,2012-06-01 09:02:49.500,7742.0000,641094,-2,0.0000,12.0000,5,7,空平,B,7740.0000,0.0000,0.0000,0.0000,0.0000,7742.0000,0.0000,0.0000,0.0000,0.0000,265,0,0,0,0,41,0,0,0,0
zc,TA209,2012-06-01 09:02:50.313,7742.0000,641092,-2,0.0000,32.0000,15,17,空平,B,7740.0000,0.0000,0.0000,0.0000,0.0000,7742.0000,0.0000,0.0000,0.0000,0.0000,270,0,0,0,0,51,0,0,0,0
zc,TA209,2012-06-01 09:02:50.517,7742.0000,641088,-4,0.0000,180.0000,88,92,空平,B,7740.0000,0.0000,0.0000,0.0000,0.0000,7742.0000,0.0000,0.0000,0.0000,0.0000,200,0,0,0,0,32,0,0,0,0
zc,TA209,2012-06-01 09:02:51.283,7740.0000,641092,4,0.0000,106.0000,55,51,空开,S,7740.0000,0.0000,0.0000,0.0000,0.0000,7742.0000,0.0000,0.0000,0.0000,0.0000,149,0,0,0,0,37,0,0,0,0
zc,TA209,2012-06-01 09:02:51.797,7742.0000,641118,26,0.0000,128.0000,77,51,多开,B,7740.0000,0.0000,0.0000,0.0000,0.0000,7742.0000,0.0000,0.0000,0.0000,0.0000,134,0,0,0,0,189,0,0,0,0
zc,TA209,2012-06-01 09:02:52.563,7742.0000,641070,-48,0.0000,300.0000,126,174,空平,B,7738.0000,0.0000,0.0000,0.0000,0.0000,7742.0000,0.0000,0.0000,0.0000,0.0000,50,0,0,0,0,186,0,0,0,0
zc,TA209,2012-06-01 09:02:53.097,7738.0000,641096,26,0.0000,210.0000,118,92,空开,S,7736.0000,0.0000,0.0000,0.0000,0.0000,7738.0000,0.0000,0.0000,0.0000,0.0000,525,0,0,0,0,23,0,0,0,0
zc,TA209,2012-06-01 09:02:53.783,7738.0000,641108,12,0.0000,100.0000,56,44,空开,S,7736.0000,0.0000,0.0000,0.0000,0.0000,7738.0000,0.0000,0.0000,0.0000,0.0000,483,0,0,0,0,14,0,0,0,0
zc,TA209,2012-06-01 09:02:54.283,7740.0000,641052,-56,0.0000,186.0000,65,121,空平,B,7738.0000,0.0000,0.0000,0.0000,0.0000,7740.0000,0.0000,0.0000,0.0000,0.0000,19,0,0,0,0,7,0,0,0,0
zc,TA209,2012-06-01 09:02:54.767,7738.0000,641054,2,0.0000,18.0000,10,8,空开,S,7738.0000,0.0000,0.0000,0.0000,0.0000,7740.0000,0.0000,0.0000,0.0000,0.0000,21,0,0,0,0,9,0,0,0,0
zc,TA209,2012-06-01 09:02:55.517,7738.0000,641054,0,0.0000,2.0000,1,1,空换,S,7738.0000,0.0000,0.0000,0.0000,0.0000,7740.0000,0.0000,0.0000,0.0000,0.0000,23,0,0,0,0,29,0,0,0,0
zc,TA209,2012-06-01 09:02:55.750,7740.0000,641076,22,0.0000,24.0000,23,1,多开,B,7738.0000,0.0000,0.0000,0.0000,0.0000,7740.0000,0.0000,0.0000,0.0000,0.0000,26,0,0,0,0,19,0,0,0,0
zc,TA209,2012-06-01 09:02:56.500,7738.0000,641082,6,0.0000,12.0000,9,3,空开,S,7738.0000,0.0000,0.0000,0.0000,0.0000,7740.0000,0.0000,0.0000,0.0000,0.0000,28,0,0,0,0,14,0,0,0,0
zc,TA209,2012-06-01 09:02:57.110,7742.0000,641102,20,0.0000,60.0000,40,20,多开,B,7738.0000,0.0000,0.0000,0.0000,0.0000,7742.0000,0.0000,0.0000,0.0000,0.0000,17,0,0,0,0,144,0,0,0,0
zc,TA209,2012-06-01 09:02:57.797,7738.0000,641108,6,0.0000,10.0000,8,2,空开,S,7738.0000,0.0000,0.0000,0.0000,0.0000,7742.0000,0.0000,0.0000,0.0000,0.0000,20,0,0,0,0,142,0,0,0,0
zc,TA209,2012-06-01 09:02:58.063,7740.0000,641108,0,0.0000,4.0000,2,2,多换,B,7738.0000,0.0000,0.0000,0.0000,0.0000,7740.0000,0.0000,0.0000,0.0000,0.0000,30,0,0,0,0,10,0,0,0,0
zc,TA209,2012-06-01 09:02:58.783,7738.0000,641130,22,0.0000,44.0000,33,11,空开,S,7738.0000,0.0000,0.0000,0.0000,0.0000,7740.0000,0.0000,0.0000,0.0000,0.0000,33,0,0,0,0,5,0,0,0,0
zc,TA209,2012-06-01 09:02:59.533,7740.0000,641164,34,0.0000,42.0000,38,4,多开,B,7738.0000,0.0000,0.0000,0.0000,0.0000,7740.0000,0.0000,0.0000,0.0000,0.0000,18,0,0,0,0,9,0,0,0,0
zc,TA209,2012-06-01 09:03:00.080,7738.0000,641158,-6,0.0000,38.0000,16,22,多平,S,7738.0000,0.0000,0.0000,0.0000,0.0000,7740.0000,0.0000,0.0000,0.0000,0.0000,12,0,0,0,0,3,0,0,0,0
zc,TA209,2012-06-01 09:03:00.547,7738.0000,641134,-24,0.0000,58.0000,17,41,多平,S,7736.0000,0.0000,0.0000,0.0000,0.0000,7738.0000,0.0000,0.0000,0.0000,0.0000,530,0,0,0,0,8,0,0,0,0
zc,TA209,2012-06-01 09:03:01.063,7740.0000,641140,6,0.0000,34.0000,20,14,多开,B,7736.0000,0.0000,0.0000,0.0000,0.0000,7740.0000,0.0000,0.0000,0.0000,0.0000,530,0,0,0,0,42,0,0,0,0
zc,TA209,2012-06-01 09:03:01.783,7738.0000,641140,0,0.0000,8.0000,4,4,空换,S,7738.0000,0.0000,0.0000,0.0000,0.0000,7740.0000,0.0000,0.0000,0.0000,0.0000,9,0,0,0,0,73,0,0,0,0
zc,TA209,2012-06-01 09:03:02.000,7738.0000,641152,12,0.0000,22.0000,17,5,空开,S,7738.0000,0.0000,0.0000,0.0000,0.0000,7740.0000,0.0000,0.0000,0.0000,0.0000,5,0,0,0,0,73,0,0,0,0
zc,TA209,2012-06-01 09:03:02.767,7738.0000,640844,-308,0.0000,354.0000,23,331,多平,S,7738.0000,0.0000,0.0000,0.0000,0.0000,7740.0000,0.0000,0.0000,0.0000,0.0000,15,0,0,0,0,74,0,0,0,0
zc,TA209,2012-06-01 09:03:03.297,7740.0000,640858,14,0.0000,14.0000,14,0,双开,B,7738.0000,0.0000,0.0000,0.0000,0.0000,7740.0000,0.0000,0.0000,0.0000,0.0000,20,0,0,0,0,68,0,0,0,0
zc,TA209,2012-06-01 09:03:04.033,7738.0000,640860,2,0.0000,4.0000,3,1,空开,S,7738.0000,0.0000,0.0000,0.0000,0.0000,7740.0000,0.0000,0.0000,0.0000,0.0000,19,0,0,0,0,69,0,0,0,0
zc,TA209,2012-06-01 09:03:04.533,7738.0000,640870,10,0.0000,16.0000,13,3,空开,S,7738.0000,0.0000,0.0000,0.0000,0.0000,7740.0000,0.0000,0.0000,0.0000,0.0000,19,0,0,0,0,70,0,0,0,0
zc,TA209,2012-06-01 09:03:05.017,7738.0000,640918,48,0.0000,52.0000,50,2,空开,S,7738.0000,0.0000,0.0000,0.0000,0.0000,7740.0000,0.0000,0.0000,0.0000,0.0000,23,0,0,0,0,48,0,0,0,0
zc,TA209,2012-06-01 09:03:05.797,7738.0000,640936,18,0.0000,76.0000,47,29,空开,S,7736.0000,0.0000,0.0000,0.0000,0.0000,7738.0000,0.0000,0.0000,0.0000,0.0000,458,0,0,0,0,87,0,0,0,0
zc,TA209,2012-06-01 09:03:06.330,7736.0000,640962,26,0.0000,182.0000,104,78,空开,S,7736.0000,0.0000,0.0000,0.0000,0.0000,7738.0000,0.0000,0.0000,0.0000,0.0000,372,0,0,0,0,82,0,0,0,0
zc,TA209,2012-06-01 09:03:07.017,7738.0000,640960,-2,0.0000,4.0000,1,3,空平,B,7736.0000,0.0000,0.0000,0.0000,0.0000,7738.0000,0.0000,0.0000,0.0000,0.0000,372,0,0,0,0,82,0,0,0,0
zc,TA209,2012-06-01 09:03:07.297,7738.0000,640960,0,0.0000,34.0000,17,17,多换,B,7736.0000,0.0000,0.0000,0.0000,0.0000,7738.0000,0.0000,0.0000,0.0000,0.0000,364,0,0,0,0,75,0,0,0,0
zc,TA209,2012-06-01 09:03:08.580,7734.0000,641548,588,0.0000,774.0000,681,93,空开,S,7734.0000,0.0000,0.0000,0.0000,0.0000,7736.0000,0.0000,0.0000,0.0000,0.0000,145,0,0,0,0,106,0,0,0,0
zc,TA209,2012-06-01 09:03:09.297,7736.0000,641550,2,0.0000,26.0000,14,12,多开,B,7734.0000,0.0000,0.0000,0.0000,0.0000,7736.0000,0.0000,0.0000,0.0000,0.0000,135,0,0,0,0,312,0,0,0,0
zc,TA209,2012-06-01 09:03:10.047,7734.0000,641816,266,0.0000,278.0000,272,6,空开,S,7734.0000,0.0000,0.0000,0.0000,0.0000,7736.0000,0.0000,0.0000,0.0000,0.0000,24,0,0,0,0,320,0,0,0,0
zc,TA209,2012-06-01 09:03:10.533,7732.0000,642074,258,0.0000,276.0000,267,9,空开,S,7730.0000,0.0000,0.0000,0.0000,0.0000,7732.0000,0.0000,0.0000,0.0000,0.0000,255,0,0,0,0,69,0,0,0,0
zc,TA209,2012-06-01 09:03:11.063,7734.0000,642160,86,0.0000,292.0000,189,103,多开,B,7730.0000,0.0000,0.0000,0.0000,0.0000,7734.0000,0.0000,0.0000,0.0000,0.0000,254,0,0,0,0,73,0,0,0,0
zc,TA209,2012-06-01 09:03:11.533,7732.0000,642218,58,0.0000,78.0000,68,10,空开,S,7730.0000,0.0000,0.0000,0.0000,0.0000,7732.0000,0.0000,0.0000,0.0000,0.0000,228,0,0,0,0,37,0,0,0,0
zc,TA209,2012-06-01 09:03:12.283,7730.0000,642242,24,0.0000,50.0000,37,13,空开,S,7730.0000,0.0000,0.0000,0.0000,0.0000,7732.0000,0.0000,0.0000,0.0000,0.0000,212,0,0,0,0,63,0,0,0,0
zc,TA209,2012-06-01 09:03:12.783,7730.0000,642242,0,0.0000,44.0000,22,22,空换,S,7730.0000,0.0000,0.0000,0.0000,0.0000,7732.0000,0.0000,0.0000,0.0000,0.0000,190,0,0,0,0,68,0,0,0,0
zc,TA209,2012-06-01 09:03:13.297,7730.0000,642258,16,0.0000,78.0000,47,31,空开,S,7730.0000,0.0000,0.0000,0.0000,0.0000,7732.0000,0.0000,0.0000,0.0000,0.0000,172,0,0,0,0,55,0,0,0,0
zc,TA209,2012-06-01 09:03:13.797,7730.0000,642472,214,0.0000,350.0000,282,68,空开,S,7730.0000,0.0000,0.0000,0.0000,0.0000,7732.0000,0.0000,0.0000,0.0000,0.0000,48,0,0,0,0,27,0,0,0,0
zc,TA209,2012-06-01 09:03:14.563,7728.0000,642518,46,0.0000,172.0000,109,63,空开,S,7726.0000,0.0000,0.0000,0.0000,0.0000,7728.0000,0.0000,0.0000,0.0000,0.0000,46,0,0,0,0,136,0,0,0,0
zc,TA209,2012-06-01 09:03:15.377,7726.0000,642604,86,0.0000,104.0000,95,9,空开,S,7724.0000,0.0000,0.0000,0.0000,0.0000,7726.0000,0.0000,0.0000,0.0000,0.0000,140,0,0,0,0,28,0,0,0,0
zc,TA209,2012-06-01 09:03:15.767,7726.0000,642584,-20,0.0000,70.0000,25,45,多平,S,7724.0000,0.0000,0.0000,0.0000,0.0000,7726.0000,0.0000,0.0000,0.0000,0.0000,144,0,0,0,0,451,0,0,0,0
zc,TA209,2012-06-01 09:03:16.297,7724.0000,642796,212,0.0000,220.0000,216,4,空开,S,7724.0000,0.0000,0.0000,0.0000,0.0000,7726.0000,0.0000,0.0000,0.0000,0.0000,72,0,0,0,0,454,0,0,0,0
zc,TA209,2012-06-01 09:03:16.813,7724.0000,642638,-158,0.0000,248.0000,45,203,多平,S,7722.0000,0.0000,0.0000,0.0000,0.0000,7724.0000,0.0000,0.0000,0.0000,0.0000,59,0,0,0,0,324,0,0,0,0
zc,TA209,2012-06-01 09:03:17.580,7722.0000,642740,102,0.0000,152.0000,127,25,空开,S,7720.0000,0.0000,0.0000,0.0000,0.0000,7722.0000,0.0000,0.0000,0.0000,0.0000,981,0,0,0,0,216,0,0,0,0
zc,TA209,2012-06-01 09:03:18.047,7722.0000,642754,14,0.0000,174.0000,94,80,空开,S,7720.0000,0.0000,0.0000,0.0000,0.0000,7722.0000,0.0000,0.0000,0.0000,0.0000,1075,0,0,0,0,164,0,0,0,0
zc,TA209,2012-06-01 09:03:19.097,7722.0000,642534,-220,0.0000,500.0000,140,360,多平,S,7722.0000,0.0000,0.0000,0.0000,0.0000,7724.0000,0.0000,0.0000,0.0000,0.0000,373,0,0,0,0,432,0,0,0,0
zc,TA209,2012-06-01 09:03:19.533,7724.0000,642448,-86,0.0000,178.0000,46,132,空平,B,7722.0000,0.0000,0.0000,0.0000,0.0000,7724.0000,0.0000,0.0000,0.0000,0.0000,414,0,0,0,0,429,0,0,0,0
zc,TA209,2012-06-01 09:03:20.297,7722.0000,641762,-686,0.0000,886.0000,100,786,多平,S,7722.0000,0.0000,0.0000,0.0000,0.0000,7724.0000,0.0000,0.0000,0.0000,0.0000,108,0,0,0,0,408,0,0,0,0
zc,TA209,2012-06-01 09:03:20.783,7720.0000,641964,202,0.0000,336.0000,269,67,空开,S,7720.0000,0.0000,0.0000,0.0000,0.0000,7722.0000,0.0000,0.0000,0.0000,0.0000,1025,0,0,0,0,44,0,0,0,0
zc,TA209,2012-06-01 09:03:21.517,7722.0000,641960,-4,0.0000,148.0000,72,76,空平,B,7720.0000,0.0000,0.0000,0.0000,0.0000,7722.0000,0.0000,0.0000,0.0000,0.0000,1028,0,0,0,0,19,0,0,0,0
zc,TA209,2012-06-01 09:03:21.797,7724.0000,641938,-22,0.0000,114.0000,46,68,空平,B,7722.0000,0.0000,0.0000,0.0000,0.0000,7724.0000,0.0000,0.0000,0.0000,0.0000,45,0,0,0,0,370,0,0,0,0
zc,TA209,2012-06-01 09:03:22.533,7724.0000,641984,46,0.0000,196.0000,121,75,多开,B,7722.0000,0.0000,0.0000,0.0000,0.0000,7724.0000,0.0000,0.0000,0.0000,0.0000,78,0,0,0,0,339,0,0,0,0
zc,TA209,2012-06-01 09:03:23.033,7722.0000,642160,176,0.0000,268.0000,222,46,空开,S,7720.0000,0.0000,0.0000,0.0000,0.0000,7722.0000,0.0000,0.0000,0.0000,0.0000,1010,0,0,0,0,20,0,0,0,0
zc,TA209,2012-06-01 09:03:24.047,7722.0000,642222,62,0.0000,150.0000,106,44,空开,S,7720.0000,0.0000,0.0000,0.0000,0.0000,7722.0000,0.0000,0.0000,0.0000,0.0000,1028,0,0,0,0,32,0,0,0,0
zc,TA209,2012-06-01 09:03:24.267,7722.0000,642258,36,0.0000,188.0000,112,76,空开,S,7720.0000,0.0000,0.0000,0.0000,0.0000,7722.0000,0.0000,0.0000,0.0000,0.0000,996,0,0,0,0,8,0,0,0,0
zc,TA209,2012-06-01 09:03:25.063,7720.0000,642214,-44,0.0000,240.0000,98,142,多平,S,7720.0000,0.0000,0.0000,0.0000,0.0000,7722.0000,0.0000,0.0000,0.0000,0.0000,916,0,0,0,0,66,0,0,0,0
zc,TA209,2012-06-01 09:03:25.797,7722.0000,642200,-14,0.0000,76.0000,31,45,空平,B,7720.0000,0.0000,0.0000,0.0000,0.0000,7722.0000,0.0000,0.0000,0.0000,0.0000,911,0,0,0,0,49,0,0,0,0
zc,TA209,2012-06-01 09:03:26.267,7720.0000,642472,272,0.0000,656.0000,464,192,空开,S,7720.0000,0.0000,0.0000,0.0000,0.0000,7722.0000,0.0000,0.0000,0.0000,0.0000,675,0,0,0,0,127,0,0,0,0
zc,TA209,2012-06-01 09:03:26.767,7722.0000,642776,304,0.0000,342.0000,323,19,多开,B,7720.0000,0.0000,0.0000,0.0000,0.0000,7722.0000,0.0000,0.0000,0.0000,0.0000,591,0,0,0,0,233,0,0,0,0
zc,TA209,2012-06-01 09:03:27.250,7722.0000,643600,824,0.0000,1190.0000,1007,183,多开,B,7720.0000,0.0000,0.0000,0.0000,0.0000,7722.0000,0.0000,0.0000,0.0000,0.0000,27,0,0,0,0,253,0,0,0,0
zc,TA209,2012-06-01 09:03:28.063,7720.0000,643716,116,0.0000,138.0000,127,11,空开,S,7718.0000,0.0000,0.0000,0.0000,0.0000,7720.0000,0.0000,0.0000,0.0000,0.0000,178,0,0,0,0,325,0,0,0,0
zc,TA209,2012-06-01 09:03:28.547,7720.0000,643946,230,0.0000,240.0000,235,5,空开,S,7718.0000,0.0000,0.0000,0.0000,0.0000,7720.0000,0.0000,0.0000,0.0000,0.0000,152,0,0,0,0,264,0,0,0,0
zc,TA209,2012-06-01 09:03:29.283,7718.0000,643814,-132,0.0000,260.0000,64,196,多平,S,7718.0000,0.0000,0.0000,0.0000,0.0000,7720.0000,0.0000,0.0000,0.0000,0.0000,53,0,0,0,0,292,0,0,0,0
zc,TA209,2012-06-01 09:03:29.783,7720.0000,643892,78,0.0000,126.0000,102,24,多开,B,7718.0000,0.0000,0.0000,0.0000,0.0000,7720.0000,0.0000,0.0000,0.0000,0.0000,23,0,0,0,0,262,0,0,0,0
zc,TA209,2012-06-01 09:03:30.610,7718.0000,643946,54,0.0000,196.0000,125,71,空开,S,7716.0000,0.0000,0.0000,0.0000,0.0000,7718.0000,0.0000,0.0000,0.0000,0.0000,202,0,0,0,0,23,0,0,0,0
zc,TA209,2012-06-01 09:03:31.063,7718.0000,644030,84,0.0000,178.0000,131,47,空开,S,7718.0000,0.0000,0.0000,0.0000,0.0000,7720.0000,0.0000,0.0000,0.0000,0.0000,5,0,0,0,0,262,0,0,0,0
zc,TA209,2012-06-01 09:03:31.563,7716.0000,643956,-74,0.0000,136.0000,31,105,多平,S,7718.0000,0.0000,0.0000,0.0000,0.0000,7720.0000,0.0000,0.0000,0.0000,0.0000,1,0,0,0,0,262,0,0,0,0
zc,TA209,2012-06-01 09:03:32.283,7720.0000,643908,-48,0.0000,66.0000,9,57,空平,B,7718.0000,0.0000,0.0000,0.0000,0.0000,7720.0000,0.0000,0.0000,0.0000,0.0000,145,0,0,0,0,250,0,0,0,0
zc,TA209,2012-06-01 09:03:32.767,7720.0000,643754,-154,0.0000,188.0000,17,171,空平,B,7718.0000,0.0000,0.0000,0.0000,0.0000,7720.0000,0.0000,0.0000,0.0000,0.0000,167,0,0,0,0,182,0,0,0,0
zc,TA209,2012-06-01 09:03:33.267,7720.0000,643782,28,0.0000,218.0000,123,95,多开,B,7718.0000,0.0000,0.0000,0.0000,0.0000,7720.0000,0.0000,0.0000,0.0000,0.0000,160,0,0,0,0,132,0,0,0,0
zc,TA209,2012-06-01 09:03:34.080,7720.0000,643786,4,0.0000,124.0000,64,60,多开,B,7718.0000,0.0000,0.0000,0.0000,0.0000,7720.0000,0.0000,0.0000,0.0000,0.0000,180,0,0,0,0,114,0,0,0,0
zc,TA209,2012-06-01 09:03:34.547,7720.0000,643704,-82,0.0000,446.0000,182,264,空平,B,7720.0000,0.0000,0.0000,0.0000,0.0000,7722.0000,0.0000,0.0000,0.0000,0.0000,87,0,0,0,0,153,0,0,0,0
zc,TA209,2012-06-01 09:03:35.033,7720.0000,643720,16,0.0000,68.0000,42,26,多开,B,7720.0000,0.0000,0.0000,0.0000,0.0000,7722.0000,0.0000,0.0000,0.0000,0.0000,72,0,0,0,0,150,0,0,0,0
zc,TA209,2012-06-01 09:03:35.783,7720.0000,643644,-76,0.0000,456.0000,190,266,空平,B,7720.0000,0.0000,0.0000,0.0000,0.0000,7724.0000,0.0000,0.0000,0.0000,0.0000,63,0,0,0,0,234,0,0,0,0
zc,TA209,2012-06-01 09:03:36.330,7722.0000,643660,16,0.0000,38.0000,27,11,多开,B,7722.0000,0.0000,0.0000,0.0000,0.0000,7724.0000,0.0000,0.0000,0.0000,0.0000,40,0,0,0,0,232,0,0,0,0
zc,TA209,2012-06-01 09:03:37.033,7720.0000,643832,172,0.0000,460.0000,316,144,空开,S,7718.0000,0.0000,0.0000,0.0000,0.0000,7720.0000,0.0000,0.0000,0.0000,0.0000,193,0,0,0,0,178,0,0,0,0
zc,TA209,2012-06-01 09:03:37.563,7720.0000,643894,62,0.0000,140.0000,101,39,空开,S,7718.0000,0.0000,0.0000,0.0000,0.0000,7720.0000,0.0000,0.0000,0.0000,0.0000,198,0,0,0,0,119,0,0,0,0
zc,TA209,2012-06-01 09:03:38.017,7720.0000,643846,-48,0.0000,516.0000,234,282,多平,S,7718.0000,0.0000,0.0000,0.0000,0.0000,7720.0000,0.0000,0.0000,0.0000,0.0000,42,0,0,0,0,87,0,0,0,0
zc,TA209,2012-06-01 09:03:38.797,7718.0000,643986,140,0.0000,216.0000,178,38,空开,S,7718.0000,0.0000,0.0000,0.0000,0.0000,7720.0000,0.0000,0.0000,0.0000,0.0000,1,0,0,0,0,107,0,0,0,0
zc,TA209,2012-06-01 09:03:39.313,7718.0000,644088,102,0.0000,220.0000,161,59,空开,S,7716.0000,0.0000,0.0000,0.0000,0.0000,7720.0000,0.0000,0.0000,0.0000,0.0000,230,0,0,0,0,73,0,0,0,0
zc,TA209,2012-06-01 09:03:40.047,7718.0000,644112,24,0.0000,114.0000,69,45,空开,S,7716.0000,0.0000,0.0000,0.0000,0.0000,7718.0000,0.0000,0.0000,0.0000,0.0000,232,0,0,0,0,139,0,0,0,0
zc,TA209,2012-06-01 09:03:40.547,7718.0000,644082,-30,0.0000,84.0000,27,57,多平,S,7716.0000,0.0000,0.0000,0.0000,0.0000,7718.0000,0.0000,0.0000,0.0000,0.0000,227,0,0,0,0,140,0,0,0,0
zc,TA209,2012-06-01 09:03:41.017,7718.0000,644058,-24,0.0000,90.0000,33,57,多平,S,7716.0000,0.0000,0.0000,0.0000,0.0000,7718.0000,0.0000,0.0000,0.0000,0.0000,227,0,0,0,0,351,0,0,0,0
zc,TA209,2012-06-01 09:03:41.547,7716.0000,644118,60,0.0000,422.0000,241,181,空开,S,7716.0000,0.0000,0.0000,0.0000,0.0000,7718.0000,0.0000,0.0000,0.0000,0.0000,76,0,0,0,0,304,0,0,0,0
zc,TA209,2012-06-01 09:03:42.297,7716.0000,644158,40,0.0000,242.0000,141,101,空开,S,7714.0000,0.0000,0.0000,0.0000,0.0000,7716.0000,0.0000,0.0000,0.0000,0.0000,109,0,0,0,0,69,0,0,0,0
zc,TA209,2012-06-01 09:03:42.830,7716.0000,644144,-14,0.0000,46.0000,16,30,多平,S,7714.0000,0.0000,0.0000,0.0000,0.0000,7716.0000,0.0000,0.0000,0.0000,0.0000,100,0,0,0,0,112,0,0,0,0
zc,TA209,2012-06-01 09:03:43.517,7716.0000,644146,2,0.0000,54.0000,28,26,空开,S,7714.0000,0.0000,0.0000,0.0000,0.0000,7716.0000,0.0000,0.0000,0.0000,0.0000,92,0,0,0,0,111,0,0,0,0
zc,TA209,2012-06-01 09:03:44.033,7714.0000,644140,-6,0.0000,82.0000,38,44,多平,S,7714.0000,0.0000,0.0000,0.0000,0.0000,7716.0000,0.0000,0.0000,0.0000,0.0000,70,0,0,0,0,97,0,0,0,0
zc,TA209,2012-06-01 09:03:44.783,7714.0000,644166,26,0.0000,108.0000,67,41,空开,S,7714.0000,0.0000,0.0000,0.0000,0.0000,7716.0000,0.0000,0.0000,0.0000,0.0000,57,0,0,0,0,96,0,0,0,0
zc,TA209,2012-06-01 09:03:45.283,7714.0000,644342,176,0.0000,288.0000,232,56,空开,S,7714.0000,0.0000,0.0000,0.0000,0.0000,7716.0000,0.0000,0.0000,0.0000,0.0000,105,0,0,0,0,13,0,0,0,0
zc,TA209,2012-06-01 09:03:46.110,7714.0000,644350,8,0.0000,166.0000,87,79,空开,S,7714.0000,0.0000,0.0000,0.0000,0.0000,7718.0000,0.0000,0.0000,0.0000,0.0000,81,0,0,0,0,411,0,0,0,0
zc,TA209,2012-06-01 09:03:46.563,7714.0000,644536,186,0.0000,352.0000,269,83,空开,S,7712.0000,0.0000,0.0000,0.0000,0.0000,7714.0000,0.0000,0.0000,0.0000,0.0000,572,0,0,0,0,66,0,0,0,0
zc,TA209,2012-06-01 09:03:47.313,7714.0000,644618,82,0.0000,152.0000,117,35,空开,S,7712.0000,0.0000,0.0000,0.0000,0.0000,7714.0000,0.0000,0.0000,0.0000,0.0000,573,0,0,0,0,16,0,0,0,0
zc,TA209,2012-06-01 09:03:48.080,7716.0000,644630,12,0.0000,102.0000,57,45,多开,B,7714.0000,0.0000,0.0000,0.0000,0.0000,7716.0000,0.0000,0.0000,0.0000,0.0000,47,0,0,0,0,92,0,0,0,0
zc,TA209,2012-06-01 09:03:48.533,7716.0000,644642,12,0.0000,36.0000,24,12,多开,B,7714.0000,0.0000,0.0000,0.0000,0.0000,7716.0000,0.0000,0.0000,0.0000,0.0000,227,0,0,0,0,82,0,0,0,0
zc,TA209,2012-06-01 09:03:49.033,7716.0000,644832,190,0.0000,278.0000,234,44,多开,B,7716.0000,0.0000,0.0000,0.0000,0.0000,7718.0000,0.0000,0.0000,0.0000,0.0000,1,0,0,0,0,410,0,0,0,0
zc,TA209,2012-06-01 09:03:49.563,7714.0000,644886,54,0.0000,112.0000,83,29,空开,S,7714.0000,0.0000,0.0000,0.0000,0.0000,7718.0000,0.0000,0.0000,0.0000,0.0000,212,0,0,0,0,407,0,0,0,0
zc,TA209,2012-06-01 09:03:50.313,7718.0000,644922,36,0.0000,48.0000,42,6,多开,B,7716.0000,0.0000,0.0000,0.0000,0.0000,7718.0000,0.0000,0.0000,0.0000,0.0000,2,0,0,0,0,426,0,0,0,0
zc,TA209,2012-06-01 09:03:50.830,7714.0000,645202,280,0.0000,464.0000,372,92,空开,S,7714.0000,0.0000,0.0000,0.0000,0.0000,7718.0000,0.0000,0.0000,0.0000,0.0000,64,0,0,0,0,421,0,0,0,0
zc,TA209,2012-06-01 09:03:51.547,7718.0000,645202,0,0.0000,66.0000,33,33,多换,B,7714.0000,0.0000,0.0000,0.0000,0.0000,7718.0000,0.0000,0.0000,0.0000,0.0000,55,0,0,0,0,410,0,0,0,0
zc,TA209,2012-06-01 09:03:51.783,7714.0000,645284,82,0.0000,128.0000,105,23,空开,S,7714.0000,0.0000,0.0000,0.0000,0.0000,7716.0000,0.0000,0.0000,0.0000,0.0000,26,0,0,0,0,5,0,0,0,0
zc,TA209,2012-06-01 09:03:52.563,7714.0000,645368,84,0.0000,114.0000,99,15,空开,S,7712.0000,0.0000,0.0000,0.0000,0.0000,7714.0000,0.0000,0.0000,0.0000,0.0000,608,0,0,0,0,2,0,0,0,0
zc,TA209,2012-06-01 09:03:53.297,7714.0000,645372,4,0.0000,22.0000,13,9,空开,S,7714.0000,0.0000,0.0000,0.0000,0.0000,7716.0000,0.0000,0.0000,0.0000,0.0000,21,0,0,0,0,153,0,0,0,0
zc,TA209,2012-06-01 09:03:53.830,7714.0000,645362,-10,0.0000,60.0000,25,35,多平,S,7714.0000,0.0000,0.0000,0.0000,0.0000,7716.0000,0.0000,0.0000,0.0000,0.0000,103,0,0,0,0,160,0,0,0,0
zc,TA209,2012-06-01 09:03:54.563,7714.0000,645680,318,0.0000,692.0000,505,187,空开,S,7712.0000,0.0000,0.0000,0.0000,0.0000,7714.0000,0.0000,0.0000,0.0000,0.0000,412,0,0,0,0,28,0,0,0,0
zc,TA209,2012-06-01 09:03:54.783,7714.0000,645718,38,0.0000,82.0000,60,22,空开,S,7712.0000,0.0000,0.0000,0.0000,0.0000,7714.0000,0.0000,0.0000,0.0000,0.0000,416,0,0,0,0,14,0,0,0,0
zc,TA209,2012-06-01 09:03:55.563,7718.0000,645180,-538,0.0000,966.0000,214,752,空平,B,7714.0000,0.0000,0.0000,0.0000,0.0000,7718.0000,0.0000,0.0000,0.0000,0.0000,100,0,0,0,0,141,0,0,0,0
zc,TA209,2012-06-01 09:03:56.017,7718.0000,645254,74,0.0000,116.0000,95,21,多开,B,7714.0000,0.0000,0.0000,0.0000,0.0000,7718.0000,0.0000,0.0000,0.0000,0.0000,117,0,0,0,0,110,0,0,0,0
zc,TA209,2012-06-01 09:03:56.767,7714.0000,645288,34,0.0000,70.0000,52,18,空开,S,7714.0000,0.0000,0.0000,0.0000,0.0000,7718.0000,0.0000,0.0000,0.0000,0.0000,158,0,0,0,0,94,0,0,0,0
zc,TA209,2012-06-01 09:03:57.313,7716.0000,645300,12,0.0000,12.0000,12,0,双开,B,7716.0000,0.0000,0.0000,0.0000,0.0000,7718.0000,0.0000,0.0000,0.0000,0.0000,4,0,0,0,0,139,0,0,0,0
zc,TA209,2012-06-01 09:03:57.830,7716.0000,645370,70,0.0000,84.0000,77,7,多开,B,7716.0000,0.0000,0.0000,0.0000,0.0000,7718.0000,0.0000,0.0000,0.0000,0.0000,23,0,0,0,0,138,0,0,0,0
zc,TA209,2012-06-01 09:03:58.580,7716.0000,645386,16,0.0000,22.0000,19,3,多开,B,7716.0000,0.0000,0.0000,0.0000,0.0000,7718.0000,0.0000,0.0000,0.0000,0.0000,18,0,0,0,0,117,0,0,0,0
zc,TA209,2012-06-01 09:03:59.063,7716.0000,645486,100,0.0000,210.0000,155,55,多开,B,7716.0000,0.0000,0.0000,0.0000,0.0000,7718.0000,0.0000,0.0000,0.0000,0.0000,34,0,0,0,0,93,0,0,0,0
zc,TA209,2012-06-01 09:03:59.797,7716.0000,645504,18,0.0000,90.0000,54,36,多开,B,7714.0000,0.0000,0.0000,0.0000,0.0000,7716.0000,0.0000,0.0000,0.0000,0.0000,249,0,0,0,0,36,0,0,0,0
zc,TA209,2012-06-01 09:04:00.313,7714.0000,645836,332,0.0000,354.0000,343,11,空开,S,7714.0000,0.0000,0.0000,0.0000,0.0000,7716.0000,0.0000,0.0000,0.0000,0.0000,116,0,0,0,0,3,0,0,0,0
zc,TA209,2012-06-01 09:04:01.080,7718.0000,645878,42,0.0000,154.0000,98,56,多开,B,7714.0000,0.0000,0.0000,0.0000,0.0000,7716.0000,0.0000,0.0000,0.0000,0.0000,69,0,0,0,0,1,0,0,0,0
zc,TA209,2012-06-01 09:04:01.580,7716.0000,645986,108,0.0000,196.0000,152,44,空开,S,7714.0000,0.0000,0.0000,0.0000,0.0000,7716.0000,0.0000,0.0000,0.0000,0.0000,18,0,0,0,0,29,0,0,0,0
zc,TA209,2012-06-01 09:04:02.047,7716.0000,646028,42,0.0000,46.0000,44,2,空开,S,7714.0000,0.0000,0.0000,0.0000,0.0000,7716.0000,0.0000,0.0000,0.0000,0.0000,18,0,0,0,0,58,0,0,0,0
zc,TA209,2012-06-01 09:04:02.547,7716.0000,646066,38,0.0000,104.0000,71,33,空开,S,7714.0000,0.0000,0.0000,0.0000,0.0000,7716.0000,0.0000,0.0000,0.0000,0.0000,52,0,0,0,0,89,0,0,0,0
zc,TA209,2012-06-01 09:04:03.250,7716.0000,646096,30,0.0000,32.0000,31,1,空开,S,7714.0000,0.0000,0.0000,0.0000,0.0000,7716.0000,0.0000,0.0000,0.0000,0.0000,64,0,0,0,0,78,0,0,0,0
zc,TA209,2012-06-01 09:04:03.783,7716.0000,646222,126,0.0000,134.0000,130,4,空开,S,7714.0000,0.0000,0.0000,0.0000,0.0000,7716.0000,0.0000,0.0000,0.0000,0.0000,63,0,0,0,0,19,0,0,0,0
zc,TA209,2012-06-01 09:04:04.533,7716.0000,646274,52,0.0000,78.0000,65,13,空开,S,7716.0000,0.0000,0.0000,0.0000,0.0000,7718.0000,0.0000,0.0000,0.0000,0.0000,35,0,0,0,0,57,0,0,0,0
zc,TA209,2012-06-01 09:04:05.047,7716.0000,646312,38,0.0000,88.0000,63,25,空开,S,7714.0000,0.0000,0.0000,0.0000,0.0000,7718.0000,0.0000,0.0000,0.0000,0.0000,71,0,0,0,0,72,0,0,0,0
zc,TA209,2012-06-01 09:04:05.813,7716.0000,646328,16,0.0000,16.0000,16,0,双开,S,7716.0000,0.0000,0.0000,0.0000,0.0000,7718.0000,0.0000,0.0000,0.0000,0.0000,34,0,0,0,0,72,0,0,0,0
zc,TA209,2012-06-01 09:04:06.297,7718.0000,646390,62,0.0000,148.0000,105,43,多开,B,7718.0000,0.0000,0.0000,0.0000,0.0000,7720.0000,0.0000,0.0000,0.0000,0.0000,42,0,0,0,0,248,0,0,0,0
zc,TA209,2012-06-01 09:04:06.797,7718.0000,646474,84,0.0000,90.0000,87,3,多开,B,7718.0000,0.0000,0.0000,0.0000,0.0000,7720.0000,0.0000,0.0000,0.0000,0.0000,17,0,0,0,0,248,0,0,0,0
zc,TA209,2012-06-01 09:04:07.533,7718.0000,646466,-8,0.0000,40.0000,16,24,空平,B,7716.0000,0.0000,0.0000,0.0000,0.0000,7718.0000,0.0000,0.0000,0.0000,0.0000,65,0,0,0,0,15,0,0,0,0
zc,TA209,2012-06-01 09:04:07.783,7718.0000,646472,6,0.0000,68.0000,37,31,多开,B,7718.0000,0.0000,0.0000,0.0000,0.0000,7720.0000,0.0000,0.0000,0.0000,0.0000,149,0,0,0,0,241,0,0,0,0
zc,TA209,2012-06-01 09:04:08.783,7720.0000,646464,-8,0.0000,56.0000,24,32,空平,B,7718.0000,0.0000,0.0000,0.0000,0.0000,7720.0000,0.0000,0.0000,0.0000,0.0000,171,0,0,0,0,224,0,0,0,0
zc,TA209,2012-06-01 09:04:09.297,7714.0000,647018,554,0.0000,680.0000,617,63,空开,S,7716.0000,0.0000,0.0000,0.0000,0.0000,7720.0000,0.0000,0.0000,0.0000,0.0000,1,0,0,0,0,209,0,0,0,0
zc,TA209,2012-06-01 09:04:10.033,7720.0000,647032,14,0.0000,276.0000,145,131,多开,B,7716.0000,0.0000,0.0000,0.0000,0.0000,7720.0000,0.0000,0.0000,0.0000,0.0000,11,0,0,0,0,83,0,0,0,0
zc,TA209,2012-06-01 09:04:10.297,7720.0000,647148,116,0.0000,186.0000,151,35,多开,B,7720.0000,0.0000,0.0000,0.0000,0.0000,7722.0000,0.0000,0.0000,0.0000,0.0000,13,0,0,0,0,72,0,0,0,0
zc,TA209,2012-06-01 09:04:11.033,7722.0000,647150,2,0.0000,4.0000,3,1,多开,B,7720.0000,0.0000,0.0000,0.0000,0.0000,7722.0000,0.0000,0.0000,0.0000,0.0000,67,0,0,0,0,70,0,0,0,0
zc,TA209,2012-06-01 09:04:11.580,7714.0000,646894,-256,0.0000,966.0000,355,611,多平,S,7712.0000,0.0000,0.0000,0.0000,0.0000,7714.0000,0.0000,0.0000,0.0000,0.0000,768,0,0,0,0,37,0,0,0,0
zc,TA209,2012-06-01 09:04:12.313,7718.0000,646842,-52,0.0000,100.0000,24,76,空平,B,7720.0000,0.0000,0.0000,0.0000,0.0000,7722.0000,0.0000,0.0000,0.0000,0.0000,27,0,0,0,0,29,0,0,0,0
zc,TA209,2012-06-01 09:04:12.813,7722.0000,646842,0,0.0000,20.0000,10,10,多换,B,7720.0000,0.0000,0.0000,0.0000,0.0000,7722.0000,0.0000,0.0000,0.0000,0.0000,22,0,0,0,0,28,0,0,0,0
zc,TA209,2012-06-01 09:04:13.347,7718.0000,646842,0,0.0000,84.0000,42,42,空换,S,7716.0000,0.0000,0.0000,0.0000,0.0000,7718.0000,0.0000,0.0000,0.0000,0.0000,18,0,0,0,0,14,0,0,0,0
zc,TA209,2012-06-01 09:04:14.017,7718.0000,646832,-10,0.0000,24.0000,7,17,多平,S,7716.0000,0.0000,0.0000,0.0000,0.0000,7718.0000,0.0000,0.0000,0.0000,0.0000,16,0,0,0,0,19,0,0,0,0
zc,TA209,2012-06-01 09:04:14.547,7720.0000,646820,-12,0.0000,42.0000,15,27,空平,B,7718.0000,0.0000,0.0000,0.0000,0.0000,7720.0000,0.0000,0.0000,0.0000,0.0000,32,0,0,0,0,289,0,0,0,0
zc,TA209,2012-06-01 09:04:15.267,7720.0000,646776,-44,0.0000,78.0000,17,61,空平,B,7718.0000,0.0000,0.0000,0.0000,0.0000,7720.0000,0.0000,0.0000,0.0000,0.0000,36,0,0,0,0,261,0,0,0,0
zc,TA209,2012-06-01 09:04:15.580,7718.0000,646768,-8,0.0000,66.0000,29,37,多平,S,7718.0000,0.0000,0.0000,0.0000,0.0000,7720.0000,0.0000,0.0000,0.0000,0.0000,24,0,0,0,0,245,0,0,0,0
zc,TA209,2012-06-01 09:04:16.297,7720.0000,646780,12,0.0000,88.0000,50,38,多开,B,7718.0000,0.0000,0.0000,0.0000,0.0000,7720.0000,0.0000,0.0000,0.0000,0.0000,7,0,0,0,0,243,0,0,0,0
zc,TA209,2012-06-01 09:04:16.767,7718.0000,646780,0,0.0000,16.0000,8,8,空换,S,7718.0000,0.0000,0.0000,0.0000,0.0000,7720.0000,0.0000,0.0000,0.0000,0.0000,7,0,0,0,0,272,0,0,0,0
zc,TA209,2012-06-01 09:04:17.283,7718.0000,646798,18,0.0000,48.0000,33,15,空开,S,7716.0000,0.0000,0.0000,0.0000,0.0000,7718.0000,0.0000,0.0000,0.0000,0.0000,74,0,0,0,0,103,0,0,0,0
zc,TA209,2012-06-01 09:04:18.047,7718.0000,646852,54,0.0000,58.0000,56,2,空开,S,7716.0000,0.0000,0.0000,0.0000,0.0000,7718.0000,0.0000,0.0000,0.0000,0.0000,76,0,0,0,0,228,0,0,0,0
zc,TA209,2012-06-01 09:04:18.563,7718.0000,646842,-10,0.0000,656.0000,323,333,多平,S,7716.0000,0.0000,0.0000,0.0000,0.0000,7718.0000,0.0000,0.0000,0.0000,0.0000,29,0,0,0,0,47,0,0,0,0
zc,TA209,2012-06-01 09:04:19.033,7716.0000,646852,10,0.0000,64.0000,37,27,空开,S,7716.0000,0.0000,0.0000,0.0000,0.0000,7718.0000,0.0000,0.0000,0.0000,0.0000,14,0,0,0,0,39,0,0,0,0
zc,TA209,2012-06-01 09:04:19.597,7716.0000,646872,20,0.0000,42.0000,31,11,空开,S,7714.0000,0.0000,0.0000,0.0000,0.0000,7716.0000,0.0000,0.0000,0.0000,0.0000,316,0,0,0,0,21,0,0,0,0
zc,TA209,2012-06-01 09:04:20.297,7714.0000,646902,30,0.0000,48.0000,39,9,空开,S,7714.0000,0.0000,0.0000,0.0000,0.0000,7716.0000,0.0000,0.0000,0.0000,0.0000,322,0,0,0,0,56,0,0,0,0
zc,TA209,2012-06-01 09:04:20.830,7716.0000,646994,92,0.0000,272.0000,182,90,多开,B,7716.0000,0.0000,0.0000,0.0000,0.0000,7718.0000,0.0000,0.0000,0.0000,0.0000,35,0,0,0,0,48,0,0,0,0
zc,TA209,2012-06-01 09:04:21.580,7716.0000,647044,50,0.0000,154.0000,102,52,多开,B,7714.0000,0.0000,0.0000,0.0000,0.0000,7716.0000,0.0000,0.0000,0.0000,0.0000,404,0,0,0,0,29,0,0,0,0
zc,TA209,2012-06-01 09:04:22.017,7716.0000,647078,34,0.0000,40.0000,37,3,多开,B,7714.0000,0.0000,0.0000,0.0000,0.0000,7716.0000,0.0000,0.0000,0.0000,0.0000,402,0,0,0,0,13,0,0,0,0
zc,TA209,2012-06-01 09:04:22.533,7714.0000,647112,34,0.0000,36.0000,35,1,空开,S,7714.0000,0.0000,0.0000,0.0000,0.0000,7716.0000,0.0000,0.0000,0.0000,0.0000,396,0,0,0,0,2,0,0,0,0
zc,TA209,2012-06-01 09:04:23.283,7718.0000,647114,2,0.0000,20.0000,11,9,多开,B,7716.0000,0.0000,0.0000,0.0000,0.0000,7718.0000,0.0000,0.0000,0.0000,0.0000,39,0,0,0,0,53,0,0,0,0
zc,TA209,2012-06-01 09:04:23.797,7716.0000,647142,28,0.0000,40.0000,34,6,空开,S,7716.0000,0.0000,0.0000,0.0000,0.0000,7718.0000,0.0000,0.0000,0.0000,0.0000,147,0,0,0,0,47,0,0,0,0
zc,TA209,2012-06-01 09:04:24.547,7716.0000,647144,2,0.0000,2.0000,2,0,双开,S,7716.0000,0.0000,0.0000,0.0000,0.0000,7718.0000,0.0000,0.0000,0.0000,0.0000,151,0,0,0,0,24,0,0,0,0
zc,TA209,2012-06-01 09:04:25.080,7718.0000,647112,-32,0.0000,90.0000,29,61,空平,B,7718.0000,0.0000,0.0000,0.0000,0.0000,7720.0000,0.0000,0.0000,0.0000,0.0000,365,0,0,0,0,380,0,0,0,0
zc,TA209,2012-06-01 09:04:25.813,7718.0000,647006,-106,0.0000,130.0000,12,118,空平,B,7718.0000,0.0000,0.0000,0.0000,0.0000,7720.0000,0.0000,0.0000,0.0000,0.0000,306,0,0,0,0,378,0,0,0,0
zc,TA209,2012-06-01 09:04:26.017,7718.0000,647006,0,0.0000,98.0000,49,49,多换,B,7718.0000,0.0000,0.0000,0.0000,0.0000,7720.0000,0.0000,0.0000,0.0000,0.0000,268,0,0,0,0,369,0,0,0,0
zc,TA209,2012-06-01 09:04:26.813,7718.0000,647006,0,0.0000,18.0000,9,9,多换,B,7718.0000,0.0000,0.0000,0.0000,0.0000,7720.0000,0.0000,0.0000,0.0000,0.0000,273,0,0,0,0,371,0,0,0,0
zc,TA209,2012-06-01 09:04:27.297,7718.0000,647004,-2,0.0000,404.0000,201,203,空平,B,7718.0000,0.0000,0.0000,0.0000,0.0000,7720.0000,0.0000,0.0000,0.0000,0.0000,74,0,0,0,0,371,0,0,0,0
zc,TA209,2012-06-01 09:04:28.047,7718.0000,646962,-42,0.0000,50.0000,4,46,空平,B,7718.0000,0.0000,0.0000,0.0000,0.0000,7720.0000,0.0000,0.0000,0.0000,0.0000,104,0,0,0,0,352,0,0,0,0
zc,TA209,2012-06-01 09:04:28.547,7718.0000,646962,0,0.0000,46.0000,23,23,多换,B,7718.0000,0.0000,0.0000,0.0000,0.0000,7720.0000,0.0000,0.0000,0.0000,0.0000,82,0,0,0,0,351,0,0,0,0
zc,TA209,2012-06-01 09:04:29.017,7718.0000,646826,-136,0.0000,232.0000,48,184,空平,B,7718.0000,0.0000,0.0000,0.0000,0.0000,7720.0000,0.0000,0.0000,0.0000,0.0000,40,0,0,0,0,346,0,0,0,0
zc,TA209,2012-06-01 09:04:29.813,7718.0000,646822,-4,0.0000,20.0000,8,12,空平,B,7718.0000,0.0000,0.0000,0.0000,0.0000,7720.0000,0.0000,0.0000,0.0000,0.0000,42,0,0,0,0,340,0,0,0,0
zc,TA209,2012-06-01 09:04:30.283,7718.0000,646822,0,0.0000,58.0000,29,29,多换,B,7718.0000,0.0000,0.0000,0.0000,0.0000,7720.0000,0.0000,0.0000,0.0000,0.0000,138,0,0,0,0,331,0,0,0,0
zc,TA209,2012-06-01 09:04:31.047,7718.0000,646812,-10,0.0000,48.0000,19,29,空平,B,7718.0000,0.0000,0.0000,0.0000,0.0000,7720.0000,0.0000,0.0000,0.0000,0.0000,133,0,0,0,0,318,0,0,0,0
zc,TA209,2012-06-01 09:04:31.297,7718.0000,646812,0,0.0000,14.0000,7,7,多换,B,7718.0000,0.0000,0.0000,0.0000,0.0000,7720.0000,0.0000,0.0000,0.0000,0.0000,219,0,0,0,0,314,0,0,0,0
zc,TA209,2012-06-01 09:04:32.033,7720.0000,646812,0,0.0000,4.0000,2,2,多换,B,7718.0000,0.0000,0.0000,0.0000,0.0000,7720.0000,0.0000,0.0000,0.0000,0.0000,240,0,0,0,0,313,0,0,0,0
zc,TA209,2012-06-01 09:04:32.500,7720.0000,646810,-2,0.0000,2.0000,0,2,双平,B,7718.0000,0.0000,0.0000,0.0000,0.0000,7720.0000,0.0000,0.0000,0.0000,0.0000,242,0,0,0,0,314,0,0,0,0
zc,TA209,2012-06-01 09:04:33.000,7720.0000,646624,-186,0.0000,218.0000,16,202,空平,B,7718.0000,0.0000,0.0000,0.0000,0.0000,7720.0000,0.0000,0.0000,0.0000,0.0000,238,0,0,0,0,315,0,0,0,0
zc,TA209,2012-06-01 09:04:33.767,7720.0000,646606,-18,0.0000,54.0000,18,36,空平,B,7718.0000,0.0000,0.0000,0.0000,0.0000,7720.0000,0.0000,0.0000,0.0000,0.0000,240,0,0,0,0,290,0,0,0,0
zc,TA209,2012-06-01 09:04:34.330,7718.0000,646562,-44,0.0000,124.0000,40,84,多平,S,7718.0000,0.0000,0.0000,0.0000,0.0000,7720.0000,0.0000,0.0000,0.0000,0.0000,240,0,0,0,0,244,0,0,0,0
zc,TA209,2012-06-01 09:04:34.797,7720.0000,646650,88,0.0000,140.0000,114,26,多开,B,7718.0000,0.0000,0.0000,0.0000,0.0000,7720.0000,0.0000,0.0000,0.0000,0.0000,241,0,0,0,0,185,0,0,0,0
zc,TA209,2012-06-01 09:04:35.297,7720.0000,646638,-12,0.0000,60.0000,24,36,空平,B,7718.0000,0.0000,0.0000,0.0000,0.0000,7720.0000,0.0000,0.0000,0.0000,0.0000,226,0,0,0,0,158,0,0,0,0
zc,TA209,2012-06-01 09:04:36.047,7718.0000,646662,24,0.0000,68.0000,46,22,空开,S,7718.0000,0.0000,0.0000,0.0000,0.0000,7720.0000,0.0000,0.0000,0.0000,0.0000,202,0,0,0,0,126,0,0,0,0
zc,TA209,2012-06-01 09:04:36.533,7720.0000,646710,48,0.0000,152.0000,100,52,多开,B,7718.0000,0.0000,0.0000,0.0000,0.0000,7720.0000,0.0000,0.0000,0.0000,0.0000,197,0,0,0,0,55,0,0,0,0
zc,TA209,2012-06-01 09:04:37.047,7720.0000,646736,26,0.0000,48.0000,37,11,多开,B,7718.0000,0.0000,0.0000,0.0000,0.0000,7720.0000,0.0000,0.0000,0.0000,0.0000,199,0,0,0,0,31,0,0,0,0
zc,TA209,2012-06-01 09:04:37.797,7722.0000,646756,20,0.0000,70.0000,45,25,多开,B,7720.0000,0.0000,0.0000,0.0000,0.0000,7722.0000,0.0000,0.0000,0.0000,0.0000,71,0,0,0,0,109,0,0,0,0
zc,TA209,2012-06-01 09:04:38.283,7720.0000,646798,42,0.0000,44.0000,43,1,空开,S,7720.0000,0.0000,0.0000,0.0000,0.0000,7722.0000,0.0000,0.0000,0.0000,0.0000,74,0,0,0,0,108,0,0,0,0
zc,TA209,2012-06-01 09:04:39.047,7722.0000,646852,54,0.0000,88.0000,71,17,多开,B,7720.0000,0.0000,0.0000,0.0000,0.0000,7722.0000,0.0000,0.0000,0.0000,0.0000,132,0,0,0,0,77,0,0,0,0
zc,TA209,2012-06-01 09:04:39.533,7720.0000,646848,-4,0.0000,98.0000,47,51,多平,S,7720.0000,0.0000,0.0000,0.0000,0.0000,7722.0000,0.0000,0.0000,0.0000,0.0000,131,0,0,0,0,81,0,0,0,0
zc,TA209,2012-06-01 09:04:40.330,7722.0000,647002,154,0.0000,192.0000,173,19,多开,B,7722.0000,0.0000,0.0000,0.0000,0.0000,7724.0000,0.0000,0.0000,0.0000,0.0000,131,0,0,0,0,84,0,0,0,0
zc,TA209,2012-06-01 09:04:40.797,7722.0000,647004,2,0.0000,2.0000,2,0,双开,B,7722.0000,0.0000,0.0000,0.0000,0.0000,7724.0000,0.0000,0.0000,0.0000,0.0000,142,0,0,0,0,89,0,0,0,0
zc,TA209,2012-06-01 09:04:41.283,7722.0000,647038,34,0.0000,74.0000,54,20,多开,B,7722.0000,0.0000,0.0000,0.0000,0.0000,7724.0000,0.0000,0.0000,0.0000,0.0000,106,0,0,0,0,111,0,0,0,0
zc,TA209,2012-06-01 09:04:41.783,7722.0000,647046,8,0.0000,52.0000,30,22,多开,B,7722.0000,0.0000,0.0000,0.0000,0.0000,7724.0000,0.0000,0.0000,0.0000,0.0000,95,0,0,0,0,96,0,0,0,0
zc,TA209,2012-06-01 09:04:42.533,7724.0000,647168,122,0.0000,126.0000,124,2,多开,B,7722.0000,0.0000,0.0000,0.0000,0.0000,7724.0000,0.0000,0.0000,0.0000,0.0000,43,0,0,0,0,86,0,0,0,0
zc,TA209,2012-06-01 09:04:43.017,7722.0000,647150,-18,0.0000,54.0000,18,36,多平,S,7722.0000,0.0000,0.0000,0.0000,0.0000,7724.0000,0.0000,0.0000,0.0000,0.0000,26,0,0,0,0,88,0,0,0,0
zc,TA209,2012-06-01 09:04:43.533,7724.0000,647152,2,0.0000,20.0000,11,9,多开,B,7722.0000,0.0000,0.0000,0.0000,0.0000,7724.0000,0.0000,0.0000,0.0000,0.0000,27,0,0,0,0,87,0,0,0,0
zc,TA209,2012-06-01 09:04:44.297,7724.0000,647190,38,0.0000,178.0000,108,70,多开,B,7722.0000,0.0000,0.0000,0.0000,0.0000,7724.0000,0.0000,0.0000,0.0000,0.0000,25,0,0,0,0,17,0,0,0,0
zc,TA209,2012-06-01 09:04:44.597,7726.0000,647146,-44,0.0000,58.0000,7,51,空平,B,7724.0000,0.0000,0.0000,0.0000,0.0000,7726.0000,0.0000,0.0000,0.0000,0.0000,69,0,0,0,0,69,0,0,0,0
zc,TA209,2012-06-01 09:04:45.267,7724.0000,647108,-38,0.0000,42.0000,2,40,多平,S,7724.0000,0.0000,0.0000,0.0000,0.0000,7726.0000,0.0000,0.0000,0.0000,0.0000,49,0,0,0,0,69,0,0,0,0
zc,TA209,2012-06-01 09:04:45.767,7724.0000,647098,-10,0.0000,14.0000,2,12,多平,S,7724.0000,0.0000,0.0000,0.0000,0.0000,7726.0000,0.0000,0.0000,0.0000,0.0000,43,0,0,0,0,71,0,0,0,0
zc,TA209,2012-06-01 09:04:46.547,7726.0000,647094,-4,0.0000,4.0000,0,4,双平,B,7724.0000,0.0000,0.0000,0.0000,0.0000,7726.0000,0.0000,0.0000,0.0000,0.0000,55,0,0,0,0,69,0,0,0,0
zc,TA209,2012-06-01 09:04:47.127,7724.0000,647108,14,0.0000,130.0000,72,58,空开,S,7722.0000,0.0000,0.0000,0.0000,0.0000,7724.0000,0.0000,0.0000,0.0000,0.0000,31,0,0,0,0,41,0,0,0,0
zc,TA209,2012-06-01 09:04:47.547,7724.0000,647016,-92,0.0000,230.0000,69,161,多平,S,7722.0000,0.0000,0.0000,0.0000,0.0000,7724.0000,0.0000,0.0000,0.0000,0.0000,33,0,0,0,0,1,0,0,0,0
zc,TA209,2012-06-01 09:04:48.297,7726.0000,647040,24,0.0000,40.0000,32,8,多开,B,7722.0000,0.0000,0.0000,0.0000,0.0000,7726.0000,0.0000,0.0000,0.0000,0.0000,39,0,0,0,0,5,0,0,0,0
zc,TA209,2012-06-01 09:04:48.767,7724.0000,647042,2,0.0000,16.0000,9,7,空开,S,7722.0000,0.0000,0.0000,0.0000,0.0000,7724.0000,0.0000,0.0000,0.0000,0.0000,38,0,0,0,0,3,0,0,0,0
zc,TA209,2012-06-01 09:04:49.563,7724.0000,647078,36,0.0000,54.0000,45,9,空开,S,7722.0000,0.0000,0.0000,0.0000,0.0000,7724.0000,0.0000,0.0000,0.0000,0.0000,24,0,0,0,0,10,0,0,0,0
zc,TA209,2012-06-01 09:04:49.813,7726.0000,647074,-4,0.0000,42.0000,19,23,空平,B,7726.0000,0.0000,0.0000,0.0000,0.0000,7728.0000,0.0000,0.0000,0.0000,0.0000,390,0,0,0,0,31,0,0,0,0
zc,TA209,2012-06-01 09:04:50.547,7728.0000,647058,-16,0.0000,138.0000,61,77,空平,B,7726.0000,0.0000,0.0000,0.0000,0.0000,7728.0000,0.0000,0.0000,0.0000,0.0000,343,0,0,0,0,16,0,0,0,0
zc,TA209,2012-06-01 09:04:51.047,7728.0000,647074,16,0.0000,80.0000,48,32,多开,B,7728.0000,0.0000,0.0000,0.0000,0.0000,7730.0000,0.0000,0.0000,0.0000,0.0000,90,0,0,0,0,27,0,0,0,0
zc,TA209,2012-06-01 09:04:51.783,7728.0000,647090,16,0.0000,244.0000,130,114,多开,B,7726.0000,0.0000,0.0000,0.0000,0.0000,7730.0000,0.0000,0.0000,0.0000,0.0000,329,0,0,0,0,27,0,0,0,0
zc,TA209,2012-06-01 09:04:52.297,7730.0000,647048,-42,0.0000,62.0000,10,52,空平,B,7726.0000,0.0000,0.0000,0.0000,0.0000,7728.0000,0.0000,0.0000,0.0000,0.0000,329,0,0,0,0,1,0,0,0,0
zc,TA209,2012-06-01 09:04:52.783,7730.0000,647002,-46,0.0000,52.0000,3,49,空平,B,7730.0000,0.0000,0.0000,0.0000,0.0000,7732.0000,0.0000,0.0000,0.0000,0.0000,60,0,0,0,0,11,0,0,0,0
zc,TA209,2012-06-01 09:04:53.563,7730.0000,646994,-8,0.0000,8.0000,0,8,双平,B,7730.0000,0.0000,0.0000,0.0000,0.0000,7732.0000,0.0000,0.0000,0.0000,0.0000,58,0,0,0,0,79,0,0,0,0
zc,TA209,2012-06-01 09:04:54.080,7730.0000,646968,-26,0.0000,34.0000,4,30,空平,B,7730.0000,0.0000,0.0000,0.0000,0.0000,7732.0000,0.0000,0.0000,0.0000,0.0000,55,0,0,0,0,79,0,0,0,0
zc,TA209,2012-06-01 09:04:54.797,7732.0000,646956,-12,0.0000,28.0000,8,20,空平,B,7730.0000,0.0000,0.0000,0.0000,0.0000,7732.0000,0.0000,0.0000,0.0000,0.0000,35,0,0,0,0,72,0,0,0,0
zc,TA209,2012-06-01 09:04:55.297,7732.0000,647158,202,0.0000,398.0000,300,98,多开,B,7732.0000,0.0000,0.0000,0.0000,0.0000,7734.0000,0.0000,0.0000,0.0000,0.0000,126,0,0,0,0,16,0,0,0,0
zc,TA209,2012-06-01 09:04:55.767,7732.0000,647158,0,0.0000,30.0000,15,15,多换,B,7732.0000,0.0000,0.0000,0.0000,0.0000,7734.0000,0.0000,0.0000,0.0000,0.0000,133,0,0,0,0,16,0,0,0,0
zc,TA209,2012-06-01 09:04:56.297,7732.0000,647166,8,0.0000,26.0000,17,9,多开,B,7732.0000,0.0000,0.0000,0.0000,0.0000,7734.0000,0.0000,0.0000,0.0000,0.0000,136,0,0,0,0,13,0,0,0,0
zc,TA209,2012-06-01 09:04:57.080,7734.0000,647152,-14,0.0000,38.0000,12,26,空平,B,7734.0000,0.0000,0.0000,0.0000,0.0000,7736.0000,0.0000,0.0000,0.0000,0.0000,126,0,0,0,0,123,0,0,0,0
zc,TA209,2012-06-01 09:04:57.533,7734.0000,647100,-52,0.0000,76.0000,12,64,空平,B,7734.0000,0.0000,0.0000,0.0000,0.0000,7736.0000,0.0000,0.0000,0.0000,0.0000,111,0,0,0,0,142,0,0,0,0
zc,TA209,2012-06-01 09:04:58.033,7734.0000,647034,-66,0.0000,86.0000,10,76,空平,B,7734.0000,0.0000,0.0000,0.0000,0.0000,7736.0000,0.0000,0.0000,0.0000,0.0000,585,0,0,0,0,140,0,0,0,0
zc,TA209,2012-06-01 09:04:58.797,7736.0000,646912,-122,0.0000,254.0000,66,188,空平,B,7734.0000,0.0000,0.0000,0.0000,0.0000,7736.0000,0.0000,0.0000,0.0000,0.0000,513,0,0,0,0,55,0,0,0,0
zc,TA209,2012-06-01 09:04:59.580,7736.0000,646882,-30,0.0000,62.0000,16,46,空平,B,7734.0000,0.0000,0.0000,0.0000,0.0000,7736.0000,0.0000,0.0000,0.0000,0.0000,513,0,0,0,0,41,0,0,0,0
zc,TA209,2012-06-01 09:05:00.097,7736.0000,646846,-36,0.0000,232.0000,98,134,空平,B,7736.0000,0.0000,0.0000,0.0000,0.0000,7738.0000,0.0000,0.0000,0.0000,0.0000,15,0,0,0,0,31,0,0,0,0
zc,TA209,2012-06-01 09:05:00.547,7736.0000,646834,-12,0.0000,18.0000,3,15,空平,B,7736.0000,0.0000,0.0000,0.0000,0.0000,7738.0000,0.0000,0.0000,0.0000,0.0000,69,0,0,0,0,35,0,0,0,0
zc,TA209,2012-06-01 09:05:01.330,7734.0000,646776,-58,0.0000,186.0000,64,122,多平,S,7734.0000,0.0000,0.0000,0.0000,0.0000,7736.0000,0.0000,0.0000,0.0000,0.0000,442,0,0,0,0,91,0,0,0,0
zc,TA209,2012-06-01 09:05:01.797,7736.0000,646812,36,0.0000,54.0000,45,9,多开,B,7734.0000,0.0000,0.0000,0.0000,0.0000,7736.0000,0.0000,0.0000,0.0000,0.0000,424,0,0,0,0,129,0,0,0,0
zc,TA209,2012-06-01 09:05:02.500,7736.0000,646820,8,0.0000,252.0000,130,122,多开,B,7734.0000,0.0000,0.0000,0.0000,0.0000,7736.0000,0.0000,0.0000,0.0000,0.0000,380,0,0,0,0,72,0,0,0,0
zc,TA209,2012-06-01 09:05:03.063,7736.0000,646824,4,0.0000,108.0000,56,52,多开,B,7734.0000,0.0000,0.0000,0.0000,0.0000,7736.0000,0.0000,0.0000,0.0000,0.0000,335,0,0,0,0,171,0,0,0,0
zc,TA209,2012-06-01 09:05:03.563,7736.0000,646856,32,0.0000,420.0000,226,194,多开,B,7734.0000,0.0000,0.0000,0.0000,0.0000,7736.0000,0.0000,0.0000,0.0000,0.0000,303,0,0,0,0,76,0,0,0,0
zc,TA209,2012-06-01 09:05:04.047,7734.0000,646952,96,0.0000,164.0000,130,34,空开,S,7734.0000,0.0000,0.0000,0.0000,0.0000,7736.0000,0.0000,0.0000,0.0000,0.0000,247,0,0,0,0,55,0,0,0,0
zc,TA209,2012-06-01 09:05:04.783,7734.0000,647170,218,0.0000,222.0000,220,2,空开,S,7734.0000,0.0000,0.0000,0.0000,0.0000,7736.0000,0.0000,0.0000,0.0000,0.0000,136,0,0,0,0,101,0,0,0,0
zc,TA209,2012-06-01 09:05:05.360,7734.0000,647398,228,0.0000,348.0000,288,60,空开,S,7732.0000,0.0000,0.0000,0.0000,0.0000,7734.0000,0.0000,0.0000,0.0000,0.0000,144,0,0,0,0,9,0,0,0,0
zc,TA209,2012-06-01 09:05:06.063,7734.0000,647608,210,0.0000,238.0000,224,14,空开,S,7732.0000,0.0000,0.0000,0.0000,0.0000,7734.0000,0.0000,0.0000,0.0000,0.0000,47,0,0,0,0,87,0,0,0,0
zc,TA209,2012-06-01 09:05:06.517,7734.0000,647580,-28,0.0000,52.0000,12,40,多平,S,7732.0000,0.0000,0.0000,0.0000,0.0000,7734.0000,0.0000,0.0000,0.0000,0.0000,43,0,0,0,0,111,0,0,0,0
zc,TA209,2012-06-01 09:05:07.047,7732.0000,647572,-8,0.0000,132.0000,62,70,多平,S,7730.0000,0.0000,0.0000,0.0000,0.0000,7732.0000,0.0000,0.0000,0.0000,0.0000,61,0,0,0,0,164,0,0,0,0
zc,TA209,2012-06-01 09:05:07.797,7732.0000,647548,-24,0.0000,58.0000,17,41,多平,S,7730.0000,0.0000,0.0000,0.0000,0.0000,7732.0000,0.0000,0.0000,0.0000,0.0000,44,0,0,0,0,322,0,0,0,0
zc,TA209,2012-06-01 09:05:08.377,7732.0000,647540,-8,0.0000,12.0000,2,10,多平,S,7730.0000,0.0000,0.0000,0.0000,0.0000,7732.0000,0.0000,0.0000,0.0000,0.0000,43,0,0,0,0,331,0,0,0,0
zc,TA209,2012-06-01 09:05:09.033,7730.0000,647538,-2,0.0000,36.0000,17,19,多平,S,7730.0000,0.0000,0.0000,0.0000,0.0000,7732.0000,0.0000,0.0000,0.0000,0.0000,28,0,0,0,0,339,0,0,0,0
