市场代码,合约代码,时间,最新,持仓,增仓,成交额,成交量,开仓,平仓,成交类型,方向,买一价,买二价,买三价,买四价,买五价,卖一价,卖二价,卖三价,卖四价,卖五价,买一量,买二量,买三量,买四量,买五量,卖一量,卖二量,卖三量,卖四量,卖五量
zc,TA207,2012-06-01 07:45:29.547,0.0000,838,0,0.0000,0.0000,0,0,空换,S,0.0000,0.0000,0.0000,0.0000,0.0000,0.0000,0.0000,0.0000,0.0000,0.0000,0,0,0,0,0,0,0,0,0,0
zc,TA207,2012-06-01 07:53:08.313,0.0000,838,0,0.0000,0.0000,0,0,空换,S,0.0000,0.0000,0.0000,0.0000,0.0000,0.0000,0.0000,0.0000,0.0000,0.0000,0,0,0,0,0,0,0,0,0,0
zc,TA207,2012-06-01 07:59:08.313,0.0000,838,0,0.0000,0.0000,0,0,空换,S,0.0000,0.0000,0.0000,0.0000,0.0000,0.0000,0.0000,0.0000,0.0000,0.0000,0,0,0,0,0,0,0,0,0,0
zc,TA207,2012-06-01 08:00:08.297,0.0000,838,0,0.0000,0.0000,0,0,空换,S,0.0000,0.0000,0.0000,0.0000,0.0000,0.0000,0.0000,0.0000,0.0000,0.0000,0,0,0,0,0,0,0,0,0,0
zc,TA207,2012-06-01 08:02:08.297,0.0000,838,0,0.0000,0.0000,0,0,空换,S,0.0000,0.0000,0.0000,0.0000,0.0000,0.0000,0.0000,0.0000,0.0000,0.0000,0,0,0,0,0,0,0,0,0,0
zc,TA207,2012-06-01 08:05:08.297,0.0000,838,0,0.0000,0.0000,0,0,空换,S,0.0000,0.0000,0.0000,0.0000,0.0000,0.0000,0.0000,0.0000,0.0000,0.0000,0,0,0,0,0,0,0,0,0,0
zc,TA207,2012-06-01 08:09:08.297,0.0000,838,0,0.0000,0.0000,0,0,空换,S,0.0000,0.0000,0.0000,0.0000,0.0000,0.0000,0.0000,0.0000,0.0000,0.0000,0,0,0,0,0,0,0,0,0,0
zc,TA207,2012-06-01 08:12:08.283,0.0000,838,0,0.0000,0.0000,0,0,空换,S,0.0000,0.0000,0.0000,0.0000,0.0000,0.0000,0.0000,0.0000,0.0000,0.0000,0,0,0,0,0,0,0,0,0,0
zc,TA207,2012-06-01 08:14:08.283,0.0000,838,0,0.0000,0.0000,0,0,空换,S,0.0000,0.0000,0.0000,0.0000,0.0000,0.0000,0.0000,0.0000,0.0000,0.0000,0,0,0,0,0,0,0,0,0,0
zc,TA207,2012-06-01 08:15:08.283,0.0000,838,0,0.0000,0.0000,0,0,空换,S,0.0000,0.0000,0.0000,0.0000,0.0000,0.0000,0.0000,0.0000,0.0000,0.0000,0,0,0,0,0,0,0,0,0,0
zc,TA207,2012-06-01 08:17:08.283,0.0000,838,0,0.0000,0.0000,0,0,空换,S,0.0000,0.0000,0.0000,0.0000,0.0000,0.0000,0.0000,0.0000,0.0000,0.0000,0,0,0,0,0,0,0,0,0,0
zc,TA207,2012-06-01 08:31:08.267,0.0000,838,0,0.0000,0.0000,0,0,空换,S,0.0000,0.0000,0.0000,0.0000,0.0000,0.0000,0.0000,0.0000,0.0000,0.0000,0,0,0,0,0,0,0,0,0,0
zc,TA207,2012-06-01 08:42:08.250,0.0000,838,0,0.0000,0.0000,0,0,空换,S,0.0000,0.0000,0.0000,0.0000,0.0000,0.0000,0.0000,0.0000,0.0000,0.0000,0,0,0,0,0,0,0,0,0,0
zc,TA207,2012-06-01 08:48:08.250,0.0000,838,0,0.0000,0.0000,0,0,空换,S,0.0000,0.0000,0.0000,0.0000,0.0000,0.0000,0.0000,0.0000,0.0000,0.0000,0,0,0,0,0,0,0,0,0,0
zc,TA207,2012-06-01 08:53:08.237,0.0000,838,0,0.0000,0.0000,0,0,空换,S,0.0000,0.0000,0.0000,0.0000,0.0000,0.0000,0.0000,0.0000,0.0000,0.0000,0,0,0,0,0,0,0,0,0,0
zc,TA207,2012-06-01 08:54:08.237,0.0000,838,0,0.0000,0.0000,0,0,空换,S,0.0000,0.0000,0.0000,0.0000,0.0000,0.0000,0.0000,0.0000,0.0000,0.0000,0,0,0,0,0,0,0,0,0,0
zc,TA207,2012-06-01 08:56:08.237,0.0000,838,0,0.0000,0.0000,0,0,空换,S,0.0000,0.0000,0.0000,0.0000,0.0000,0.0000,0.0000,0.0000,0.0000,0.0000,0,0,0,0,0,0,0,0,0,0
zc,TA207,2012-06-01 08:59:02.423,0.0000,838,0,0.0000,0.0000,0,0,空换,S,7620.0000,0.0000,0.0000,0.0000,0.0000,8256.0000,0.0000,0.0000,0.0000,0.0000,1,0,0,0,0,1,0,0,0,0
zc,TA207,2012-06-01 09:00:01.377,0.0000,838,0,0.0000,0.0000,0,0,空换,S,7774.0000,0.0000,0.0000,0.0000,0.0000,8256.0000,0.0000,0.0000,0.0000,0.0000,10,0,0,0,0,1,0,0,0,0
zc,TA207,2012-06-01 09:00:02.440,7832.0000,838,0,0.0000,2.0000,1,1,多换,B,7832.0000,0.0000,0.0000,0.0000,0.0000,7936.0000,0.0000,0.0000,0.0000,0.0000,9,0,0,0,0,10,0,0,0,0
zc,TA207,2012-06-01 09:00:03.407,7832.0000,838,0,0.0000,0.0000,0,0,多换,B,7836.0000,0.0000,0.0000,0.0000,0.0000,7932.0000,0.0000,0.0000,0.0000,0.0000,3,0,0,0,0,10,0,0,0,0
zc,TA207,2012-06-01 09:00:04.143,7832.0000,838,0,0.0000,0.0000,0,0,多换,B,7830.0000,0.0000,0.0000,0.0000,0.0000,7932.0000,0.0000,0.0000,0.0000,0.0000,9,0,0,0,0,6,0,0,0,0
zc,TA207,2012-06-01 09:00:04.627,7832.0000,838,0,0.0000,0.0000,0,0,多换,B,7832.0000,0.0000,0.0000,0.0000,0.0000,7934.0000,0.0000,0.0000,0.0000,0.0000,9,0,0,0,0,10,0,0,0,0
zc,TA207,2012-06-01 09:00:05.377,7832.0000,838,0,0.0000,0.0000,0,0,多换,B,7828.0000,0.0000,0.0000,0.0000,0.0000,7930.0000,0.0000,0.0000,0.0000,0.0000,9,0,0,0,0,10,0,0,0,0
zc,TA207,2012-06-01 09:00:05.877,7832.0000,838,0,0.0000,0.0000,0,0,多换,B,7830.0000,0.0000,0.0000,0.0000,0.0000,7936.0000,0.0000,0.0000,0.0000,0.0000,9,0,0,0,0,10,0,0,0,0
zc,TA207,2012-06-01 09:00:06.610,7832.0000,838,0,0.0000,0.0000,0,0,多换,B,7832.0000,0.0000,0.0000,0.0000,0.0000,7934.0000,0.0000,0.0000,0.0000,0.0000,9,0,0,0,0,10,0,0,0,0
zc,TA207,2012-06-01 09:00:07.360,7832.0000,838,0,0.0000,0.0000,0,0,多换,B,7830.0000,0.0000,0.0000,0.0000,0.0000,7932.0000,0.0000,0.0000,0.0000,0.0000,9,0,0,0,0,3,0,0,0,0
zc,TA207,2012-06-01 09:00:07.847,7832.0000,838,0,0.0000,0.0000,0,0,多换,B,7830.0000,0.0000,0.0000,0.0000,0.0000,7932.0000,0.0000,0.0000,0.0000,0.0000,9,0,0,0,0,10,0,0,0,0
zc,TA207,2012-06-01 09:00:08.250,7832.0000,838,0,0.0000,0.0000,0,0,多换,B,7830.0000,0.0000,0.0000,0.0000,0.0000,7932.0000,0.0000,0.0000,0.0000,0.0000,9,0,0,0,0,10,0,0,0,0
zc,TA207,2012-06-01 09:00:09.657,7832.0000,838,0,0.0000,0.0000,0,0,多换,B,7828.0000,0.0000,0.0000,0.0000,0.0000,7930.0000,0.0000,0.0000,0.0000,0.0000,9,0,0,0,0,10,0,0,0,0
zc,TA207,2012-06-01 09:00:11.563,7832.0000,838,0,0.0000,0.0000,0,0,多换,B,7828.0000,0.0000,0.0000,0.0000,0.0000,7930.0000,0.0000,0.0000,0.0000,0.0000,6,0,0,0,0,10,0,0,0,0
zc,TA207,2012-06-01 09:00:12.127,7832.0000,838,0,0.0000,0.0000,0,0,多换,B,7828.0000,0.0000,0.0000,0.0000,0.0000,7930.0000,0.0000,0.0000,0.0000,0.0000,9,0,0,0,0,10,0,0,0,0
zc,TA207,2012-06-01 09:00:12.877,7832.0000,838,0,0.0000,0.0000,0,0,多换,B,7826.0000,0.0000,0.0000,0.0000,0.0000,7928.0000,0.0000,0.0000,0.0000,0.0000,9,0,0,0,0,10,0,0,0,0
zc,TA207,2012-06-01 09:00:13.393,7832.0000,838,0,0.0000,0.0000,0,0,多换,B,7828.0000,0.0000,0.0000,0.0000,0.0000,7930.0000,0.0000,0.0000,0.0000,0.0000,9,0,0,0,0,10,0,0,0,0
zc,TA207,2012-06-01 09:00:14.313,7832.0000,838,0,0.0000,0.0000,0,0,多换,B,7830.0000,0.0000,0.0000,0.0000,0.0000,7932.0000,0.0000,0.0000,0.0000,0.0000,9,0,0,0,0,10,0,0,0,0
zc,TA207,2012-06-01 09:00:16.597,7832.0000,838,0,0.0000,0.0000,0,0,多换,B,7832.0000,0.0000,0.0000,0.0000,0.0000,7934.0000,0.0000,0.0000,0.0000,0.0000,8,0,0,0,0,10,0,0,0,0
zc,TA207,2012-06-01 09:00:17.110,7832.0000,838,0,0.0000,0.0000,0,0,多换,B,7830.0000,0.0000,0.0000,0.0000,0.0000,7934.0000,0.0000,0.0000,0.0000,0.0000,9,0,0,0,0,10,0,0,0,0
zc,TA207,2012-06-01 09:00:17.847,7832.0000,838,0,0.0000,0.0000,0,0,多换,B,7832.0000,0.0000,0.0000,0.0000,0.0000,7934.0000,0.0000,0.0000,0.0000,0.0000,9,0,0,0,0,10,0,0,0,0
zc,TA207,2012-06-01 09:00:18.347,7832.0000,838,0,0.0000,0.0000,0,0,多换,B,7834.0000,0.0000,0.0000,0.0000,0.0000,7938.0000,0.0000,0.0000,0.0000,0.0000,9,0,0,0,0,10,0,0,0,0
zc,TA207,2012-06-01 09:00:19.330,7832.0000,838,0,0.0000,0.0000,0,0,多换,B,7834.0000,0.0000,0.0000,0.0000,0.0000,7936.0000,0.0000,0.0000,0.0000,0.0000,9,0,0,0,0,10,0,0,0,0
zc,TA207,2012-06-01 09:00:19.847,7832.0000,838,0,0.0000,0.0000,0,0,多换,B,7834.0000,0.0000,0.0000,0.0000,0.0000,7936.0000,0.0000,0.0000,0.0000,0.0000,9,0,0,0,0,7,0,0,0,0
zc,TA207,2012-06-01 09:00:20.627,7832.0000,838,0,0.0000,0.0000,0,0,多换,B,7838.0000,0.0000,0.0000,0.0000,0.0000,7940.0000,0.0000,0.0000,0.0000,0.0000,9,0,0,0,0,10,0,0,0,0
zc,TA207,2012-06-01 09:00:22.097,7832.0000,838,0,0.0000,0.0000,0,0,多换,B,7836.0000,0.0000,0.0000,0.0000,0.0000,7938.0000,0.0000,0.0000,0.0000,0.0000,9,0,0,0,0,10,0,0,0,0
zc,TA207,2012-06-01 09:00:22.597,7832.0000,838,0,0.0000,0.0000,0,0,多换,B,7836.0000,0.0000,0.0000,0.0000,0.0000,7940.0000,0.0000,0.0000,0.0000,0.0000,9,0,0,0,0,10,0,0,0,0
zc,TA207,2012-06-01 09:00:23.330,7832.0000,838,0,0.0000,0.0000,0,0,多换,B,7838.0000,0.0000,0.0000,0.0000,0.0000,7940.0000,0.0000,0.0000,0.0000,0.0000,5,0,0,0,0,10,0,0,0,0
zc,TA207,2012-06-01 09:00:23.813,7832.0000,838,0,0.0000,0.0000,0,0,多换,B,7838.0000,0.0000,0.0000,0.0000,0.0000,7940.0000,0.0000,0.0000,0.0000,0.0000,9,0,0,0,0,10,0,0,0,0
zc,TA207,2012-06-01 09:00:24.597,7832.0000,838,0,0.0000,0.0000,0,0,多换,B,7840.0000,0.0000,0.0000,0.0000,0.0000,7942.0000,0.0000,0.0000,0.0000,0.0000,9,0,0,0,0,1,0,0,0,0
zc,TA207,2012-06-01 09:00:25.080,7832.0000,838,0,0.0000,0.0000,0,0,多换,B,7840.0000,0.0000,0.0000,0.0000,0.0000,7942.0000,0.0000,0.0000,0.0000,0.0000,9,0,0,0,0,2,0,0,0,0
zc,TA207,2012-06-01 09:00:25.860,7832.0000,838,0,0.0000,0.0000,0,0,多换,B,7842.0000,0.0000,0.0000,0.0000,0.0000,7944.0000,0.0000,0.0000,0.0000,0.0000,9,0,0,0,0,1,0,0,0,0
zc,TA207,2012-06-01 09:00:26.360,7832.0000,838,0,0.0000,0.0000,0,0,多换,B,7844.0000,0.0000,0.0000,0.0000,0.0000,7946.0000,0.0000,0.0000,0.0000,0.0000,9,0,0,0,0,10,0,0,0,0
zc,TA207,2012-06-01 09:00:27.330,7832.0000,838,0,0.0000,0.0000,0,0,多换,B,7844.0000,0.0000,0.0000,0.0000,0.0000,7946.0000,0.0000,0.0000,0.0000,0.0000,9,0,0,0,0,7,0,0,0,0
zc,TA207,2012-06-01 09:00:28.097,7832.0000,838,0,0.0000,0.0000,0,0,多换,B,7844.0000,0.0000,0.0000,0.0000,0.0000,7946.0000,0.0000,0.0000,0.0000,0.0000,9,0,0,0,0,10,0,0,0,0
zc,TA207,2012-06-01 09:00:28.597,7832.0000,838,0,0.0000,0.0000,0,0,多换,B,7846.0000,0.0000,0.0000,0.0000,0.0000,7948.0000,0.0000,0.0000,0.0000,0.0000,9,0,0,0,0,10,0,0,0,0
zc,TA207,2012-06-01 09:00:29.330,7832.0000,838,0,0.0000,0.0000,0,0,多换,B,7848.0000,0.0000,0.0000,0.0000,0.0000,7950.0000,0.0000,0.0000,0.0000,0.0000,9,0,0,0,0,10,0,0,0,0
zc,TA207,2012-06-01 09:00:32.347,7832.0000,838,0,0.0000,0.0000,0,0,多换,B,7850.0000,0.0000,0.0000,0.0000,0.0000,7952.0000,0.0000,0.0000,0.0000,0.0000,1,0,0,0,0,10,0,0,0,0
zc,TA207,2012-06-01 09:00:33.097,7832.0000,838,0,0.0000,0.0000,0,0,多换,B,7850.0000,0.0000,0.0000,0.0000,0.0000,7952.0000,0.0000,0.0000,0.0000,0.0000,2,0,0,0,0,10,0,0,0,0
zc,TA207,2012-06-01 09:00:33.847,7832.0000,838,0,0.0000,0.0000,0,0,多换,B,7848.0000,0.0000,0.0000,0.0000,0.0000,7950.0000,0.0000,0.0000,0.0000,0.0000,9,0,0,0,0,1,0,0,0,0
zc,TA207,2012-06-01 09:00:34.330,7832.0000,838,0,0.0000,0.0000,0,0,多换,B,7848.0000,0.0000,0.0000,0.0000,0.0000,7950.0000,0.0000,0.0000,0.0000,0.0000,6,0,0,0,0,10,0,0,0,0
zc,TA207,2012-06-01 09:00:35.063,7832.0000,838,0,0.0000,0.0000,0,0,多换,B,7846.0000,0.0000,0.0000,0.0000,0.0000,7950.0000,0.0000,0.0000,0.0000,0.0000,9,0,0,0,0,10,0,0,0,0
zc,TA207,2012-06-01 09:00:36.563,7832.0000,838,0,0.0000,0.0000,0,0,多换,B,7848.0000,0.0000,0.0000,0.0000,0.0000,7950.0000,0.0000,0.0000,0.0000,0.0000,9,0,0,0,0,10,0,0,0,0
zc,TA207,2012-06-01 09:00:37.347,7832.0000,838,0,0.0000,0.0000,0,0,多换,B,7846.0000,0.0000,0.0000,0.0000,0.0000,7950.0000,0.0000,0.0000,0.0000,0.0000,9,0,0,0,0,10,0,0,0,0
zc,TA207,2012-06-01 09:00:38.547,7832.0000,838,0,0.0000,0.0000,0,0,多换,B,7848.0000,0.0000,0.0000,0.0000,0.0000,7950.0000,0.0000,0.0000,0.0000,0.0000,7,0,0,0,0,10,0,0,0,0
zc,TA207,2012-06-01 09:00:39.063,7832.0000,838,0,0.0000,0.0000,0,0,多换,B,7846.0000,0.0000,0.0000,0.0000,0.0000,7950.0000,0.0000,0.0000,0.0000,0.0000,9,0,0,0,0,10,0,0,0,0
zc,TA207,2012-06-01 09:00:39.597,7832.0000,838,0,0.0000,0.0000,0,0,多换,B,7846.0000,0.0000,0.0000,0.0000,0.0000,7948.0000,0.0000,0.0000,0.0000,0.0000,9,0,0,0,0,6,0,0,0,0
zc,TA207,2012-06-01 09:00:40.313,7832.0000,838,0,0.0000,0.0000,0,0,多换,B,7846.0000,0.0000,0.0000,0.0000,0.0000,7948.0000,0.0000,0.0000,0.0000,0.0000,9,0,0,0,0,1,0,0,0,0
zc,TA207,2012-06-01 09:00:41.047,7832.0000,838,0,0.0000,0.0000,0,0,多换,B,7848.0000,0.0000,0.0000,0.0000,0.0000,7950.0000,0.0000,0.0000,0.0000,0.0000,5,0,0,0,0,10,0,0,0,0
zc,TA207,2012-06-01 09:00:41.597,7832.0000,838,0,0.0000,0.0000,0,0,多换,B,7846.0000,0.0000,0.0000,0.0000,0.0000,7948.0000,0.0000,0.0000,0.0000,0.0000,9,0,0,0,0,1,0,0,0,0
zc,TA207,2012-06-01 09:00:42.110,7832.0000,838,0,0.0000,0.0000,0,0,多换,B,7848.0000,0.0000,0.0000,0.0000,0.0000,7950.0000,0.0000,0.0000,0.0000,0.0000,9,0,0,0,0,10,0,0,0,0
zc,TA207,2012-06-01 09:00:44.063,7832.0000,838,0,0.0000,0.0000,0,0,多换,B,7848.0000,0.0000,0.0000,0.0000,0.0000,7950.0000,0.0000,0.0000,0.0000,0.0000,9,0,0,0,0,5,0,0,0,0
zc,TA207,2012-06-01 09:00:44.580,7832.0000,838,0,0.0000,0.0000,0,0,多换,B,7850.0000,0.0000,0.0000,0.0000,0.0000,7952.0000,0.0000,0.0000,0.0000,0.0000,4,0,0,0,0,10,0,0,0,0
zc,TA207,2012-06-01 09:00:45.347,7832.0000,838,0,0.0000,0.0000,0,0,多换,B,7846.0000,0.0000,0.0000,0.0000,0.0000,7950.0000,0.0000,0.0000,0.0000,0.0000,9,0,0,0,0,4,0,0,0,0
zc,TA207,2012-06-01 09:00:45.580,7832.0000,838,0,0.0000,0.0000,0,0,多换,B,7850.0000,0.0000,0.0000,0.0000,0.0000,7952.0000,0.0000,0.0000,0.0000,0.0000,9,0,0,0,0,10,0,0,0,0
zc,TA207,2012-06-01 09:00:46.313,7832.0000,838,0,0.0000,0.0000,0,0,多换,B,7848.0000,0.0000,0.0000,0.0000,0.0000,7952.0000,0.0000,0.0000,0.0000,0.0000,9,0,0,0,0,10,0,0,0,0
zc,TA207,2012-06-01 09:00:47.563,7832.0000,838,0,0.0000,0.0000,0,0,多换,B,7846.0000,0.0000,0.0000,0.0000,0.0000,7948.0000,0.0000,0.0000,0.0000,0.0000,9,0,0,0,0,10,0,0,0,0
zc,TA207,2012-06-01 09:00:48.847,7832.0000,838,0,0.0000,0.0000,0,0,多换,B,7844.0000,0.0000,0.0000,0.0000,0.0000,7946.0000,0.0000,0.0000,0.0000,0.0000,9,0,0,0,0,10,0,0,0,0
zc,TA207,2012-06-01 09:00:50.830,7832.0000,838,0,0.0000,0.0000,0,0,多换,B,7842.0000,0.0000,0.0000,0.0000,0.0000,7944.0000,0.0000,0.0000,0.0000,0.0000,9,0,0,0,0,10,0,0,0,0
zc,TA207,2012-06-01 09:00:56.110,7832.0000,838,0,0.0000,0.0000,0,0,多换,B,7840.0000,0.0000,0.0000,0.0000,0.0000,7942.0000,0.0000,0.0000,0.0000,0.0000,9,0,0,0,0,1,0,0,0,0
zc,TA207,2012-06-01 09:00:56.597,7832.0000,838,0,0.0000,0.0000,0,0,多换,B,7842.0000,0.0000,0.0000,0.0000,0.0000,7944.0000,0.0000,0.0000,0.0000,0.0000,9,0,0,0,0,10,0,0,0,0
zc,TA207,2012-06-01 09:00:58.313,7832.0000,838,0,0.0000,0.0000,0,0,多换,B,7840.0000,0.0000,0.0000,0.0000,0.0000,7942.0000,0.0000,0.0000,0.0000,0.0000,9,0,0,0,0,10,0,0,0,0
zc,TA207,2012-06-01 09:00:58.813,7832.0000,838,0,0.0000,0.0000,0,0,多换,B,7842.0000,0.0000,0.0000,0.0000,0.0000,7944.0000,0.0000,0.0000,0.0000,0.0000,9,0,0,0,0,10,0,0,0,0
zc,TA207,2012-06-01 09:01:00.297,7832.0000,838,0,0.0000,0.0000,0,0,多换,B,7840.0000,0.0000,0.0000,0.0000,0.0000,7942.0000,0.0000,0.0000,0.0000,0.0000,9,0,0,0,0,10,0,0,0,0
zc,TA207,2012-06-01 09:01:02.847,7832.0000,838,0,0.0000,0.0000,0,0,多换,B,7844.0000,0.0000,0.0000,0.0000,0.0000,7946.0000,0.0000,0.0000,0.0000,0.0000,9,0,0,0,0,10,0,0,0,0
zc,TA207,2012-06-01 09:01:04.830,7832.0000,838,0,0.0000,0.0000,0,0,多换,B,7842.0000,0.0000,0.0000,0.0000,0.0000,7944.0000,0.0000,0.0000,0.0000,0.0000,9,0,0,0,0,10,0,0,0,0
zc,TA207,2012-06-01 09:01:08.267,7832.0000,838,0,0.0000,0.0000,0,0,多换,B,7842.0000,0.0000,0.0000,0.0000,0.0000,7944.0000,0.0000,0.0000,0.0000,0.0000,9,0,0,0,0,10,0,0,0,0
zc,TA207,2012-06-01 09:01:10.313,7832.0000,838,0,0.0000,0.0000,0,0,多换,B,7844.0000,0.0000,0.0000,0.0000,0.0000,7946.0000,0.0000,0.0000,0.0000,0.0000,9,0,0,0,0,10,0,0,0,0
zc,TA207,2012-06-01 09:01:12.063,7832.0000,838,0,0.0000,0.0000,0,0,多换,B,7846.0000,0.0000,0.0000,0.0000,0.0000,7948.0000,0.0000,0.0000,0.0000,0.0000,9,0,0,0,0,10,0,0,0,0
zc,TA207,2012-06-01 09:01:14.347,7832.0000,838,0,0.0000,0.0000,0,0,多换,B,7848.0000,0.0000,0.0000,0.0000,0.0000,7950.0000,0.0000,0.0000,0.0000,0.0000,9,0,0,0,0,10,0,0,0,0
zc,TA207,2012-06-01 09:01:17.080,7832.0000,838,0,0.0000,0.0000,0,0,多换,B,7848.0000,0.0000,0.0000,0.0000,0.0000,7948.0000,0.0000,0.0000,0.0000,0.0000,1,0,0,0,0,1,0,0,0,0
zc,TA207,2012-06-01 09:01:17.313,7832.0000,838,0,0.0000,0.0000,0,0,多换,B,7848.0000,0.0000,0.0000,0.0000,0.0000,7948.0000,0.0000,0.0000,0.0000,0.0000,9,0,0,0,0,1,0,0,0,0
zc,TA207,2012-06-01 09:01:18.563,7832.0000,838,0,0.0000,0.0000,0,0,多换,B,7848.0000,0.0000,0.0000,0.0000,0.0000,7948.0000,0.0000,0.0000,0.0000,0.0000,1,0,0,0,0,1,0,0,0,0
zc,TA207,2012-06-01 09:01:19.313,7832.0000,838,0,0.0000,0.0000,0,0,多换,B,7848.0000,0.0000,0.0000,0.0000,0.0000,7948.0000,0.0000,0.0000,0.0000,0.0000,4,0,0,0,0,1,0,0,0,0
zc,TA207,2012-06-01 09:01:19.830,7832.0000,838,0,0.0000,0.0000,0,0,多换,B,7842.0000,0.0000,0.0000,0.0000,0.0000,7942.0000,0.0000,0.0000,0.0000,0.0000,9,0,0,0,0,1,0,0,0,0
zc,TA207,2012-06-01 09:01:20.347,7832.0000,838,0,0.0000,0.0000,0,0,多换,B,7846.0000,0.0000,0.0000,0.0000,0.0000,7946.0000,0.0000,0.0000,0.0000,0.0000,5,0,0,0,0,1,0,0,0,0
zc,TA207,2012-06-01 09:01:21.063,7832.0000,838,0,0.0000,0.0000,0,0,多换,B,7846.0000,0.0000,0.0000,0.0000,0.0000,7946.0000,0.0000,0.0000,0.0000,0.0000,9,0,0,0,0,1,0,0,0,0
zc,TA207,2012-06-01 09:01:22.330,7832.0000,838,0,0.0000,0.0000,0,0,多换,B,7846.0000,0.0000,0.0000,0.0000,0.0000,7946.0000,0.0000,0.0000,0.0000,0.0000,7,0,0,0,0,1,0,0,0,0
zc,TA207,2012-06-01 09:01:22.797,7832.0000,838,0,0.0000,0.0000,0,0,多换,B,7844.0000,0.0000,0.0000,0.0000,0.0000,7944.0000,0.0000,0.0000,0.0000,0.0000,9,0,0,0,0,1,0,0,0,0
zc,TA207,2012-06-01 09:01:26.313,7832.0000,838,0,0.0000,0.0000,0,0,多换,B,7848.0000,0.0000,0.0000,0.0000,0.0000,7948.0000,0.0000,0.0000,0.0000,0.0000,9,0,0,0,0,1,0,0,0,0
zc,TA207,2012-06-01 09:01:27.547,7832.0000,838,0,0.0000,0.0000,0,0,多换,B,7848.0000,0.0000,0.0000,0.0000,0.0000,7950.0000,0.0000,0.0000,0.0000,0.0000,9,0,0,0,0,1,0,0,0,0
zc,TA207,2012-06-01 09:01:28.377,7832.0000,838,0,0.0000,0.0000,0,0,多换,B,7850.0000,0.0000,0.0000,0.0000,0.0000,7950.0000,0.0000,0.0000,0.0000,0.0000,9,0,0,0,0,1,0,0,0,0
zc,TA207,2012-06-01 09:01:35.783,7832.0000,838,0,0.0000,0.0000,0,0,多换,B,7848.0000,0.0000,0.0000,0.0000,0.0000,7948.0000,0.0000,0.0000,0.0000,0.0000,9,0,0,0,0,1,0,0,0,0
zc,TA207,2012-06-01 09:01:38.033,7832.0000,838,0,0.0000,0.0000,0,0,多换,B,7848.0000,0.0000,0.0000,0.0000,0.0000,7948.0000,0.0000,0.0000,0.0000,0.0000,9,0,0,0,0,2,0,0,0,0
zc,TA207,2012-06-01 09:01:44.813,7832.0000,838,0,0.0000,0.0000,0,0,多换,B,7850.0000,0.0000,0.0000,0.0000,0.0000,7948.0000,0.0000,0.0000,0.0000,0.0000,9,0,0,0,0,1,0,0,0,0
zc,TA207,2012-06-01 09:01:46.783,7832.0000,838,0,0.0000,0.0000,0,0,多换,B,7844.0000,0.0000,0.0000,0.0000,0.0000,7948.0000,0.0000,0.0000,0.0000,0.0000,9,0,0,0,0,1,0,0,0,0
zc,TA207,2012-06-01 09:01:47.297,7832.0000,838,0,0.0000,0.0000,0,0,多换,B,7838.0000,0.0000,0.0000,0.0000,0.0000,7938.0000,0.0000,0.0000,0.0000,0.0000,9,0,0,0,0,1,0,0,0,0
zc,TA207,2012-06-01 09:01:48.563,7832.0000,838,0,0.0000,0.0000,0,0,多换,B,7842.0000,0.0000,0.0000,0.0000,0.0000,7946.0000,0.0000,0.0000,0.0000,0.0000,2,0,0,0,0,1,0,0,0,0
zc,TA207,2012-06-01 09:01:48.813,7832.0000,838,0,0.0000,0.0000,0,0,多换,B,7844.0000,0.0000,0.0000,0.0000,0.0000,7948.0000,0.0000,0.0000,0.0000,0.0000,4,0,0,0,0,2,0,0,0,0
zc,TA207,2012-06-01 09:01:49.547,7832.0000,838,0,0.0000,0.0000,0,0,多换,B,7844.0000,0.0000,0.0000,0.0000,0.0000,7944.0000,0.0000,0.0000,0.0000,0.0000,9,0,0,0,0,1,0,0,0,0
zc,TA207,2012-06-01 09:01:51.313,7832.0000,838,0,0.0000,0.0000,0,0,多换,B,7840.0000,0.0000,0.0000,0.0000,0.0000,7944.0000,0.0000,0.0000,0.0000,0.0000,9,0,0,0,0,1,0,0,0,0
zc,TA207,2012-06-01 09:01:51.783,7832.0000,838,0,0.0000,0.0000,0,0,多换,B,7842.0000,0.0000,0.0000,0.0000,0.0000,7944.0000,0.0000,0.0000,0.0000,0.0000,1,0,0,0,0,1,0,0,0,0
zc,TA207,2012-06-01 09:01:52.563,7832.0000,838,0,0.0000,0.0000,0,0,多换,B,7844.0000,0.0000,0.0000,0.0000,0.0000,7944.0000,0.0000,0.0000,0.0000,0.0000,2,0,0,0,0,1,0,0,0,0
zc,TA207,2012-06-01 09:01:52.830,7832.0000,838,0,0.0000,0.0000,0,0,多换,B,7842.0000,0.0000,0.0000,0.0000,0.0000,7944.0000,0.0000,0.0000,0.0000,0.0000,7,0,0,0,0,1,0,0,0,0
zc,TA207,2012-06-01 09:01:53.767,7832.0000,838,0,0.0000,0.0000,0,0,多换,B,7842.0000,0.0000,0.0000,0.0000,0.0000,7942.0000,0.0000,0.0000,0.0000,0.0000,6,0,0,0,0,1,0,0,0,0
zc,TA207,2012-06-01 09:01:54.033,7832.0000,838,0,0.0000,0.0000,0,0,多换,B,7842.0000,0.0000,0.0000,0.0000,0.0000,7942.0000,0.0000,0.0000,0.0000,0.0000,9,0,0,0,0,1,0,0,0,0
zc,TA207,2012-06-01 09:01:57.797,7832.0000,838,0,0.0000,0.0000,0,0,多换,B,7844.0000,0.0000,0.0000,0.0000,0.0000,7944.0000,0.0000,0.0000,0.0000,0.0000,9,0,0,0,0,1,0,0,0,0
zc,TA207,2012-06-01 09:02:01.847,7832.0000,838,0,0.0000,0.0000,0,0,多换,B,7844.0000,0.0000,0.0000,0.0000,0.0000,7946.0000,0.0000,0.0000,0.0000,0.0000,9,0,0,0,0,1,0,0,0,0
zc,TA207,2012-06-01 09:02:03.097,7832.0000,838,0,0.0000,0.0000,0,0,多换,B,7838.0000,0.0000,0.0000,0.0000,0.0000,7938.0000,0.0000,0.0000,0.0000,0.0000,9,0,0,0,0,1,0,0,0,0
zc,TA207,2012-06-01 09:02:05.033,7832.0000,838,0,0.0000,0.0000,0,0,多换,B,7836.0000,0.0000,0.0000,0.0000,0.0000,7936.0000,0.0000,0.0000,0.0000,0.0000,9,0,0,0,0,1,0,0,0,0
zc,TA207,2012-06-01 09:02:06.033,7832.0000,838,0,0.0000,0.0000,0,0,多换,B,7836.0000,0.0000,0.0000,0.0000,0.0000,7938.0000,0.0000,0.0000,0.0000,0.0000,9,0,0,0,0,1,0,0,0,0
zc,TA207,2012-06-01 09:02:06.813,7832.0000,838,0,0.0000,0.0000,0,0,多换,B,7836.0000,0.0000,0.0000,0.0000,0.0000,7936.0000,0.0000,0.0000,0.0000,0.0000,9,0,0,0,0,1,0,0,0,0
zc,TA207,2012-06-01 09:02:08.360,7832.0000,838,0,0.0000,0.0000,0,0,多换,B,7838.0000,0.0000,0.0000,0.0000,0.0000,7938.0000,0.0000,0.0000,0.0000,0.0000,9,0,0,0,0,1,0,0,0,0
zc,TA207,2012-06-01 09:02:12.063,7832.0000,838,0,0.0000,0.0000,0,0,多换,B,7836.0000,0.0000,0.0000,0.0000,0.0000,7936.0000,0.0000,0.0000,0.0000,0.0000,9,0,0,0,0,1,0,0,0,0
zc,TA207,2012-06-01 09:02:13.533,7832.0000,838,0,0.0000,0.0000,0,0,多换,B,7838.0000,0.0000,0.0000,0.0000,0.0000,7938.0000,0.0000,0.0000,0.0000,0.0000,9,0,0,0,0,1,0,0,0,0
zc,TA207,2012-06-01 09:02:25.313,7832.0000,838,0,0.0000,0.0000,0,0,多换,B,7836.0000,0.0000,0.0000,0.0000,0.0000,7936.0000,0.0000,0.0000,0.0000,0.0000,9,0,0,0,0,1,0,0,0,0
zc,TA207,2012-06-01 09:02:27.783,7832.0000,838,0,0.0000,0.0000,0,0,多换,B,7838.0000,0.0000,0.0000,0.0000,0.0000,7938.0000,0.0000,0.0000,0.0000,0.0000,9,0,0,0,0,1,0,0,0,0
zc,TA207,2012-06-01 09:02:38.297,7832.0000,838,0,0.0000,0.0000,0,0,多换,B,7838.0000,0.0000,0.0000,0.0000,0.0000,7920.0000,0.0000,0.0000,0.0000,0.0000,9,0,0,0,0,10,0,0,0,0
zc,TA207,2012-06-01 09:02:40.797,7832.0000,838,0,0.0000,0.0000,0,0,多换,B,7838.0000,0.0000,0.0000,0.0000,0.0000,7920.0000,0.0000,0.0000,0.0000,0.0000,9,0,0,0,0,8,0,0,0,0
zc,TA207,2012-06-01 09:02:41.330,7832.0000,838,0,0.0000,0.0000,0,0,多换,B,7840.0000,0.0000,0.0000,0.0000,0.0000,7922.0000,0.0000,0.0000,0.0000,0.0000,9,0,0,0,0,10,0,0,0,0
zc,TA207,2012-06-01 09:02:42.377,7832.0000,838,0,0.0000,0.0000,0,0,多换,B,7842.0000,0.0000,0.0000,0.0000,0.0000,7924.0000,0.0000,0.0000,0.0000,0.0000,9,0,0,0,0,10,0,0,0,0
zc,TA207,2012-06-01 09:02:45.063,7832.0000,838,0,0.0000,0.0000,0,0,多换,B,7840.0000,0.0000,0.0000,0.0000,0.0000,7922.0000,0.0000,0.0000,0.0000,0.0000,9,0,0,0,0,10,0,0,0,0
zc,TA207,2012-06-01 09:02:52.547,7832.0000,838,0,0.0000,0.0000,0,0,多换,B,7838.0000,0.0000,0.0000,0.0000,0.0000,7922.0000,0.0000,0.0000,0.0000,0.0000,9,0,0,0,0,10,0,0,0,0
zc,TA207,2012-06-01 09:02:53.080,7832.0000,838,0,0.0000,0.0000,0,0,多换,B,7836.0000,0.0000,0.0000,0.0000,0.0000,7918.0000,0.0000,0.0000,0.0000,0.0000,9,0,0,0,0,10,0,0,0,0
zc,TA207,2012-06-01 09:02:54.283,7832.0000,838,0,0.0000,0.0000,0,0,多换,B,7838.0000,0.0000,0.0000,0.0000,0.0000,7920.0000,0.0000,0.0000,0.0000,0.0000,9,0,0,0,0,7,0,0,0,0
zc,TA207,2012-06-01 09:02:54.767,7832.0000,838,0,0.0000,0.0000,0,0,多换,B,7838.0000,0.0000,0.0000,0.0000,0.0000,7920.0000,0.0000,0.0000,0.0000,0.0000,9,0,0,0,0,9,0,0,0,0
zc,TA207,2012-06-01 09:02:55.517,7832.0000,838,0,0.0000,0.0000,0,0,多换,B,7838.0000,0.0000,0.0000,0.0000,0.0000,7920.0000,0.0000,0.0000,0.0000,0.0000,9,0,0,0,0,10,0,0,0,0
zc,TA207,2012-06-01 09:02:57.097,7832.0000,838,0,0.0000,0.0000,0,0,多换,B,7838.0000,0.0000,0.0000,0.0000,0.0000,7922.0000,0.0000,0.0000,0.0000,0.0000,9,0,0,0,0,10,0,0,0,0
zc,TA207,2012-06-01 09:02:58.047,7832.0000,838,0,0.0000,0.0000,0,0,多换,B,7838.0000,0.0000,0.0000,0.0000,0.0000,7920.0000,0.0000,0.0000,0.0000,0.0000,9,0,0,0,0,10,0,0,0,0
zc,TA207,2012-06-01 09:02:58.783,7832.0000,838,0,0.0000,0.0000,0,0,多换,B,7838.0000,0.0000,0.0000,0.0000,0.0000,7920.0000,0.0000,0.0000,0.0000,0.0000,9,0,0,0,0,5,0,0,0,0
zc,TA207,2012-06-01 09:02:59.517,7832.0000,838,0,0.0000,0.0000,0,0,多换,B,7838.0000,0.0000,0.0000,0.0000,0.0000,7920.0000,0.0000,0.0000,0.0000,0.0000,9,0,0,0,0,9,0,0,0,0
zc,TA207,2012-06-01 09:03:00.063,7832.0000,838,0,0.0000,0.0000,0,0,多换,B,7838.0000,0.0000,0.0000,0.0000,0.0000,7920.0000,0.0000,0.0000,0.0000,0.0000,9,0,0,0,0,3,0,0,0,0
zc,TA207,2012-06-01 09:03:00.533,7832.0000,838,0,0.0000,0.0000,0,0,多换,B,7836.0000,0.0000,0.0000,0.0000,0.0000,7918.0000,0.0000,0.0000,0.0000,0.0000,9,0,0,0,0,8,0,0,0,0
zc,TA207,2012-06-01 09:03:01.047,7832.0000,838,0,0.0000,0.0000,0,0,多换,B,7836.0000,0.0000,0.0000,0.0000,0.0000,7920.0000,0.0000,0.0000,0.0000,0.0000,9,0,0,0,0,10,0,0,0,0
zc,TA207,2012-06-01 09:03:01.767,7832.0000,838,0,0.0000,0.0000,0,0,多换,B,7838.0000,0.0000,0.0000,0.0000,0.0000,7920.0000,0.0000,0.0000,0.0000,0.0000,9,0,0,0,0,10,0,0,0,0
zc,TA207,2012-06-01 09:03:02.000,7832.0000,838,0,0.0000,0.0000,0,0,多换,B,7838.0000,0.0000,0.0000,0.0000,0.0000,7920.0000,0.0000,0.0000,0.0000,0.0000,5,0,0,0,0,10,0,0,0,0
zc,TA207,2012-06-01 09:03:02.750,7832.0000,838,0,0.0000,0.0000,0,0,多换,B,7838.0000,0.0000,0.0000,0.0000,0.0000,7920.0000,0.0000,0.0000,0.0000,0.0000,9,0,0,0,0,10,0,0,0,0
zc,TA207,2012-06-01 09:03:05.783,7832.0000,838,0,0.0000,0.0000,0,0,多换,B,7836.0000,0.0000,0.0000,0.0000,0.0000,7918.0000,0.0000,0.0000,0.0000,0.0000,9,0,0,0,0,10,0,0,0,0
zc,TA207,2012-06-01 09:03:08.563,7832.0000,838,0,0.0000,0.0000,0,0,多换,B,7834.0000,0.0000,0.0000,0.0000,0.0000,7916.0000,0.0000,0.0000,0.0000,0.0000,9,0,0,0,0,10,0,0,0,0
zc,TA207,2012-06-01 09:03:10.533,7832.0000,838,0,0.0000,0.0000,0,0,多换,B,7830.0000,0.0000,0.0000,0.0000,0.0000,7912.0000,0.0000,0.0000,0.0000,0.0000,9,0,0,0,0,10,0,0,0,0
zc,TA207,2012-06-01 09:03:11.047,7832.0000,838,0,0.0000,0.0000,0,0,多换,B,7830.0000,0.0000,0.0000,0.0000,0.0000,7914.0000,0.0000,0.0000,0.0000,0.0000,9,0,0,0,0,10,0,0,0,0
zc,TA207,2012-06-01 09:03:11.517,7832.0000,838,0,0.0000,0.0000,0,0,多换,B,7830.0000,0.0000,0.0000,0.0000,0.0000,7912.0000,0.0000,0.0000,0.0000,0.0000,9,0,0,0,0,10,0,0,0,0
zc,TA207,2012-06-01 09:03:14.547,7832.0000,838,0,0.0000,0.0000,0,0,多换,B,7826.0000,0.0000,0.0000,0.0000,0.0000,7908.0000,0.0000,0.0000,0.0000,0.0000,9,0,0,0,0,10,0,0,0,0
zc,TA207,2012-06-01 09:03:15.360,7832.0000,838,0,0.0000,0.0000,0,0,多换,B,7824.0000,0.0000,0.0000,0.0000,0.0000,7906.0000,0.0000,0.0000,0.0000,0.0000,9,0,0,0,0,10,0,0,0,0
zc,TA207,2012-06-01 09:03:16.797,7832.0000,838,0,0.0000,0.0000,0,0,多换,B,7822.0000,0.0000,0.0000,0.0000,0.0000,7904.0000,0.0000,0.0000,0.0000,0.0000,9,0,0,0,0,10,0,0,0,0
zc,TA207,2012-06-01 09:03:17.563,7832.0000,838,0,0.0000,0.0000,0,0,多换,B,7820.0000,0.0000,0.0000,0.0000,0.0000,7902.0000,0.0000,0.0000,0.0000,0.0000,9,0,0,0,0,10,0,0,0,0
zc,TA207,2012-06-01 09:03:19.080,7832.0000,838,0,0.0000,0.0000,0,0,多换,B,7822.0000,0.0000,0.0000,0.0000,0.0000,7904.0000,0.0000,0.0000,0.0000,0.0000,9,0,0,0,0,10,0,0,0,0
zc,TA207,2012-06-01 09:03:20.767,7832.0000,838,0,0.0000,0.0000,0,0,多换,B,7820.0000,0.0000,0.0000,0.0000,0.0000,7902.0000,0.0000,0.0000,0.0000,0.0000,9,0,0,0,0,10,0,0,0,0
zc,TA207,2012-06-01 09:03:21.783,7832.0000,838,0,0.0000,0.0000,0,0,多换,B,7822.0000,0.0000,0.0000,0.0000,0.0000,7904.0000,0.0000,0.0000,0.0000,0.0000,9,0,0,0,0,10,0,0,0,0
zc,TA207,2012-06-01 09:03:23.033,7832.0000,838,0,0.0000,0.0000,0,0,多换,B,7820.0000,0.0000,0.0000,0.0000,0.0000,7902.0000,0.0000,0.0000,0.0000,0.0000,9,0,0,0,0,10,0,0,0,0
zc,TA207,2012-06-01 09:03:24.267,7832.0000,838,0,0.0000,0.0000,0,0,多换,B,7820.0000,0.0000,0.0000,0.0000,0.0000,7902.0000,0.0000,0.0000,0.0000,0.0000,9,0,0,0,0,8,0,0,0,0
zc,TA207,2012-06-01 09:03:25.047,7832.0000,838,0,0.0000,0.0000,0,0,多换,B,7820.0000,0.0000,0.0000,0.0000,0.0000,7902.0000,0.0000,0.0000,0.0000,0.0000,9,0,0,0,0,10,0,0,0,0
zc,TA207,2012-06-01 09:03:28.063,7832.0000,838,0,0.0000,0.0000,0,0,多换,B,7818.0000,0.0000,0.0000,0.0000,0.0000,7900.0000,0.0000,0.0000,0.0000,0.0000,9,0,0,0,0,10,0,0,0,0
zc,TA207,2012-06-01 09:03:30.597,7832.0000,838,0,0.0000,0.0000,0,0,多换,B,7816.0000,0.0000,0.0000,0.0000,0.0000,7898.0000,0.0000,0.0000,0.0000,0.0000,9,0,0,0,0,10,0,0,0,0
zc,TA207,2012-06-01 09:03:31.047,7832.0000,838,0,0.0000,0.0000,0,0,多换,B,7818.0000,0.0000,0.0000,0.0000,0.0000,7900.0000,0.0000,0.0000,0.0000,0.0000,5,0,0,0,0,10,0,0,0,0
zc,TA207,2012-06-01 09:03:31.547,7832.0000,838,0,0.0000,0.0000,0,0,多换,B,7818.0000,0.0000,0.0000,0.0000,0.0000,7900.0000,0.0000,0.0000,0.0000,0.0000,1,0,0,0,0,10,0,0,0,0
zc,TA207,2012-06-01 09:03:32.283,7832.0000,838,0,0.0000,0.0000,0,0,多换,B,7818.0000,0.0000,0.0000,0.0000,0.0000,7900.0000,0.0000,0.0000,0.0000,0.0000,9,0,0,0,0,10,0,0,0,0
zc,TA207,2012-06-01 09:03:34.533,7832.0000,838,0,0.0000,0.0000,0,0,多换,B,7820.0000,0.0000,0.0000,0.0000,0.0000,7902.0000,0.0000,0.0000,0.0000,0.0000,9,0,0,0,0,10,0,0,0,0
zc,TA207,2012-06-01 09:03:35.767,7832.0000,838,0,0.0000,0.0000,0,0,多换,B,7820.0000,0.0000,0.0000,0.0000,0.0000,7904.0000,0.0000,0.0000,0.0000,0.0000,9,0,0,0,0,10,0,0,0,0
zc,TA207,2012-06-01 09:03:36.313,7832.0000,838,0,0.0000,0.0000,0,0,多换,B,7822.0000,0.0000,0.0000,0.0000,0.0000,7904.0000,0.0000,0.0000,0.0000,0.0000,9,0,0,0,0,10,0,0,0,0
zc,TA207,2012-06-01 09:03:37.017,7832.0000,838,0,0.0000,0.0000,0,0,多换,B,7818.0000,0.0000,0.0000,0.0000,0.0000,7900.0000,0.0000,0.0000,0.0000,0.0000,9,0,0,0,0,10,0,0,0,0
zc,TA207,2012-06-01 09:03:38.783,7832.0000,838,0,0.0000,0.0000,0,0,多换,B,7818.0000,0.0000,0.0000,0.0000,0.0000,7900.0000,0.0000,0.0000,0.0000,0.0000,1,0,0,0,0,10,0,0,0,0
zc,TA207,2012-06-01 09:03:39.297,7832.0000,838,0,0.0000,0.0000,0,0,多换,B,7816.0000,0.0000,0.0000,0.0000,0.0000,7900.0000,0.0000,0.0000,0.0000,0.0000,9,0,0,0,0,10,0,0,0,0
zc,TA207,2012-06-01 09:03:40.033,7832.0000,838,0,0.0000,0.0000,0,0,多换,B,7816.0000,0.0000,0.0000,0.0000,0.0000,7898.0000,0.0000,0.0000,0.0000,0.0000,9,0,0,0,0,10,0,0,0,0
zc,TA207,2012-06-01 09:03:42.283,7832.0000,838,0,0.0000,0.0000,0,0,多换,B,7814.0000,0.0000,0.0000,0.0000,0.0000,7896.0000,0.0000,0.0000,0.0000,0.0000,9,0,0,0,0,10,0,0,0,0
zc,TA207,2012-06-01 09:03:46.097,7832.0000,838,0,0.0000,0.0000,0,0,多换,B,7814.0000,0.0000,0.0000,0.0000,0.0000,7898.0000,0.0000,0.0000,0.0000,0.0000,9,0,0,0,0,10,0,0,0,0
zc,TA207,2012-06-01 09:03:46.563,7832.0000,838,0,0.0000,0.0000,0,0,多换,B,7812.0000,0.0000,0.0000,0.0000,0.0000,7894.0000,0.0000,0.0000,0.0000,0.0000,9,0,0,0,0,10,0,0,0,0
zc,TA207,2012-06-01 09:03:48.063,7832.0000,838,0,0.0000,0.0000,0,0,多换,B,7814.0000,0.0000,0.0000,0.0000,0.0000,7896.0000,0.0000,0.0000,0.0000,0.0000,9,0,0,0,0,10,0,0,0,0
zc,TA207,2012-06-01 09:03:49.017,7832.0000,838,0,0.0000,0.0000,0,0,多换,B,7816.0000,0.0000,0.0000,0.0000,0.0000,7898.0000,0.0000,0.0000,0.0000,0.0000,1,0,0,0,0,10,0,0,0,0
zc,TA207,2012-06-01 09:03:49.547,7832.0000,838,0,0.0000,0.0000,0,0,多换,B,7814.0000,0.0000,0.0000,0.0000,0.0000,7898.0000,0.0000,0.0000,0.0000,0.0000,9,0,0,0,0,10,0,0,0,0
zc,TA207,2012-06-01 09:03:50.297,7832.0000,838,0,0.0000,0.0000,0,0,多换,B,7816.0000,0.0000,0.0000,0.0000,0.0000,7898.0000,0.0000,0.0000,0.0000,0.0000,2,0,0,0,0,10,0,0,0,0
zc,TA207,2012-06-01 09:03:50.813,7832.0000,838,0,0.0000,0.0000,0,0,多换,B,7814.0000,0.0000,0.0000,0.0000,0.0000,7898.0000,0.0000,0.0000,0.0000,0.0000,9,0,0,0,0,10,0,0,0,0
zc,TA207,2012-06-01 09:03:51.767,7832.0000,838,0,0.0000,0.0000,0,0,多换,B,7814.0000,0.0000,0.0000,0.0000,0.0000,7896.0000,0.0000,0.0000,0.0000,0.0000,9,0,0,0,0,5,0,0,0,0
zc,TA207,2012-06-01 09:03:52.563,7832.0000,838,0,0.0000,0.0000,0,0,多换,B,7812.0000,0.0000,0.0000,0.0000,0.0000,7894.0000,0.0000,0.0000,0.0000,0.0000,9,0,0,0,0,2,0,0,0,0
zc,TA207,2012-06-01 09:03:53.283,7832.0000,838,0,0.0000,0.0000,0,0,多换,B,7814.0000,0.0000,0.0000,0.0000,0.0000,7896.0000,0.0000,0.0000,0.0000,0.0000,9,0,0,0,0,10,0,0,0,0
zc,TA207,2012-06-01 09:03:54.547,7832.0000,838,0,0.0000,0.0000,0,0,多换,B,7812.0000,0.0000,0.0000,0.0000,0.0000,7894.0000,0.0000,0.0000,0.0000,0.0000,9,0,0,0,0,10,0,0,0,0
zc,TA207,2012-06-01 09:03:55.547,7832.0000,838,0,0.0000,0.0000,0,0,多换,B,7814.0000,0.0000,0.0000,0.0000,0.0000,7898.0000,0.0000,0.0000,0.0000,0.0000,9,0,0,0,0,10,0,0,0,0
zc,TA207,2012-06-01 09:03:57.297,7832.0000,838,0,0.0000,0.0000,0,0,多换,B,7816.0000,0.0000,0.0000,0.0000,0.0000,7898.0000,0.0000,0.0000,0.0000,0.0000,4,0,0,0,0,10,0,0,0,0
zc,TA207,2012-06-01 09:03:57.813,7832.0000,838,0,0.0000,0.0000,0,0,多换,B,7816.0000,0.0000,0.0000,0.0000,0.0000,7898.0000,0.0000,0.0000,0.0000,0.0000,9,0,0,0,0,10,0,0,0,0
zc,TA207,2012-06-01 09:03:59.783,7832.0000,838,0,0.0000,0.0000,0,0,多换,B,7814.0000,0.0000,0.0000,0.0000,0.0000,7896.0000,0.0000,0.0000,0.0000,0.0000,9,0,0,0,0,10,0,0,0,0
zc,TA207,2012-06-01 09:04:00.297,7832.0000,838,0,0.0000,0.0000,0,0,多换,B,7814.0000,0.0000,0.0000,0.0000,0.0000,7896.0000,0.0000,0.0000,0.0000,0.0000,9,0,0,0,0,3,0,0,0,0
zc,TA207,2012-06-01 09:04:01.063,7832.0000,838,0,0.0000,0.0000,0,0,多换,B,7814.0000,0.0000,0.0000,0.0000,0.0000,7896.0000,0.0000,0.0000,0.0000,0.0000,9,0,0,0,0,1,0,0,0,0
zc,TA207,2012-06-01 09:04:01.563,7832.0000,838,0,0.0000,0.0000,0,0,多换,B,7814.0000,0.0000,0.0000,0.0000,0.0000,7896.0000,0.0000,0.0000,0.0000,0.0000,9,0,0,0,0,10,0,0,0,0
zc,TA207,2012-06-01 09:04:04.517,7832.0000,838,0,0.0000,0.0000,0,0,多换,B,7816.0000,0.0000,0.0000,0.0000,0.0000,7898.0000,0.0000,0.0000,0.0000,0.0000,9,0,0,0,0,10,0,0,0,0
zc,TA207,2012-06-01 09:04:05.033,7832.0000,838,0,0.0000,0.0000,0,0,多换,B,7814.0000,0.0000,0.0000,0.0000,0.0000,7898.0000,0.0000,0.0000,0.0000,0.0000,9,0,0,0,0,10,0,0,0,0
zc,TA207,2012-06-01 09:04:05.797,7832.0000,838,0,0.0000,0.0000,0,0,多换,B,7816.0000,0.0000,0.0000,0.0000,0.0000,7898.0000,0.0000,0.0000,0.0000,0.0000,9,0,0,0,0,10,0,0,0,0
zc,TA207,2012-06-01 09:04:06.283,7832.0000,838,0,0.0000,0.0000,0,0,多换,B,7818.0000,0.0000,0.0000,0.0000,0.0000,7900.0000,0.0000,0.0000,0.0000,0.0000,9,0,0,0,0,10,0,0,0,0
zc,TA207,2012-06-01 09:04:07.517,7832.0000,838,0,0.0000,0.0000,0,0,多换,B,7816.0000,0.0000,0.0000,0.0000,0.0000,7898.0000,0.0000,0.0000,0.0000,0.0000,9,0,0,0,0,10,0,0,0,0
zc,TA207,2012-06-01 09:04:07.767,7832.0000,838,0,0.0000,0.0000,0,0,多换,B,7818.0000,0.0000,0.0000,0.0000,0.0000,7900.0000,0.0000,0.0000,0.0000,0.0000,9,0,0,0,0,10,0,0,0,0
zc,TA207,2012-06-01 09:04:08.783,7832.0000,838,0,0.0000,0.0000,0,0,多换,B,7818.0000,0.0000,0.0000,0.0000,0.0000,7894.0000,0.0000,0.0000,0.0000,0.0000,9,0,0,0,0,1,0,0,0,0
zc,TA207,2012-06-01 09:04:09.283,7832.0000,838,0,0.0000,0.0000,0,0,多换,B,7816.0000,0.0000,0.0000,0.0000,0.0000,7894.0000,0.0000,0.0000,0.0000,0.0000,1,0,0,0,0,1,0,0,0,0
zc,TA207,2012-06-01 09:04:10.033,7832.0000,838,0,0.0000,0.0000,0,0,多换,B,7816.0000,0.0000,0.0000,0.0000,0.0000,7894.0000,0.0000,0.0000,0.0000,0.0000,9,0,0,0,0,1,0,0,0,0
zc,TA207,2012-06-01 09:04:10.297,7832.0000,838,0,0.0000,0.0000,0,0,多换,B,7820.0000,0.0000,0.0000,0.0000,0.0000,7894.0000,0.0000,0.0000,0.0000,0.0000,9,0,0,0,0,1,0,0,0,0
zc,TA207,2012-06-01 09:04:11.563,7832.0000,838,0,0.0000,0.0000,0,0,多换,B,7812.0000,0.0000,0.0000,0.0000,0.0000,7894.0000,0.0000,0.0000,0.0000,0.0000,9,0,0,0,0,11,0,0,0,0
zc,TA207,2012-06-01 09:04:12.297,7832.0000,838,0,0.0000,0.0000,0,0,多换,B,7820.0000,0.0000,0.0000,0.0000,0.0000,7894.0000,0.0000,0.0000,0.0000,0.0000,9,0,0,0,0,1,0,0,0,0
zc,TA207,2012-06-01 09:04:13.330,7832.0000,838,0,0.0000,0.0000,0,0,多换,B,7816.0000,0.0000,0.0000,0.0000,0.0000,7894.0000,0.0000,0.0000,0.0000,0.0000,9,0,0,0,0,1,0,0,0,0
zc,TA207,2012-06-01 09:04:14.533,7832.0000,838,0,0.0000,0.0000,0,0,多换,B,7818.0000,0.0000,0.0000,0.0000,0.0000,7894.0000,0.0000,0.0000,0.0000,0.0000,9,0,0,0,0,1,0,0,0,0
zc,TA207,2012-06-01 09:04:16.283,7832.0000,838,0,0.0000,0.0000,0,0,多换,B,7818.0000,0.0000,0.0000,0.0000,0.0000,7894.0000,0.0000,0.0000,0.0000,0.0000,7,0,0,0,0,4,0,0,0,0
zc,TA207,2012-06-01 09:04:17.267,7832.0000,838,0,0.0000,0.0000,0,0,多换,B,7816.0000,0.0000,0.0000,0.0000,0.0000,7894.0000,0.0000,0.0000,0.0000,0.0000,9,0,0,0,0,4,0,0,0,0
zc,TA207,2012-06-01 09:04:19.580,7832.0000,838,0,0.0000,0.0000,0,0,多换,B,7814.0000,0.0000,0.0000,0.0000,0.0000,7894.0000,0.0000,0.0000,0.0000,0.0000,9,0,0,0,0,4,0,0,0,0
zc,TA207,2012-06-01 09:04:20.813,7832.0000,838,0,0.0000,0.0000,0,0,多换,B,7816.0000,0.0000,0.0000,0.0000,0.0000,7894.0000,0.0000,0.0000,0.0000,0.0000,9,0,0,0,0,4,0,0,0,0
zc,TA207,2012-06-01 09:04:21.563,7832.0000,838,0,0.0000,0.0000,0,0,多换,B,7814.0000,0.0000,0.0000,0.0000,0.0000,7894.0000,0.0000,0.0000,0.0000,0.0000,9,0,0,0,0,4,0,0,0,0
zc,TA207,2012-06-01 09:04:23.283,7832.0000,838,0,0.0000,0.0000,0,0,多换,B,7816.0000,0.0000,0.0000,0.0000,0.0000,7894.0000,0.0000,0.0000,0.0000,0.0000,9,0,0,0,0,4,0,0,0,0
zc,TA207,2012-06-01 09:04:25.063,7832.0000,838,0,0.0000,0.0000,0,0,多换,B,7818.0000,0.0000,0.0000,0.0000,0.0000,7894.0000,0.0000,0.0000,0.0000,0.0000,9,0,0,0,0,4,0,0,0,0
zc,TA207,2012-06-01 09:04:32.017,7832.0000,838,0,0.0000,0.0000,0,0,多换,B,7818.0000,0.0000,0.0000,0.0000,0.0000,7892.0000,0.0000,0.0000,0.0000,0.0000,9,0,0,0,0,1,0,0,0,0
zc,TA207,2012-06-01 09:04:37.783,7832.0000,838,0,0.0000,0.0000,0,0,多换,B,7820.0000,0.0000,0.0000,0.0000,0.0000,7894.0000,0.0000,0.0000,0.0000,0.0000,9,0,0,0,0,5,0,0,0,0
zc,TA207,2012-06-01 09:04:40.313,7832.0000,838,0,0.0000,0.0000,0,0,多换,B,7822.0000,0.0000,0.0000,0.0000,0.0000,7894.0000,0.0000,0.0000,0.0000,0.0000,9,0,0,0,0,4,0,0,0,0
zc,TA207,2012-06-01 09:04:44.580,7832.0000,838,0,0.0000,0.0000,0,0,多换,B,7824.0000,0.0000,0.0000,0.0000,0.0000,7894.0000,0.0000,0.0000,0.0000,0.0000,9,0,0,0,0,4,0,0,0,0
zc,TA207,2012-06-01 09:04:47.110,7832.0000,838,0,0.0000,0.0000,0,0,多换,B,7822.0000,0.0000,0.0000,0.0000,0.0000,7894.0000,0.0000,0.0000,0.0000,0.0000,9,0,0,0,0,4,0,0,0,0
zc,TA207,2012-06-01 09:04:49.797,7832.0000,838,0,0.0000,0.0000,0,0,多换,B,7826.0000,0.0000,0.0000,0.0000,0.0000,7894.0000,0.0000,0.0000,0.0000,0.0000,9,0,0,0,0,4,0,0,0,0
zc,TA207,2012-06-01 09:04:51.033,7832.0000,838,0,0.0000,0.0000,0,0,多换,B,7828.0000,0.0000,0.0000,0.0000,0.0000,7894.0000,0.0000,0.0000,0.0000,0.0000,9,0,0,0,0,4,0,0,0,0
zc,TA207,2012-06-01 09:04:51.783,7832.0000,838,0,0.0000,0.0000,0,0,多换,B,7826.0000,0.0000,0.0000,0.0000,0.0000,7894.0000,0.0000,0.0000,0.0000,0.0000,9,0,0,0,0,4,0,0,0,0
zc,TA207,2012-06-01 09:04:52.767,7832.0000,838,0,0.0000,0.0000,0,0,多换,B,7830.0000,0.0000,0.0000,0.0000,0.0000,7894.0000,0.0000,0.0000,0.0000,0.0000,9,0,0,0,0,4,0,0,0,0
zc,TA207,2012-06-01 09:04:55.283,7832.0000,838,0,0.0000,0.0000,0,0,多换,B,7832.0000,0.0000,0.0000,0.0000,0.0000,7894.0000,0.0000,0.0000,0.0000,0.0000,9,0,0,0,0,4,0,0,0,0
zc,TA207,2012-06-01 09:04:57.063,7832.0000,838,0,0.0000,0.0000,0,0,多换,B,7834.0000,0.0000,0.0000,0.0000,0.0000,7894.0000,0.0000,0.0000,0.0000,0.0000,9,0,0,0,0,4,0,0,0,0
zc,TA207,2012-06-01 09:05:00.080,7832.0000,838,0,0.0000,0.0000,0,0,多换,B,7836.0000,0.0000,0.0000,0.0000,0.0000,7894.0000,0.0000,0.0000,0.0000,0.0000,9,0,0,0,0,4,0,0,0,0
zc,TA207,2012-06-01 09:05:00.533,7832.0000,838,0,0.0000,0.0000,0,0,多换,B,7836.0000,0.0000,0.0000,0.0000,0.0000,7894.0000,0.0000,0.0000,0.0000,0.0000,9,0,0,0,0,3,0,0,0,0
zc,TA207,2012-06-01 09:05:01.313,7832.0000,838,0,0.0000,0.0000,0,0,多换,B,7834.0000,0.0000,0.0000,0.0000,0.0000,7894.0000,0.0000,0.0000,0.0000,0.0000,9,0,0,0,0,3,0,0,0,0
zc,TA207,2012-06-01 09:05:05.347,7832.0000,838,0,0.0000,0.0000,0,0,多换,B,7832.0000,0.0000,0.0000,0.0000,0.0000,7894.0000,0.0000,0.0000,0.0000,0.0000,9,0,0,0,0,3,0,0,0,0
zc,TA207,2012-06-01 09:05:07.033,7832.0000,838,0,0.0000,0.0000,0,0,多换,B,7830.0000,0.0000,0.0000,0.0000,0.0000,7894.0000,0.0000,0.0000,0.0000,0.0000,9,0,0,0,0,3,0,0,0,0
zc,TA207,2012-06-01 09:05:10.063,7832.0000,838,0,0.0000,0.0000,0,0,多换,B,7828.0000,0.0000,0.0000,0.0000,0.0000,7894.0000,0.0000,0.0000,0.0000,0.0000,9,0,0,0,0,3,0,0,0,0
zc,TA207,2012-06-01 09:05:11.313,7832.0000,838,0,0.0000,0.0000,0,0,多换,B,7826.0000,0.0000,0.0000,0.0000,0.0000,7894.0000,0.0000,0.0000,0.0000,0.0000,9,0,0,0,0,3,0,0,0,0
zc,TA207,2012-06-01 09:05:13.017,7832.0000,838,0,0.0000,0.0000,0,0,多换,B,7828.0000,0.0000,0.0000,0.0000,0.0000,7894.0000,0.0000,0.0000,0.0000,0.0000,9,0,0,0,0,3,0,0,0,0
zc,TA207,2012-06-01 09:05:19.830,7832.0000,838,0,0.0000,0.0000,0,0,多换,B,7826.0000,0.0000,0.0000,0.0000,0.0000,7894.0000,0.0000,0.0000,0.0000,0.0000,9,0,0,0,0,3,0,0,0,0
zc,TA207,2012-06-01 09:05:22.313,7832.0000,838,0,0.0000,0.0000,0,0,多换,B,7828.0000,0.0000,0.0000,0.0000,0.0000,7892.0000,0.0000,0.0000,0.0000,0.0000,9,0,0,0,0,1,0,0,0,0
zc,TA207,2012-06-01 09:05:23.547,7832.0000,838,0,0.0000,0.0000,0,0,多换,B,7826.0000,0.0000,0.0000,0.0000,0.0000,7892.0000,0.0000,0.0000,0.0000,0.0000,9,0,0,0,0,1,0,0,0,0
zc,TA207,2012-06-01 09:05:25.267,7832.0000,838,0,0.0000,0.0000,0,0,多换,B,7824.0000,0.0000,0.0000,0.0000,0.0000,7892.0000,0.0000,0.0000,0.0000,0.0000,9,0,0,0,0,1,0,0,0,0
zc,TA207,2012-06-01 09:05:26.313,7832.0000,838,0,0.0000,0.0000,0,0,多换,B,7822.0000,0.0000,0.0000,0.0000,0.0000,7892.0000,0.0000,0.0000,0.0000,0.0000,9,0,0,0,0,1,0,0,0,0
zc,TA207,2012-06-01 09:05:28.767,7832.0000,838,0,0.0000,0.0000,0,0,多换,B,7824.0000,0.0000,0.0000,0.0000,0.0000,7892.0000,0.0000,0.0000,0.0000,0.0000,9,0,0,0,0,1,0,0,0,0
zc,TA207,2012-06-01 09:05:29.297,7832.0000,838,0,0.0000,0.0000,0,0,多换,B,7820.0000,0.0000,0.0000,0.0000,0.0000,7892.0000,0.0000,0.0000,0.0000,0.0000,9,0,0,0,0,1,0,0,0,0
zc,TA207,2012-06-01 09:05:31.047,7832.0000,838,0,0.0000,0.0000,0,0,多换,B,7824.0000,0.0000,0.0000,0.0000,0.0000,7892.0000,0.0000,0.0000,0.0000,0.0000,1,0,0,0,0,1,0,0,0,0
zc,TA207,2012-06-01 09:05:31.517,7832.0000,838,0,0.0000,0.0000,0,0,多换,B,7824.0000,0.0000,0.0000,0.0000,0.0000,7892.0000,0.0000,0.0000,0.0000,0.0000,9,0,0,0,0,1,0,0,0,0
zc,TA207,2012-06-01 09:05:32.047,7832.0000,838,0,0.0000,0.0000,0,0,多换,B,7822.0000,0.0000,0.0000,0.0000,0.0000,7892.0000,0.0000,0.0000,0.0000,0.0000,9,0,0,0,0,1,0,0,0,0
zc,TA207,2012-06-01 09:05:36.017,7832.0000,838,0,0.0000,0.0000,0,0,多换,B,7820.0000,0.0000,0.0000,0.0000,0.0000,7892.0000,0.0000,0.0000,0.0000,0.0000,9,0,0,0,0,1,0,0,0,0
zc,TA207,2012-06-01 09:05:46.547,7832.0000,838,0,0.0000,0.0000,0,0,多换,B,7822.0000,0.0000,0.0000,0.0000,0.0000,7892.0000,0.0000,0.0000,0.0000,0.0000,9,0,0,0,0,1,0,0,0,0
zc,TA207,2012-06-01 09:05:58.267,7832.0000,838,0,0.0000,0.0000,0,0,多换,B,7824.0000,0.0000,0.0000,0.0000,0.0000,7892.0000,0.0000,0.0000,0.0000,0.0000,9,0,0,0,0,1,0,0,0,0
zc,TA207,2012-06-01 09:06:01.847,7832.0000,838,0,0.0000,0.0000,0,0,多换,B,7822.0000,0.0000,0.0000,0.0000,0.0000,7892.0000,0.0000,0.0000,0.0000,0.0000,9,0,0,0,0,1,0,0,0,0
zc,TA207,2012-06-01 09:06:03.297,7832.0000,838,0,0.0000,0.0000,0,0,多换,B,7822.0000,0.0000,0.0000,0.0000,0.0000,7892.0000,0.0000,0.0000,0.0000,0.0000,4,0,0,0,0,1,0,0,0,0
zc,TA207,2012-06-01 09:06:04.047,7832.0000,838,0,0.0000,0.0000,0,0,多换,B,7822.0000,0.0000,0.0000,0.0000,0.0000,7892.0000,0.0000,0.0000,0.0000,0.0000,9,0,0,0,0,1,0,0,0,0
zc,TA207,2012-06-01 09:06:07.063,7832.0000,838,0,0.0000,0.0000,0,0,多换,B,7816.0000,0.0000,0.0000,0.0000,0.0000,7890.0000,0.0000,0.0000,0.0000,0.0000,9,0,0,0,0,1,0,0,0,0
zc,TA207,2012-06-01 09:06:10.267,7832.0000,838,0,0.0000,0.0000,0,0,多换,B,7814.0000,0.0000,0.0000,0.0000,0.0000,7888.0000,0.0000,0.0000,0.0000,0.0000,9,0,0,0,0,1,0,0,0,0
zc,TA207,2012-06-01 09:06:15.017,7832.0000,838,0,0.0000,0.0000,0,0,多换,B,7816.0000,0.0000,0.0000,0.0000,0.0000,7890.0000,0.0000,0.0000,0.0000,0.0000,9,0,0,0,0,1,0,0,0,0
zc,TA207,2012-06-01 09:06:21.047,7832.0000,838,0,0.0000,0.0000,0,0,多换,B,7818.0000,0.0000,0.0000,0.0000,0.0000,7892.0000,0.0000,0.0000,0.0000,0.0000,9,0,0,0,0,2,0,0,0,0
zc,TA207,2012-06-01 09:06:22.783,7832.0000,838,0,0.0000,0.0000,0,0,多换,B,7820.0000,0.0000,0.0000,0.0000,0.0000,7892.0000,0.0000,0.0000,0.0000,0.0000,6,0,0,0,0,1,0,0,0,0
zc,TA207,2012-06-01 09:06:23.297,7832.0000,838,0,0.0000,0.0000,0,0,多换,B,7818.0000,0.0000,0.0000,0.0000,0.0000,7892.0000,0.0000,0.0000,0.0000,0.0000,9,0,0,0,0,2,0,0,0,0
zc,TA207,2012-06-01 09:06:30.767,7832.0000,838,0,0.0000,0.0000,0,0,多换,B,7816.0000,0.0000,0.0000,0.0000,0.0000,7890.0000,0.0000,0.0000,0.0000,0.0000,9,0,0,0,0,1,0,0,0,0
zc,TA207,2012-06-01 09:06:33.547,7832.0000,838,0,0.0000,0.0000,0,0,多换,B,7814.0000,0.0000,0.0000,0.0000,0.0000,7888.0000,0.0000,0.0000,0.0000,0.0000,9,0,0,0,0,1,0,0,0,0
zc,TA207,2012-06-01 09:06:37.830,7832.0000,838,0,0.0000,0.0000,0,0,多换,B,7816.0000,0.0000,0.0000,0.0000,0.0000,7890.0000,0.0000,0.0000,0.0000,0.0000,6,0,0,0,0,1,0,0,0,0
zc,TA207,2012-06-01 09:06:38.313,7832.0000,838,0,0.0000,0.0000,0,0,多换,B,7814.0000,0.0000,0.0000,0.0000,0.0000,7888.0000,0.0000,0.0000,0.0000,0.0000,9,0,0,0,0,1,0,0,0,0
zc,TA207,2012-06-01 09:06:39.533,7832.0000,838,0,0.0000,0.0000,0,0,多换,B,7816.0000,0.0000,0.0000,0.0000,0.0000,7890.0000,0.0000,0.0000,0.0000,0.0000,9,0,0,0,0,1,0,0,0,0
zc,TA207,2012-06-01 09:06:42.783,7832.0000,838,0,0.0000,0.0000,0,0,多换,B,7818.0000,0.0000,0.0000,0.0000,0.0000,7892.0000,0.0000,0.0000,0.0000,0.0000,9,0,0,0,0,2,0,0,0,0
zc,TA207,2012-06-01 09:06:44.017,7832.0000,838,0,0.0000,0.0000,0,0,多换,B,7816.0000,0.0000,0.0000,0.0000,0.0000,7890.0000,0.0000,0.0000,0.0000,0.0000,9,0,0,0,0,1,0,0,0,0
zc,TA207,2012-06-01 09:06:44.830,7832.0000,838,0,0.0000,0.0000,0,0,多换,B,7814.0000,0.0000,0.0000,0.0000,0.0000,7890.0000,0.0000,0.0000,0.0000,0.0000,9,0,0,0,0,1,0,0,0,0
zc,TA207,2012-06-01 09:06:45.017,7832.0000,838,0,0.0000,0.0000,0,0,多换,B,7814.0000,0.0000,0.0000,0.0000,0.0000,7888.0000,0.0000,0.0000,0.0000,0.0000,9,0,0,0,0,1,0,0,0,0
zc,TA207,2012-06-01 09:06:45.783,7832.0000,838,0,0.0000,0.0000,0,0,多换,B,7816.0000,0.0000,0.0000,0.0000,0.0000,7890.0000,0.0000,0.0000,0.0000,0.0000,1,0,0,0,0,1,0,0,0,0
zc,TA207,2012-06-01 09:06:46.533,7832.0000,838,0,0.0000,0.0000,0,0,多换,B,7816.0000,0.0000,0.0000,0.0000,0.0000,7890.0000,0.0000,0.0000,0.0000,0.0000,5,0,0,0,0,1,0,0,0,0
zc,TA207,2012-06-01 09:06:47.767,7832.0000,838,0,0.0000,0.0000,0,0,多换,B,7816.0000,0.0000,0.0000,0.0000,0.0000,7890.0000,0.0000,0.0000,0.0000,0.0000,9,0,0,0,0,1,0,0,0,0
zc,TA207,2012-06-01 09:06:49.297,7832.0000,838,0,0.0000,0.0000,0,0,多换,B,7814.0000,0.0000,0.0000,0.0000,0.0000,7888.0000,0.0000,0.0000,0.0000,0.0000,9,0,0,0,0,1,0,0,0,0
zc,TA207,2012-06-01 09:06:49.750,7832.0000,838,0,0.0000,0.0000,0,0,多换,B,7814.0000,0.0000,0.0000,0.0000,0.0000,7890.0000,0.0000,0.0000,0.0000,0.0000,9,0,0,0,0,1,0,0,0,0
zc,TA207,2012-06-01 09:06:50.267,7832.0000,838,0,0.0000,0.0000,0,0,多换,B,7812.0000,0.0000,0.0000,0.0000,0.0000,7886.0000,0.0000,0.0000,0.0000,0.0000,9,0,0,0,0,1,0,0,0,0
zc,TA207,2012-06-01 09:06:53.283,7832.0000,838,0,0.0000,0.0000,0,0,多换,B,7814.0000,0.0000,0.0000,0.0000,0.0000,7888.0000,0.0000,0.0000,0.0000,0.0000,3,0,0,0,0,1,0,0,0,0
zc,TA207,2012-06-01 09:06:53.767,7832.0000,838,0,0.0000,0.0000,0,0,多换,B,7814.0000,0.0000,0.0000,0.0000,0.0000,7888.0000,0.0000,0.0000,0.0000,0.0000,9,0,0,0,0,1,0,0,0,0
zc,TA207,2012-06-01 09:06:54.250,7832.0000,838,0,0.0000,0.0000,0,0,多换,B,7814.0000,0.0000,0.0000,0.0000,0.0000,7888.0000,0.0000,0.0000,0.0000,0.0000,2,0,0,0,0,1,0,0,0,0
zc,TA207,2012-06-01 09:06:55.047,7832.0000,838,0,0.0000,0.0000,0,0,多换,B,7814.0000,0.0000,0.0000,0.0000,0.0000,7888.0000,0.0000,0.0000,0.0000,0.0000,9,0,0,0,0,1,0,0,0,0
zc,TA207,2012-06-01 09:06:57.767,7832.0000,838,0,0.0000,0.0000,0,0,多换,B,7816.0000,0.0000,0.0000,0.0000,0.0000,7890.0000,0.0000,0.0000,0.0000,0.0000,9,0,0,0,0,1,0,0,0,0
zc,TA207,2012-06-01 09:06:59.033,7832.0000,838,0,0.0000,0.0000,0,0,多换,B,7814.0000,0.0000,0.0000,0.0000,0.0000,7890.0000,0.0000,0.0000,0.0000,0.0000,9,0,0,0,0,1,0,0,0,0
zc,TA207,2012-06-01 09:06:59.517,7832.0000,838,0,0.0000,0.0000,0,0,多换,B,7814.0000,0.0000,0.0000,0.0000,0.0000,7888.0000,0.0000,0.0000,0.0000,0.0000,9,0,0,0,0,1,0,0,0,0
zc,TA207,2012-06-01 09:07:01.283,7832.0000,838,0,0.0000,0.0000,0,0,多换,B,7816.0000,0.0000,0.0000,0.0000,0.0000,7890.0000,0.0000,0.0000,0.0000,0.0000,4,0,0,0,0,1,0,0,0,0
zc,TA207,2012-06-01 09:07:02.033,7832.0000,838,0,0.0000,0.0000,0,0,多换,B,7816.0000,0.0000,0.0000,0.0000,0.0000,7890.0000,0.0000,0.0000,0.0000,0.0000,9,0,0,0,0,1,0,0,0,0
zc,TA207,2012-06-01 09:07:04.297,7832.0000,838,0,0.0000,0.0000,0,0,多换,B,7818.0000,0.0000,0.0000,0.0000,0.0000,7892.0000,0.0000,0.0000,0.0000,0.0000,9,0,0,0,0,2,0,0,0,0
zc,TA207,2012-06-01 09:07:04.783,7832.0000,838,0,0.0000,0.0000,0,0,多换,B,7816.0000,0.0000,0.0000,0.0000,0.0000,7892.0000,0.0000,0.0000,0.0000,0.0000,9,0,0,0,0,2,0,0,0,0
zc,TA207,2012-06-01 09:07:07.297,7832.0000,838,0,0.0000,0.0000,0,0,多换,B,7818.0000,0.0000,0.0000,0.0000,0.0000,7892.0000,0.0000,0.0000,0.0000,0.0000,1,0,0,0,0,2,0,0,0,0
zc,TA207,2012-06-01 09:07:07.797,7832.0000,838,0,0.0000,0.0000,0,0,多换,B,7816.0000,0.0000,0.0000,0.0000,0.0000,7892.0000,0.0000,0.0000,0.0000,0.0000,9,0,0,0,0,2,0,0,0,0
zc,TA207,2012-06-01 09:07:08.813,7832.0000,838,0,0.0000,0.0000,0,0,多换,B,7818.0000,0.0000,0.0000,0.0000,0.0000,7892.0000,0.0000,0.0000,0.0000,0.0000,9,0,0,0,0,2,0,0,0,0
zc,TA207,2012-06-01 09:07:09.533,7832.0000,838,0,0.0000,0.0000,0,0,多换,B,7816.0000,0.0000,0.0000,0.0000,0.0000,7890.0000,0.0000,0.0000,0.0000,0.0000,9,0,0,0,0,1,0,0,0,0
zc,TA207,2012-06-01 09:07:11.597,7832.0000,838,0,0.0000,0.0000,0,0,多换,B,7812.0000,0.0000,0.0000,0.0000,0.0000,7886.0000,0.0000,0.0000,0.0000,0.0000,9,0,0,0,0,1,0,0,0,0
zc,TA207,2012-06-01 09:07:13.047,7832.0000,838,0,0.0000,0.0000,0,0,多换,B,7814.0000,0.0000,0.0000,0.0000,0.0000,7888.0000,0.0000,0.0000,0.0000,0.0000,1,0,0,0,0,1,0,0,0,0
zc,TA207,2012-06-01 09:07:13.767,7832.0000,838,0,0.0000,0.0000,0,0,多换,B,7814.0000,0.0000,0.0000,0.0000,0.0000,7888.0000,0.0000,0.0000,0.0000,0.0000,2,0,0,0,0,1,0,0,0,0
zc,TA207,2012-06-01 09:07:14.313,7832.0000,838,0,0.0000,0.0000,0,0,多换,B,7814.0000,0.0000,0.0000,0.0000,0.0000,7888.0000,0.0000,0.0000,0.0000,0.0000,9,0,0,0,0,1,0,0,0,0
zc,TA207,2012-06-01 09:07:15.563,7832.0000,838,0,0.0000,0.0000,0,0,多换,B,7812.0000,0.0000,0.0000,0.0000,0.0000,7886.0000,0.0000,0.0000,0.0000,0.0000,9,0,0,0,0,1,0,0,0,0
zc,TA207,2012-06-01 09:07:20.033,7832.0000,838,0,0.0000,0.0000,0,0,多换,B,7810.0000,0.0000,0.0000,0.0000,0.0000,7884.0000,0.0000,0.0000,0.0000,0.0000,9,0,0,0,0,1,0,0,0,0
zc,TA207,2012-06-01 09:07:25.767,7832.0000,838,0,0.0000,0.0000,0,0,多换,B,7808.0000,0.0000,0.0000,0.0000,0.0000,7882.0000,0.0000,0.0000,0.0000,0.0000,9,0,0,0,0,1,0,0,0,0
zc,TA207,2012-06-01 09:07:30.033,7832.0000,838,0,0.0000,0.0000,0,0,多换,B,7810.0000,0.0000,0.0000,0.0000,0.0000,7880.0000,0.0000,0.0000,0.0000,0.0000,9,0,0,0,0,1,0,0,0,0
zc,TA207,2012-06-01 09:07:30.767,7832.0000,838,0,0.0000,0.0000,0,0,多换,B,7814.0000,0.0000,0.0000,0.0000,0.0000,7880.0000,0.0000,0.0000,0.0000,0.0000,9,0,0,0,0,1,0,0,0,0
zc,TA207,2012-06-01 09:07:31.283,7832.0000,838,0,0.0000,0.0000,0,0,多换,B,7812.0000,0.0000,0.0000,0.0000,0.0000,7880.0000,0.0000,0.0000,0.0000,0.0000,1,0,0,0,0,1,0,0,0,0
zc,TA207,2012-06-01 09:07:31.767,7832.0000,838,0,0.0000,0.0000,0,0,多换,B,7810.0000,0.0000,0.0000,0.0000,0.0000,7880.0000,0.0000,0.0000,0.0000,0.0000,9,0,0,0,0,1,0,0,0,0
zc,TA207,2012-06-01 09:07:33.000,7832.0000,838,0,0.0000,0.0000,0,0,多换,B,7814.0000,0.0000,0.0000,0.0000,0.0000,7880.0000,0.0000,0.0000,0.0000,0.0000,9,0,0,0,0,1,0,0,0,0
zc,TA207,2012-06-01 09:07:33.750,7832.0000,838,0,0.0000,0.0000,0,0,多换,B,7814.0000,0.0000,0.0000,0.0000,0.0000,7880.0000,0.0000,0.0000,0.0000,0.0000,2,0,0,0,0,1,0,0,0,0
zc,TA207,2012-06-01 09:07:34.283,7832.0000,838,0,0.0000,0.0000,0,0,多换,B,7812.0000,0.0000,0.0000,0.0000,0.0000,7880.0000,0.0000,0.0000,0.0000,0.0000,9,0,0,0,0,1,0,0,0,0
zc,TA207,2012-06-01 09:07:38.283,7832.0000,838,0,0.0000,0.0000,0,0,多换,B,7810.0000,0.0000,0.0000,0.0000,0.0000,7880.0000,0.0000,0.0000,0.0000,0.0000,9,0,0,0,0,1,0,0,0,0
zc,TA207,2012-06-01 09:07:41.047,7832.0000,838,0,0.0000,0.0000,0,0,多换,B,7812.0000,0.0000,0.0000,0.0000,0.0000,7880.0000,0.0000,0.0000,0.0000,0.0000,9,0,0,0,0,1,0,0,0,0
zc,TA207,2012-06-01 09:07:43.813,7832.0000,838,0,0.0000,0.0000,0,0,多换,B,7814.0000,0.0000,0.0000,0.0000,0.0000,7880.0000,0.0000,0.0000,0.0000,0.0000,9,0,0,0,0,1,0,0,0,0
zc,TA207,2012-06-01 09:07:45.000,7832.0000,838,0,0.0000,0.0000,0,0,多换,B,7812.0000,0.0000,0.0000,0.0000,0.0000,7880.0000,0.0000,0.0000,0.0000,0.0000,9,0,0,0,0,1,0,0,0,0
zc,TA207,2012-06-01 09:07:45.517,7832.0000,838,0,0.0000,0.0000,0,0,多换,B,7814.0000,0.0000,0.0000,0.0000,0.0000,7880.0000,0.0000,0.0000,0.0000,0.0000,2,0,0,0,0,1,0,0,0,0
zc,TA207,2012-06-01 09:07:46.033,7832.0000,838,0,0.0000,0.0000,0,0,多换,B,7814.0000,0.0000,0.0000,0.0000,0.0000,7880.0000,0.0000,0.0000,0.0000,0.0000,9,0,0,0,0,1,0,0,0,0
zc,TA207,2012-06-01 09:07:46.767,7832.0000,838,0,0.0000,0.0000,0,0,多换,B,7814.0000,0.0000,0.0000,0.0000,0.0000,7880.0000,0.0000,0.0000,0.0000,0.0000,7,0,0,0,0,1,0,0,0,0
zc,TA207,2012-06-01 09:07:47.797,7832.0000,838,0,0.0000,0.0000,0,0,多换,B,7812.0000,0.0000,0.0000,0.0000,0.0000,7880.0000,0.0000,0.0000,0.0000,0.0000,9,0,0,0,0,1,0,0,0,0
zc,TA207,2012-06-01 09:07:55.517,7832.0000,838,0,0.0000,0.0000,0,0,多换,B,7812.0000,0.0000,0.0000,0.0000,0.0000,7878.0000,0.0000,0.0000,0.0000,0.0000,9,0,0,0,0,2,0,0,0,0
zc,TA207,2012-06-01 09:07:58.750,7832.0000,838,0,0.0000,0.0000,0,0,多换,B,7814.0000,0.0000,0.0000,0.0000,0.0000,7878.0000,0.0000,0.0000,0.0000,0.0000,1,0,0,0,0,2,0,0,0,0
zc,TA207,2012-06-01 09:07:59.533,7832.0000,838,0,0.0000,0.0000,0,0,多换,B,7814.0000,0.0000,0.0000,0.0000,0.0000,7878.0000,0.0000,0.0000,0.0000,0.0000,3,0,0,0,0,2,0,0,0,0
zc,TA207,2012-06-01 09:08:00.033,7832.0000,838,0,0.0000,0.0000,0,0,多换,B,7812.0000,0.0000,0.0000,0.0000,0.0000,7878.0000,0.0000,0.0000,0.0000,0.0000,9,0,0,0,0,2,0,0,0,0
zc,TA207,2012-06-01 09:08:01.267,7832.0000,838,0,0.0000,0.0000,0,0,多换,B,7812.0000,0.0000,0.0000,0.0000,0.0000,7878.0000,0.0000,0.0000,0.0000,0.0000,8,0,0,0,0,2,0,0,0,0
zc,TA207,2012-06-01 09:08:01.783,7832.0000,838,0,0.0000,0.0000,0,0,多换,B,7810.0000,0.0000,0.0000,0.0000,0.0000,7878.0000,0.0000,0.0000,0.0000,0.0000,9,0,0,0,0,2,0,0,0,0
zc,TA207,2012-06-01 09:08:02.500,7832.0000,838,0,0.0000,0.0000,0,0,多换,B,7812.0000,0.0000,0.0000,0.0000,0.0000,7878.0000,0.0000,0.0000,0.0000,0.0000,9,0,0,0,0,2,0,0,0,0
zc,TA207,2012-06-01 09:08:03.547,7832.0000,838,0,0.0000,0.0000,0,0,多换,B,7814.0000,0.0000,0.0000,0.0000,0.0000,7880.0000,0.0000,0.0000,0.0000,0.0000,9,0,0,0,0,1,0,0,0,0
zc,TA207,2012-06-01 09:08:05.797,7832.0000,838,0,0.0000,0.0000,0,0,多换,B,7816.0000,0.0000,0.0000,0.0000,0.0000,7878.0000,0.0000,0.0000,0.0000,0.0000,9,0,0,0,0,2,0,0,0,0
zc,TA207,2012-06-01 09:08:08.220,7832.0000,838,0,0.0000,0.0000,0,0,多换,B,7818.0000,0.0000,0.0000,0.0000,0.0000,7878.0000,0.0000,0.0000,0.0000,0.0000,9,0,0,0,0,2,0,0,0,0
zc,TA207,2012-06-01 09:08:08.737,7832.0000,838,0,0.0000,0.0000,0,0,多换,B,7818.0000,0.0000,0.0000,0.0000,0.0000,7880.0000,0.0000,0.0000,0.0000,0.0000,9,0,0,0,0,1,0,0,0,0
zc,TA207,2012-06-01 09:08:09.283,7832.0000,838,0,0.0000,0.0000,0,0,多换,B,7816.0000,0.0000,0.0000,0.0000,0.0000,7880.0000,0.0000,0.0000,0.0000,0.0000,9,0,0,0,0,1,0,0,0,0
zc,TA207,2012-06-01 09:08:11.783,7832.0000,838,0,0.0000,0.0000,0,0,多换,B,7818.0000,0.0000,0.0000,0.0000,0.0000,7880.0000,0.0000,0.0000,0.0000,0.0000,9,0,0,0,0,1,0,0,0,0
zc,TA207,2012-06-01 09:08:13.297,7832.0000,838,0,0.0000,0.0000,0,0,多换,B,7820.0000,0.0000,0.0000,0.0000,0.0000,7880.0000,0.0000,0.0000,0.0000,0.0000,9,0,0,0,0,1,0,0,0,0
zc,TA207,2012-06-01 09:08:17.033,7832.0000,838,0,0.0000,0.0000,0,0,多换,B,7818.0000,0.0000,0.0000,0.0000,0.0000,7880.0000,0.0000,0.0000,0.0000,0.0000,9,0,0,0,0,1,0,0,0,0
zc,TA207,2012-06-01 09:08:21.033,7832.0000,838,0,0.0000,0.0000,0,0,多换,B,7820.0000,0.0000,0.0000,0.0000,0.0000,7880.0000,0.0000,0.0000,0.0000,0.0000,9,0,0,0,0,1,0,0,0,0
zc,TA207,2012-06-01 09:08:21.797,7832.0000,838,0,0.0000,0.0000,0,0,多换,B,7818.0000,0.0000,0.0000,0.0000,0.0000,7880.0000,0.0000,0.0000,0.0000,0.0000,9,0,0,0,0,1,0,0,0,0
zc,TA207,2012-06-01 09:08:22.297,7832.0000,838,0,0.0000,0.0000,0,0,多换,B,7820.0000,0.0000,0.0000,0.0000,0.0000,7880.0000,0.0000,0.0000,0.0000,0.0000,9,0,0,0,0,1,0,0,0,0
zc,TA207,2012-06-01 09:08:22.767,7832.0000,838,0,0.0000,0.0000,0,0,多换,B,7818.0000,0.0000,0.0000,0.0000,0.0000,7880.0000,0.0000,0.0000,0.0000,0.0000,9,0,0,0,0,1,0,0,0,0
zc,TA207,2012-06-01 09:08:25.047,7832.0000,838,0,0.0000,0.0000,0,0,多换,B,7816.0000,0.0000,0.0000,0.0000,0.0000,7880.0000,0.0000,0.0000,0.0000,0.0000,9,0,0,0,0,1,0,0,0,0
zc,TA207,2012-06-01 09:08:25.783,7832.0000,838,0,0.0000,0.0000,0,0,多换,B,7816.0000,0.0000,0.0000,0.0000,0.0000,7880.0000,0.0000,0.0000,0.0000,0.0000,9,0,0,0,0,3,0,0,0,0
zc,TA207,2012-06-01 09:08:32.033,7832.0000,838,0,0.0000,0.0000,0,0,多换,B,7818.0000,0.0000,0.0000,0.0000,0.0000,7880.0000,0.0000,0.0000,0.0000,0.0000,9,0,0,0,0,3,0,0,0,0
zc,TA207,2012-06-01 09:08:33.017,7832.0000,838,0,0.0000,0.0000,0,0,多换,B,7814.0000,0.0000,0.0000,0.0000,0.0000,7880.0000,0.0000,0.0000,0.0000,0.0000,9,0,0,0,0,3,0,0,0,0
zc,TA207,2012-06-01 09:08:42.033,7832.0000,838,0,0.0000,0.0000,0,0,多换,B,7814.0000,0.0000,0.0000,0.0000,0.0000,7880.0000,0.0000,0.0000,0.0000,0.0000,8,0,0,0,0,3,0,0,0,0
zc,TA207,2012-06-01 09:08:42.813,7832.0000,838,0,0.0000,0.0000,0,0,多换,B,7812.0000,0.0000,0.0000,0.0000,0.0000,7880.0000,0.0000,0.0000,0.0000,0.0000,9,0,0,0,0,3,0,0,0,0
zc,TA207,2012-06-01 09:08:43.283,7832.0000,838,0,0.0000,0.0000,0,0,多换,B,7814.0000,0.0000,0.0000,0.0000,0.0000,7880.0000,0.0000,0.0000,0.0000,0.0000,1,0,0,0,0,3,0,0,0,0
zc,TA207,2012-06-01 09:08:44.047,7832.0000,838,0,0.0000,0.0000,0,0,多换,B,7812.0000,0.0000,0.0000,0.0000,0.0000,7880.0000,0.0000,0.0000,0.0000,0.0000,9,0,0,0,0,3,0,0,0,0
zc,TA207,2012-06-01 09:08:45.783,7832.0000,838,0,0.0000,0.0000,0,0,多换,B,7814.0000,0.0000,0.0000,0.0000,0.0000,7880.0000,0.0000,0.0000,0.0000,0.0000,9,0,0,0,0,3,0,0,0,0
zc,TA207,2012-06-01 09:08:46.297,7832.0000,838,0,0.0000,0.0000,0,0,多换,B,7812.0000,0.0000,0.0000,0.0000,0.0000,7880.0000,0.0000,0.0000,0.0000,0.0000,9,0,0,0,0,3,0,0,0,0
zc,TA207,2012-06-01 09:08:47.580,7832.0000,838,0,0.0000,0.0000,0,0,多换,B,7814.0000,0.0000,0.0000,0.0000,0.0000,7880.0000,0.0000,0.0000,0.0000,0.0000,7,0,0,0,0,3,0,0,0,0
zc,TA207,2012-06-01 09:08:48.047,7832.0000,838,0,0.0000,0.0000,0,0,多换,B,7814.0000,0.0000,0.0000,0.0000,0.0000,7880.0000,0.0000,0.0000,0.0000,0.0000,9,0,0,0,0,3,0,0,0,0
zc,TA207,2012-06-01 09:08:48.580,7832.0000,838,0,0.0000,0.0000,0,0,多换,B,7812.0000,0.0000,0.0000,0.0000,0.0000,7880.0000,0.0000,0.0000,0.0000,0.0000,9,0,0,0,0,3,0,0,0,0
zc,TA207,2012-06-01 09:08:59.533,7832.0000,838,0,0.0000,0.0000,0,0,多换,B,7810.0000,0.0000,0.0000,0.0000,0.0000,7880.0000,0.0000,0.0000,0.0000,0.0000,9,0,0,0,0,3,0,0,0,0
zc,TA207,2012-06-01 09:09:05.783,7832.0000,838,0,0.0000,0.0000,0,0,多换,B,7808.0000,0.0000,0.0000,0.0000,0.0000,7880.0000,0.0000,0.0000,0.0000,0.0000,9,0,0,0,0,3,0,0,0,0
zc,TA207,2012-06-01 09:09:07.033,7832.0000,838,0,0.0000,0.0000,0,0,多换,B,7810.0000,0.0000,0.0000,0.0000,0.0000,7880.0000,0.0000,0.0000,0.0000,0.0000,8,0,0,0,0,3,0,0,0,0
zc,TA207,2012-06-01 09:09:07.533,7832.0000,838,0,0.0000,0.0000,0,0,多换,B,7808.0000,0.0000,0.0000,0.0000,0.0000,7880.0000,0.0000,0.0000,0.0000,0.0000,9,0,0,0,0,3,0,0,0,0
zc,TA207,2012-06-01 09:09:08.250,7832.0000,838,0,0.0000,0.0000,0,0,多换,B,7808.0000,0.0000,0.0000,0.0000,0.0000,7880.0000,0.0000,0.0000,0.0000,0.0000,9,0,0,0,0,3,0,0,0,0
zc,TA207,2012-06-01 09:09:10.563,7832.0000,838,0,0.0000,0.0000,0,0,多换,B,7808.0000,0.0000,0.0000,0.0000,0.0000,7880.0000,0.0000,0.0000,0.0000,0.0000,6,0,0,0,0,3,0,0,0,0
zc,TA207,2012-06-01 09:09:11.063,7832.0000,838,0,0.0000,0.0000,0,0,多换,B,7806.0000,0.0000,0.0000,0.0000,0.0000,7880.0000,0.0000,0.0000,0.0000,0.0000,9,0,0,0,0,4,0,0,0,0
zc,TA207,2012-06-01 09:09:12.297,7832.0000,838,0,0.0000,0.0000,0,0,多换,B,7806.0000,0.0000,0.0000,0.0000,0.0000,7880.0000,0.0000,0.0000,0.0000,0.0000,9,0,0,0,0,3,0,0,0,0
zc,TA207,2012-06-01 09:09:12.737,7832.0000,838,0,0.0000,0.0000,0,0,多换,B,7806.0000,0.0000,0.0000,0.0000,0.0000,7880.0000,0.0000,0.0000,0.0000,0.0000,9,0,0,0,0,4,0,0,0,0
zc,TA207,2012-06-01 09:09:14.297,7832.0000,838,0,0.0000,0.0000,0,0,多换,B,7808.0000,0.0000,0.0000,0.0000,0.0000,7880.0000,0.0000,0.0000,0.0000,0.0000,1,0,0,0,0,3,0,0,0,0
zc,TA207,2012-06-01 09:09:14.797,7832.0000,838,0,0.0000,0.0000,0,0,多换,B,7804.0000,0.0000,0.0000,0.0000,0.0000,7880.0000,0.0000,0.0000,0.0000,0.0000,9,0,0,0,0,4,0,0,0,0
zc,TA207,2012-06-01 09:09:15.330,7832.0000,838,0,0.0000,0.0000,0,0,多换,B,7804.0000,0.0000,0.0000,0.0000,0.0000,7878.0000,0.0000,0.0000,0.0000,0.0000,9,0,0,0,0,1,0,0,0,0
zc,TA207,2012-06-01 09:09:16.080,7832.0000,838,0,0.0000,0.0000,0,0,多换,B,7806.0000,0.0000,0.0000,0.0000,0.0000,7880.0000,0.0000,0.0000,0.0000,0.0000,9,0,0,0,0,4,0,0,0,0
zc,TA207,2012-06-01 09:09:16.580,7832.0000,838,0,0.0000,0.0000,0,0,多换,B,7808.0000,0.0000,0.0000,0.0000,0.0000,7880.0000,0.0000,0.0000,0.0000,0.0000,9,0,0,0,0,1,0,0,0,0
zc,TA207,2012-06-01 09:09:17.047,7832.0000,838,0,0.0000,0.0000,0,0,多换,B,7806.0000,0.0000,0.0000,0.0000,0.0000,7880.0000,0.0000,0.0000,0.0000,0.0000,9,0,0,0,0,2,0,0,0,0
zc,TA207,2012-06-01 09:09:17.517,7832.0000,838,0,0.0000,0.0000,0,0,多换,B,7808.0000,0.0000,0.0000,0.0000,0.0000,7880.0000,0.0000,0.0000,0.0000,0.0000,9,0,0,0,0,1,0,0,0,0
zc,TA207,2012-06-01 09:09:19.563,7832.0000,838,0,0.0000,0.0000,0,0,多换,B,7806.0000,0.0000,0.0000,0.0000,0.0000,7880.0000,0.0000,0.0000,0.0000,0.0000,9,0,0,0,0,1,0,0,0,0
zc,TA207,2012-06-01 09:09:20.033,7832.0000,838,0,0.0000,0.0000,0,0,多换,B,7808.0000,0.0000,0.0000,0.0000,0.0000,7880.0000,0.0000,0.0000,0.0000,0.0000,9,0,0,0,0,1,0,0,0,0
zc,TA207,2012-06-01 09:09:22.533,7832.0000,838,0,0.0000,0.0000,0,0,多换,B,7808.0000,0.0000,0.0000,0.0000,0.0000,7880.0000,0.0000,0.0000,0.0000,0.0000,1,0,0,0,0,1,0,0,0,0
zc,TA207,2012-06-01 09:09:22.847,7832.0000,838,0,0.0000,0.0000,0,0,多换,B,7806.0000,0.0000,0.0000,0.0000,0.0000,7880.0000,0.0000,0.0000,0.0000,0.0000,9,0,0,0,0,2,0,0,0,0
zc,TA207,2012-06-01 09:09:29.283,7832.0000,838,0,0.0000,0.0000,0,0,多换,B,7806.0000,0.0000,0.0000,0.0000,0.0000,7880.0000,0.0000,0.0000,0.0000,0.0000,9,0,0,0,0,1,0,0,0,0
zc,TA207,2012-06-01 09:09:30.047,7832.0000,838,0,0.0000,0.0000,0,0,多换,B,7808.0000,0.0000,0.0000,0.0000,0.0000,7880.0000,0.0000,0.0000,0.0000,0.0000,9,0,0,0,0,1,0,0,0,0
zc,TA207,2012-06-01 09:09:31.063,7832.0000,838,0,0.0000,0.0000,0,0,多换,B,7810.0000,0.0000,0.0000,0.0000,0.0000,7880.0000,0.0000,0.0000,0.0000,0.0000,9,0,0,0,0,1,0,0,0,0
zc,TA207,2012-06-01 09:09:31.767,7832.0000,838,0,0.0000,0.0000,0,0,多换,B,7810.0000,0.0000,0.0000,0.0000,0.0000,7880.0000,0.0000,0.0000,0.0000,0.0000,7,0,0,0,0,1,0,0,0,0
zc,TA207,2012-06-01 09:09:32.283,7832.0000,838,0,0.0000,0.0000,0,0,多换,B,7810.0000,0.0000,0.0000,0.0000,0.0000,7880.0000,0.0000,0.0000,0.0000,0.0000,9,0,0,0,0,1,0,0,0,0
zc,TA207,2012-06-01 09:09:34.017,7832.0000,838,0,0.0000,0.0000,0,0,多换,B,7808.0000,0.0000,0.0000,0.0000,0.0000,7880.0000,0.0000,0.0000,0.0000,0.0000,9,0,0,0,0,1,0,0,0,0
zc,TA207,2012-06-01 09:09:35.767,7832.0000,838,0,0.0000,0.0000,0,0,多换,B,7810.0000,0.0000,0.0000,0.0000,0.0000,7880.0000,0.0000,0.0000,0.0000,0.0000,9,0,0,0,0,1,0,0,0,0
zc,TA207,2012-06-01 09:09:36.783,7832.0000,838,0,0.0000,0.0000,0,0,多换,B,7812.0000,0.0000,0.0000,0.0000,0.0000,7880.0000,0.0000,0.0000,0.0000,0.0000,9,0,0,0,0,1,0,0,0,0
zc,TA207,2012-06-01 09:09:37.283,7832.0000,838,0,0.0000,0.0000,0,0,多换,B,7810.0000,0.0000,0.0000,0.0000,0.0000,7880.0000,0.0000,0.0000,0.0000,0.0000,9,0,0,0,0,1,0,0,0,0
zc,TA207,2012-06-01 09:09:41.330,7832.0000,838,0,0.0000,0.0000,0,0,多换,B,7814.0000,0.0000,0.0000,0.0000,0.0000,7880.0000,0.0000,0.0000,0.0000,0.0000,9,0,0,0,0,1,0,0,0,0
zc,TA207,2012-06-01 09:09:42.080,7832.0000,838,0,0.0000,0.0000,0,0,多换,B,7816.0000,0.0000,0.0000,0.0000,0.0000,7880.0000,0.0000,0.0000,0.0000,0.0000,9,0,0,0,0,1,0,0,0,0
zc,TA207,2012-06-01 09:09:45.080,7832.0000,838,0,0.0000,0.0000,0,0,多换,B,7818.0000,0.0000,0.0000,0.0000,0.0000,7880.0000,0.0000,0.0000,0.0000,0.0000,1,0,0,0,0,1,0,0,0,0
zc,TA207,2012-06-01 09:09:45.547,7832.0000,838,0,0.0000,0.0000,0,0,多换,B,7818.0000,0.0000,0.0000,0.0000,0.0000,7880.0000,0.0000,0.0000,0.0000,0.0000,4,0,0,0,0,1,0,0,0,0
zc,TA207,2012-06-01 09:09:46.297,7832.0000,838,0,0.0000,0.0000,0,0,多换,B,7816.0000,0.0000,0.0000,0.0000,0.0000,7880.0000,0.0000,0.0000,0.0000,0.0000,9,0,0,0,0,1,0,0,0,0
zc,TA207,2012-06-01 09:09:46.547,7832.0000,838,0,0.0000,0.0000,0,0,多换,B,7818.0000,0.0000,0.0000,0.0000,0.0000,7880.0000,0.0000,0.0000,0.0000,0.0000,9,0,0,0,0,1,0,0,0,0
zc,TA207,2012-06-01 09:09:47.297,7832.0000,838,0,0.0000,0.0000,0,0,多换,B,7816.0000,0.0000,0.0000,0.0000,0.0000,7880.0000,0.0000,0.0000,0.0000,0.0000,9,0,0,0,0,1,0,0,0,0
zc,TA207,2012-06-01 09:09:50.830,7832.0000,838,0,0.0000,0.0000,0,0,多换,B,7816.0000,0.0000,0.0000,0.0000,0.0000,7880.0000,0.0000,0.0000,0.0000,0.0000,5,0,0,0,0,1,0,0,0,0
zc,TA207,2012-06-01 09:09:51.347,7832.0000,838,0,0.0000,0.0000,0,0,多换,B,7814.0000,0.0000,0.0000,0.0000,0.0000,7880.0000,0.0000,0.0000,0.0000,0.0000,6,0,0,0,0,1,0,0,0,0
zc,TA207,2012-06-01 09:09:51.783,7832.0000,838,0,0.0000,0.0000,0,0,多换,B,7814.0000,0.0000,0.0000,0.0000,0.0000,7880.0000,0.0000,0.0000,0.0000,0.0000,9,0,0,0,0,1,0,0,0,0
zc,TA207,2012-06-01 09:09:52.750,7832.0000,838,0,0.0000,0.0000,0,0,多换,B,7812.0000,0.0000,0.0000,0.0000,0.0000,7880.0000,0.0000,0.0000,0.0000,0.0000,9,0,0,0,0,1,0,0,0,0
zc,TA207,2012-06-01 09:09:53.563,7832.0000,838,0,0.0000,0.0000,0,0,多换,B,7814.0000,0.0000,0.0000,0.0000,0.0000,7880.0000,0.0000,0.0000,0.0000,0.0000,9,0,0,0,0,1,0,0,0,0
zc,TA207,2012-06-01 09:09:54.047,7832.0000,838,0,0.0000,0.0000,0,0,多换,B,7816.0000,0.0000,0.0000,0.0000,0.0000,7880.0000,0.0000,0.0000,0.0000,0.0000,9,0,0,0,0,2,0,0,0,0
zc,TA207,2012-06-01 09:09:58.000,7832.0000,838,0,0.0000,0.0000,0,0,多换,B,7814.0000,0.0000,0.0000,0.0000,0.0000,7878.0000,0.0000,0.0000,0.0000,0.0000,9,0,0,0,0,1,0,0,0,0
zc,TA207,2012-06-01 09:10:00.547,7832.0000,838,0,0.0000,0.0000,0,0,多换,B,7816.0000,0.0000,0.0000,0.0000,0.0000,7880.0000,0.0000,0.0000,0.0000,0.0000,8,0,0,0,0,2,0,0,0,0
zc,TA207,2012-06-01 09:10:00.783,7832.0000,838,0,0.0000,0.0000,0,0,多换,B,7814.0000,0.0000,0.0000,0.0000,0.0000,7878.0000,0.0000,0.0000,0.0000,0.0000,9,0,0,0,0,1,0,0,0,0
zc,TA207,2012-06-01 09:10:01.533,7832.0000,838,0,0.0000,0.0000,0,0,多换,B,7814.0000,0.0000,0.0000,0.0000,0.0000,7880.0000,0.0000,0.0000,0.0000,0.0000,9,0,0,0,0,2,0,0,0,0
zc,TA207,2012-06-01 09:10:02.033,7832.0000,838,0,0.0000,0.0000,0,0,多换,B,7816.0000,0.0000,0.0000,0.0000,0.0000,7880.0000,0.0000,0.0000,0.0000,0.0000,9,0,0,0,0,2,0,0,0,0
zc,TA207,2012-06-01 09:10:04.500,7832.0000,838,0,0.0000,0.0000,0,0,多换,B,7814.0000,0.0000,0.0000,0.0000,0.0000,7878.0000,0.0000,0.0000,0.0000,0.0000,9,0,0,0,0,1,0,0,0,0
zc,TA207,2012-06-01 09:10:05.017,7832.0000,838,0,0.0000,0.0000,0,0,多换,B,7816.0000,0.0000,0.0000,0.0000,0.0000,7880.0000,0.0000,0.0000,0.0000,0.0000,9,0,0,0,0,2,0,0,0,0
zc,TA207,2012-06-01 09:10:07.750,7832.0000,838,0,0.0000,0.0000,0,0,多换,B,7814.0000,0.0000,0.0000,0.0000,0.0000,7880.0000,0.0000,0.0000,0.0000,0.0000,9,0,0,0,0,2,0,0,0,0
zc,TA207,2012-06-01 09:10:08.237,7832.0000,838,0,0.0000,0.0000,0,0,多换,B,7814.0000,0.0000,0.0000,0.0000,0.0000,7878.0000,0.0000,0.0000,0.0000,0.0000,9,0,0,0,0,1,0,0,0,0
zc,TA207,2012-06-01 09:10:08.547,7832.0000,838,0,0.0000,0.0000,0,0,多换,B,7814.0000,0.0000,0.0000,0.0000,0.0000,7878.0000,0.0000,0.0000,0.0000,0.0000,9,0,0,0,0,1,0,0,0,0
zc,TA207,2012-06-01 09:10:09.033,7832.0000,838,0,0.0000,0.0000,0,0,多换,B,7814.0000,0.0000,0.0000,0.0000,0.0000,7880.0000,0.0000,0.0000,0.0000,0.0000,9,0,0,0,0,2,0,0,0,0
zc,TA207,2012-06-01 09:10:09.750,7832.0000,838,0,0.0000,0.0000,0,0,多换,B,7814.0000,0.0000,0.0000,0.0000,0.0000,7878.0000,0.0000,0.0000,0.0000,0.0000,9,0,0,0,0,1,0,0,0,0
zc,TA207,2012-06-01 09:10:14.267,7832.0000,838,0,0.0000,0.0000,0,0,多换,B,7816.0000,0.0000,0.0000,0.0000,0.0000,7880.0000,0.0000,0.0000,0.0000,0.0000,4,0,0,0,0,2,0,0,0,0
zc,TA207,2012-06-01 09:10:14.750,7832.0000,838,0,0.0000,0.0000,0,0,多换,B,7816.0000,0.0000,0.0000,0.0000,0.0000,7880.0000,0.0000,0.0000,0.0000,0.0000,9,0,0,0,0,2,0,0,0,0
zc,TA207,2012-06-01 09:10:16.033,7832.0000,838,0,0.0000,0.0000,0,0,多换,B,7814.0000,0.0000,0.0000,0.0000,0.0000,7878.0000,0.0000,0.0000,0.0000,0.0000,9,0,0,0,0,1,0,0,0,0
zc,TA207,2012-06-01 09:10:16.517,7832.0000,838,0,0.0000,0.0000,0,0,多换,B,7816.0000,0.0000,0.0000,0.0000,0.0000,7880.0000,0.0000,0.0000,0.0000,0.0000,9,0,0,0,0,2,0,0,0,0
zc,TA207,2012-06-01 09:10:20.500,7832.0000,838,0,0.0000,0.0000,0,0,多换,B,7816.0000,0.0000,0.0000,0.0000,0.0000,7880.0000,0.0000,0.0000,0.0000,0.0000,9,0,0,0,0,1,0,0,0,0
zc,TA207,2012-06-01 09:10:21.267,7832.0000,838,0,0.0000,0.0000,0,0,多换,B,7814.0000,0.0000,0.0000,0.0000,0.0000,7878.0000,0.0000,0.0000,0.0000,0.0000,9,0,0,0,0,1,0,0,0,0
zc,TA207,2012-06-01 09:10:29.097,7832.0000,838,0,0.0000,0.0000,0,0,多换,B,7812.0000,0.0000,0.0000,0.0000,0.0000,7876.0000,0.0000,0.0000,0.0000,0.0000,9,0,0,0,0,1,0,0,0,0
zc,TA207,2012-06-01 09:10:32.033,7832.0000,838,0,0.0000,0.0000,0,0,多换,B,7814.0000,0.0000,0.0000,0.0000,0.0000,7878.0000,0.0000,0.0000,0.0000,0.0000,1,0,0,0,0,1,0,0,0,0
zc,TA207,2012-06-01 09:10:32.250,7832.0000,838,0,0.0000,0.0000,0,0,多换,B,7814.0000,0.0000,0.0000,0.0000,0.0000,7878.0000,0.0000,0.0000,0.0000,0.0000,2,0,0,0,0,1,0,0,0,0
zc,TA207,2012-06-01 09:10:33.033,7832.0000,838,0,0.0000,0.0000,0,0,多换,B,7812.0000,0.0000,0.0000,0.0000,0.0000,7876.0000,0.0000,0.0000,0.0000,0.0000,9,0,0,0,0,1,0,0,0,0
zc,TA207,2012-06-01 09:10:34.000,7832.0000,838,0,0.0000,0.0000,0,0,多换,B,7814.0000,0.0000,0.0000,0.0000,0.0000,7878.0000,0.0000,0.0000,0.0000,0.0000,9,0,0,0,0,1,0,0,0,0
zc,TA207,2012-06-01 09:10:40.267,7832.0000,838,0,0.0000,0.0000,0,0,多换,B,7810.0000,0.0000,0.0000,0.0000,0.0000,7876.0000,0.0000,0.0000,0.0000,0.0000,9,0,0,0,0,1,0,0,0,0
zc,TA207,2012-06-01 09:10:42.017,7832.0000,838,0,0.0000,0.0000,0,0,多换,B,7810.0000,0.0000,0.0000,0.0000,0.0000,7874.0000,0.0000,0.0000,0.0000,0.0000,9,0,0,0,0,1,0,0,0,0
zc,TA207,2012-06-01 09:10:42.517,7832.0000,838,0,0.0000,0.0000,0,0,多换,B,7810.0000,0.0000,0.0000,0.0000,0.0000,7876.0000,0.0000,0.0000,0.0000,0.0000,9,0,0,0,0,1,0,0,0,0
zc,TA207,2012-06-01 09:10:42.970,7832.0000,838,0,0.0000,0.0000,0,0,多换,B,7810.0000,0.0000,0.0000,0.0000,0.0000,7874.0000,0.0000,0.0000,0.0000,0.0000,9,0,0,0,0,1,0,0,0,0
zc,TA207,2012-06-01 09:10:44.000,7832.0000,838,0,0.0000,0.0000,0,0,多换,B,7808.0000,0.0000,0.0000,0.0000,0.0000,7872.0000,0.0000,0.0000,0.0000,0.0000,9,0,0,0,0,1,0,0,0,0
zc,TA207,2012-06-01 09:10:44.517,7832.0000,838,0,0.0000,0.0000,0,0,多换,B,7806.0000,0.0000,0.0000,0.0000,0.0000,7870.0000,0.0000,0.0000,0.0000,0.0000,9,0,0,0,0,1,0,0,0,0
zc,TA207,2012-06-01 09:10:45.547,7832.0000,838,0,0.0000,0.0000,0,0,多换,B,7804.0000,0.0000,0.0000,0.0000,0.0000,7868.0000,0.0000,0.0000,0.0000,0.0000,9,0,0,0,0,1,0,0,0,0
zc,TA207,2012-06-01 09:10:46.267,7832.0000,838,0,0.0000,0.0000,0,0,多换,B,7806.0000,0.0000,0.0000,0.0000,0.0000,7872.0000,0.0000,0.0000,0.0000,0.0000,9,0,0,0,0,1,0,0,0,0
zc,TA207,2012-06-01 09:10:46.767,7832.0000,838,0,0.0000,0.0000,0,0,多换,B,7808.0000,0.0000,0.0000,0.0000,0.0000,7872.0000,0.0000,0.0000,0.0000,0.0000,9,0,0,0,0,1,0,0,0,0
zc,TA207,2012-06-01 09:10:50.517,7832.0000,838,0,0.0000,0.0000,0,0,多换,B,7806.0000,0.0000,0.0000,0.0000,0.0000,7870.0000,0.0000,0.0000,0.0000,0.0000,9,0,0,0,0,1,0,0,0,0
zc,TA207,2012-06-01 09:10:51.237,7832.0000,838,0,0.0000,0.0000,0,0,多换,B,7806.0000,0.0000,0.0000,0.0000,0.0000,7872.0000,0.0000,0.0000,0.0000,0.0000,9,0,0,0,0,1,0,0,0,0
zc,TA207,2012-06-01 09:10:51.767,7832.0000,838,0,0.0000,0.0000,0,0,多换,B,7806.0000,0.0000,0.0000,0.0000,0.0000,7870.0000,0.0000,0.0000,0.0000,0.0000,9,0,0,0,0,1,0,0,0,0
zc,TA207,2012-06-01 09:10:53.017,7832.0000,838,0,0.0000,0.0000,0,0,多换,B,7804.0000,0.0000,0.0000,0.0000,0.0000,7868.0000,0.0000,0.0000,0.0000,0.0000,9,0,0,0,0,1,0,0,0,0
zc,TA207,2012-06-01 09:10:53.797,7832.0000,838,0,0.0000,0.0000,0,0,多换,B,7806.0000,0.0000,0.0000,0.0000,0.0000,7870.0000,0.0000,0.0000,0.0000,0.0000,1,0,0,0,0,1,0,0,0,0
zc,TA207,2012-06-01 09:10:54.267,7832.0000,838,0,0.0000,0.0000,0,0,多换,B,7804.0000,0.0000,0.0000,0.0000,0.0000,7868.0000,0.0000,0.0000,0.0000,0.0000,9,0,0,0,0,1,0,0,0,0
zc,TA207,2012-06-01 09:10:55.500,7832.0000,838,0,0.0000,0.0000,0,0,多换,B,7802.0000,0.0000,0.0000,0.0000,0.0000,7866.0000,0.0000,0.0000,0.0000,0.0000,9,0,0,0,0,1,0,0,0,0
zc,TA207,2012-06-01 09:10:57.737,7832.0000,838,0,0.0000,0.0000,0,0,多换,B,7804.0000,0.0000,0.0000,0.0000,0.0000,7868.0000,0.0000,0.0000,0.0000,0.0000,9,0,0,0,0,1,0,0,0,0
zc,TA207,2012-06-01 09:10:58.750,7832.0000,838,0,0.0000,0.0000,0,0,多换,B,7802.0000,0.0000,0.0000,0.0000,0.0000,7866.0000,0.0000,0.0000,0.0000,0.0000,9,0,0,0,0,1,0,0,0,0
zc,TA207,2012-06-01 09:10:59.767,7832.0000,838,0,0.0000,0.0000,0,0,多换,B,7806.0000,0.0000,0.0000,0.0000,0.0000,7870.0000,0.0000,0.0000,0.0000,0.0000,9,0,0,0,0,1,0,0,0,0
zc,TA207,2012-06-01 09:11:02.750,7832.0000,838,0,0.0000,0.0000,0,0,多换,B,7804.0000,0.0000,0.0000,0.0000,0.0000,7868.0000,0.0000,0.0000,0.0000,0.0000,9,0,0,0,0,1,0,0,0,0
zc,TA207,2012-06-01 09:11:05.783,7832.0000,838,0,0.0000,0.0000,0,0,多换,B,7802.0000,0.0000,0.0000,0.0000,0.0000,7868.0000,0.0000,0.0000,0.0000,0.0000,9,0,0,0,0,1,0,0,0,0
zc,TA207,2012-06-01 09:11:06.267,7832.0000,838,0,0.0000,0.0000,0,0,多换,B,7802.0000,0.0000,0.0000,0.0000,0.0000,7866.0000,0.0000,0.0000,0.0000,0.0000,9,0,0,0,0,1,0,0,0,0
zc,TA207,2012-06-01 09:11:06.783,7832.0000,838,0,0.0000,0.0000,0,0,多换,B,7804.0000,0.0000,0.0000,0.0000,0.0000,7868.0000,0.0000,0.0000,0.0000,0.0000,9,0,0,0,0,1,0,0,0,0
zc,TA207,2012-06-01 09:11:09.033,7832.0000,838,0,0.0000,0.0000,0,0,多换,B,7804.0000,0.0000,0.0000,0.0000,0.0000,7868.0000,0.0000,0.0000,0.0000,0.0000,3,0,0,0,0,1,0,0,0,0
zc,TA207,2012-06-01 09:11:09.767,7832.0000,838,0,0.0000,0.0000,0,0,多换,B,7802.0000,0.0000,0.0000,0.0000,0.0000,7866.0000,0.0000,0.0000,0.0000,0.0000,9,0,0,0,0,1,0,0,0,0
zc,TA207,2012-06-01 09:11:11.017,7832.0000,838,0,0.0000,0.0000,0,0,多换,B,7800.0000,0.0000,0.0000,0.0000,0.0000,7866.0000,0.0000,0.0000,0.0000,0.0000,9,0,0,0,0,1,0,0,0,0
zc,TA207,2012-06-01 09:11:11.517,7832.0000,838,0,0.0000,0.0000,0,0,多换,B,7800.0000,0.0000,0.0000,0.0000,0.0000,7864.0000,0.0000,0.0000,0.0000,0.0000,9,0,0,0,0,1,0,0,0,0
zc,TA207,2012-06-01 09:11:11.987,7832.0000,838,0,0.0000,0.0000,0,0,多换,B,7800.0000,0.0000,0.0000,0.0000,0.0000,7866.0000,0.0000,0.0000,0.0000,0.0000,9,0,0,0,0,1,0,0,0,0
zc,TA207,2012-06-01 09:11:12.783,7832.0000,838,0,0.0000,0.0000,0,0,多换,B,7798.0000,0.0000,0.0000,0.0000,0.0000,7862.0000,0.0000,0.0000,0.0000,0.0000,9,0,0,0,0,1,0,0,0,0
zc,TA207,2012-06-01 09:11:13.250,7832.0000,838,0,0.0000,0.0000,0,0,多换,B,7796.0000,0.0000,0.0000,0.0000,0.0000,7860.0000,0.0000,0.0000,0.0000,0.0000,9,0,0,0,0,1,0,0,0,0
zc,TA207,2012-06-01 09:11:18.000,7832.0000,838,0,0.0000,0.0000,0,0,多换,B,7798.0000,0.0000,0.0000,0.0000,0.0000,7862.0000,0.0000,0.0000,0.0000,0.0000,9,0,0,0,0,1,0,0,0,0
zc,TA207,2012-06-01 09:11:18.750,7832.0000,838,0,0.0000,0.0000,0,0,多换,B,7800.0000,0.0000,0.0000,0.0000,0.0000,7864.0000,0.0000,0.0000,0.0000,0.0000,9,0,0,0,0,1,0,0,0,0
zc,TA207,2012-06-01 09:11:19.517,7832.0000,838,0,0.0000,0.0000,0,0,多换,B,7802.0000,0.0000,0.0000,0.0000,0.0000,7866.0000,0.0000,0.0000,0.0000,0.0000,7,0,0,0,0,1,0,0,0,0
zc,TA207,2012-06-01 09:11:20.000,7832.0000,838,0,0.0000,0.0000,0,0,多换,B,7800.0000,0.0000,0.0000,0.0000,0.0000,7866.0000,0.0000,0.0000,0.0000,0.0000,9,0,0,0,0,1,0,0,0,0
zc,TA207,2012-06-01 09:11:20.783,7832.0000,838,0,0.0000,0.0000,0,0,多换,B,7802.0000,0.0000,0.0000,0.0000,0.0000,7866.0000,0.0000,0.0000,0.0000,0.0000,4,0,0,0,0,1,0,0,0,0
zc,TA207,2012-06-01 09:11:21.047,7832.0000,838,0,0.0000,0.0000,0,0,多换,B,7800.0000,0.0000,0.0000,0.0000,0.0000,7866.0000,0.0000,0.0000,0.0000,0.0000,9,0,0,0,0,1,0,0,0,0
zc,TA207,2012-06-01 09:11:22.237,7832.0000,838,0,0.0000,0.0000,0,0,多换,B,7800.0000,0.0000,0.0000,0.0000,0.0000,7864.0000,0.0000,0.0000,0.0000,0.0000,9,0,0,0,0,1,0,0,0,0
zc,TA207,2012-06-01 09:11:23.000,7832.0000,838,0,0.0000,0.0000,0,0,多换,B,7800.0000,0.0000,0.0000,0.0000,0.0000,7866.0000,0.0000,0.0000,0.0000,0.0000,9,0,0,0,0,1,0,0,0,0
zc,TA207,2012-06-01 09:11:24.250,7832.0000,838,0,0.0000,0.0000,0,0,多换,B,7804.0000,0.0000,0.0000,0.0000,0.0000,7868.0000,0.0000,0.0000,0.0000,0.0000,1,0,0,0,0,1,0,0,0,0
zc,TA207,2012-06-01 09:11:24.783,7832.0000,838,0,0.0000,0.0000,0,0,多换,B,7800.0000,0.0000,0.0000,0.0000,0.0000,7864.0000,0.0000,0.0000,0.0000,0.0000,9,0,0,0,0,1,0,0,0,0
zc,TA207,2012-06-01 09:11:27.767,7832.0000,838,0,0.0000,0.0000,0,0,多换,B,7798.0000,0.0000,0.0000,0.0000,0.0000,7862.0000,0.0000,0.0000,0.0000,0.0000,9,0,0,0,0,1,0,0,0,0
zc,TA207,2012-06-01 09:11:28.783,7832.0000,838,0,0.0000,0.0000,0,0,多换,B,7798.0000,0.0000,0.0000,0.0000,0.0000,7864.0000,0.0000,0.0000,0.0000,0.0000,9,0,0,0,0,1,0,0,0,0
zc,TA207,2012-06-01 09:11:29.500,7832.0000,838,0,0.0000,0.0000,0,0,多换,B,7800.0000,0.0000,0.0000,0.0000,0.0000,7864.0000,0.0000,0.0000,0.0000,0.0000,5,0,0,0,0,1,0,0,0,0
zc,TA207,2012-06-01 09:11:30.000,7832.0000,838,0,0.0000,0.0000,0,0,多换,B,7800.0000,0.0000,0.0000,0.0000,0.0000,7864.0000,0.0000,0.0000,0.0000,0.0000,9,0,0,0,0,1,0,0,0,0
zc,TA207,2012-06-01 09:11:32.237,7832.0000,838,0,0.0000,0.0000,0,0,多换,B,7802.0000,0.0000,0.0000,0.0000,0.0000,7866.0000,0.0000,0.0000,0.0000,0.0000,9,0,0,0,0,1,0,0,0,0
zc,TA207,2012-06-01 09:11:32.750,7832.0000,838,0,0.0000,0.0000,0,0,多换,B,7800.0000,0.0000,0.0000,0.0000,0.0000,7866.0000,0.0000,0.0000,0.0000,0.0000,9,0,0,0,0,1,0,0,0,0
zc,TA207,2012-06-01 09:11:33.487,7832.0000,838,0,0.0000,0.0000,0,0,多换,B,7800.0000,0.0000,0.0000,0.0000,0.0000,7864.0000,0.0000,0.0000,0.0000,0.0000,9,0,0,0,0,1,0,0,0,0
zc,TA207,2012-06-01 09:11:36.250,7832.0000,838,0,0.0000,0.0000,0,0,多换,B,7802.0000,0.0000,0.0000,0.0000,0.0000,7866.0000,0.0000,0.0000,0.0000,0.0000,9,0,0,0,0,1,0,0,0,0
zc,TA207,2012-06-01 09:11:36.750,7832.0000,838,0,0.0000,0.0000,0,0,多换,B,7802.0000,0.0000,0.0000,0.0000,0.0000,7866.0000,0.0000,0.0000,0.0000,0.0000,5,0,0,0,0,1,0,0,0,0
zc,TA207,2012-06-01 09:11:37.500,7832.0000,838,0,0.0000,0.0000,0,0,多换,B,7800.0000,0.0000,0.0000,0.0000,0.0000,7864.0000,0.0000,0.0000,0.0000,0.0000,9,0,0,0,0,1,0,0,0,0
zc,TA207,2012-06-01 09:11:39.517,7832.0000,838,0,0.0000,0.0000,0,0,多换,B,7802.0000,0.0000,0.0000,0.0000,0.0000,7866.0000,0.0000,0.0000,0.0000,0.0000,7,0,0,0,0,1,0,0,0,0
zc,TA207,2012-06-01 09:11:40.267,7832.0000,838,0,0.0000,0.0000,0,0,多换,B,7802.0000,0.0000,0.0000,0.0000,0.0000,7866.0000,0.0000,0.0000,0.0000,0.0000,1,0,0,0,0,1,0,0,0,0
zc,TA207,2012-06-01 09:11:40.767,7832.0000,838,0,0.0000,0.0000,0,0,多换,B,7802.0000,0.0000,0.0000,0.0000,0.0000,7866.0000,0.0000,0.0000,0.0000,0.0000,9,0,0,0,0,1,0,0,0,0
zc,TA207,2012-06-01 09:11:41.797,7832.0000,838,0,0.0000,0.0000,0,0,多换,B,7800.0000,0.0000,0.0000,0.0000,0.0000,7864.0000,0.0000,0.0000,0.0000,0.0000,9,0,0,0,0,2,0,0,0,0
zc,TA207,2012-06-01 09:11:43.033,7832.0000,838,0,0.0000,0.0000,0,0,多换,B,7802.0000,0.0000,0.0000,0.0000,0.0000,7864.0000,0.0000,0.0000,0.0000,0.0000,9,0,0,0,0,1,0,0,0,0
zc,TA207,2012-06-01 09:11:45.797,7832.0000,838,0,0.0000,0.0000,0,0,多换,B,7800.0000,0.0000,0.0000,0.0000,0.0000,7864.0000,0.0000,0.0000,0.0000,0.0000,9,0,0,0,0,2,0,0,0,0
zc,TA207,2012-06-01 09:11:48.283,7832.0000,838,0,0.0000,0.0000,0,0,多换,B,7798.0000,0.0000,0.0000,0.0000,0.0000,7862.0000,0.0000,0.0000,0.0000,0.0000,9,0,0,0,0,1,0,0,0,0
zc,TA207,2012-06-01 09:11:53.250,7832.0000,838,0,0.0000,0.0000,0,0,多换,B,7796.0000,0.0000,0.0000,0.0000,0.0000,7860.0000,0.0000,0.0000,0.0000,0.0000,9,0,0,0,0,1,0,0,0,0
zc,TA207,2012-06-01 09:11:56.017,7832.0000,838,0,0.0000,0.0000,0,0,多换,B,7798.0000,0.0000,0.0000,0.0000,0.0000,7862.0000,0.0000,0.0000,0.0000,0.0000,9,0,0,0,0,1,0,0,0,0
zc,TA207,2012-06-01 09:12:02.767,7832.0000,838,0,0.0000,0.0000,0,0,多换,B,7800.0000,0.0000,0.0000,0.0000,0.0000,7864.0000,0.0000,0.0000,0.0000,0.0000,9,0,0,0,0,2,0,0,0,0
zc,TA207,2012-06-01 09:12:03.267,7832.0000,838,0,0.0000,0.0000,0,0,多换,B,7798.0000,0.0000,0.0000,0.0000,0.0000,7862.0000,0.0000,0.0000,0.0000,0.0000,9,0,0,0,0,1,0,0,0,0
zc,TA207,2012-06-01 09:12:04.063,7832.0000,838,0,0.0000,0.0000,0,0,多换,B,7800.0000,0.0000,0.0000,0.0000,0.0000,7864.0000,0.0000,0.0000,0.0000,0.0000,3,0,0,0,0,2,0,0,0,0
zc,TA207,2012-06-01 09:12:05.033,7832.0000,838,0,0.0000,0.0000,0,0,多换,B,7798.0000,0.0000,0.0000,0.0000,0.0000,7862.0000,0.0000,0.0000,0.0000,0.0000,9,0,0,0,0,1,0,0,0,0
zc,TA207,2012-06-01 09:12:08.220,7832.0000,838,0,0.0000,0.0000,0,0,多换,B,7798.0000,0.0000,0.0000,0.0000,0.0000,7862.0000,0.0000,0.0000,0.0000,0.0000,9,0,0,0,0,1,0,0,0,0
zc,TA207,2012-06-01 09:12:10.017,7832.0000,838,0,0.0000,0.0000,0,0,多换,B,7798.0000,0.0000,0.0000,0.0000,0.0000,7862.0000,0.0000,0.0000,0.0000,0.0000,8,0,0,0,0,1,0,0,0,0
zc,TA207,2012-06-01 09:12:11.017,7832.0000,838,0,0.0000,0.0000,0,0,多换,B,7796.0000,0.0000,0.0000,0.0000,0.0000,7860.0000,0.0000,0.0000,0.0000,0.0000,9,0,0,0,0,1,0,0,0,0
zc,TA207,2012-06-01 09:12:12.313,7832.0000,838,0,0.0000,0.0000,0,0,多换,B,7798.0000,0.0000,0.0000,0.0000,0.0000,7862.0000,0.0000,0.0000,0.0000,0.0000,9,0,0,0,0,1,0,0,0,0
zc,TA207,2012-06-01 09:12:14.017,7832.0000,838,0,0.0000,0.0000,0,0,多换,B,7800.0000,0.0000,0.0000,0.0000,0.0000,7864.0000,0.0000,0.0000,0.0000,0.0000,9,0,0,0,0,2,0,0,0,0
zc,TA207,2012-06-01 09:12:15.767,7832.0000,838,0,0.0000,0.0000,0,0,多换,B,7798.0000,0.0000,0.0000,0.0000,0.0000,7862.0000,0.0000,0.0000,0.0000,0.0000,9,0,0,0,0,1,0,0,0,0
zc,TA207,2012-06-01 09:12:18.033,7832.0000,838,0,0.0000,0.0000,0,0,多换,B,7800.0000,0.0000,0.0000,0.0000,0.0000,7864.0000,0.0000,0.0000,0.0000,0.0000,4,0,0,0,0,2,0,0,0,0
zc,TA207,2012-06-01 09:12:18.533,7832.0000,838,0,0.0000,0.0000,0,0,多换,B,7796.0000,0.0000,0.0000,0.0000,0.0000,7860.0000,0.0000,0.0000,0.0000,0.0000,9,0,0,0,0,1,0,0,0,0
zc,TA207,2012-06-01 09:12:19.047,7832.0000,838,0,0.0000,0.0000,0,0,多换,B,7800.0000,0.0000,0.0000,0.0000,0.0000,7864.0000,0.0000,0.0000,0.0000,0.0000,9,0,0,0,0,2,0,0,0,0
zc,TA207,2012-06-01 09:12:24.033,7832.0000,838,0,0.0000,0.0000,0,0,多换,B,7802.0000,0.0000,0.0000,0.0000,0.0000,7864.0000,0.0000,0.0000,0.0000,0.0000,9,0,0,0,0,1,0,0,0,0
zc,TA207,2012-06-01 09:12:30.283,7832.0000,838,0,0.0000,0.0000,0,0,多换,B,7804.0000,0.0000,0.0000,0.0000,0.0000,7864.0000,0.0000,0.0000,0.0000,0.0000,9,0,0,0,0,1,0,0,0,0
zc,TA207,2012-06-01 09:12:31.500,7832.0000,838,0,0.0000,0.0000,0,0,多换,B,7802.0000,0.0000,0.0000,0.0000,0.0000,7864.0000,0.0000,0.0000,0.0000,0.0000,9,0,0,0,0,1,0,0,0,0
zc,TA207,2012-06-01 09:12:32.017,7832.0000,838,0,0.0000,0.0000,0,0,多换,B,7804.0000,0.0000,0.0000,0.0000,0.0000,7864.0000,0.0000,0.0000,0.0000,0.0000,9,0,0,0,0,1,0,0,0,0
zc,TA207,2012-06-01 09:12:33.283,7832.0000,838,0,0.0000,0.0000,0,0,多换,B,7802.0000,0.0000,0.0000,0.0000,0.0000,7864.0000,0.0000,0.0000,0.0000,0.0000,5,0,0,0,0,1,0,0,0,0
zc,TA207,2012-06-01 09:12:34.033,7832.0000,838,0,0.0000,0.0000,0,0,多换,B,7802.0000,0.0000,0.0000,0.0000,0.0000,7864.0000,0.0000,0.0000,0.0000,0.0000,6,0,0,0,0,1,0,0,0,0
zc,TA207,2012-06-01 09:12:34.517,7832.0000,838,0,0.0000,0.0000,0,0,多换,B,7802.0000,0.0000,0.0000,0.0000,0.0000,7864.0000,0.0000,0.0000,0.0000,0.0000,9,0,0,0,0,1,0,0,0,0
zc,TA207,2012-06-01 09:12:37.297,7832.0000,838,0,0.0000,0.0000,0,0,多换,B,7804.0000,0.0000,0.0000,0.0000,0.0000,7864.0000,0.0000,0.0000,0.0000,0.0000,2,0,0,0,0,1,0,0,0,0
zc,TA207,2012-06-01 09:12:38.000,7832.0000,838,0,0.0000,0.0000,0,0,多换,B,7804.0000,0.0000,0.0000,0.0000,0.0000,7864.0000,0.0000,0.0000,0.0000,0.0000,8,0,0,0,0,1,0,0,0,0
zc,TA207,2012-06-01 09:12:39.267,7832.0000,838,0,0.0000,0.0000,0,0,多换,B,7804.0000,0.0000,0.0000,0.0000,0.0000,7864.0000,0.0000,0.0000,0.0000,0.0000,9,0,0,0,0,1,0,0,0,0
zc,TA207,2012-06-01 09:12:43.267,7832.0000,838,0,0.0000,0.0000,0,0,多换,B,7802.0000,0.0000,0.0000,0.0000,0.0000,7864.0000,0.0000,0.0000,0.0000,0.0000,9,0,0,0,0,1,0,0,0,0
zc,TA207,2012-06-01 09:12:45.547,7832.0000,838,0,0.0000,0.0000,0,0,多换,B,7800.0000,0.0000,0.0000,0.0000,0.0000,7864.0000,0.0000,0.0000,0.0000,0.0000,9,0,0,0,0,2,0,0,0,0
zc,TA207,2012-06-01 09:12:47.283,7832.0000,838,0,0.0000,0.0000,0,0,多换,B,7802.0000,0.0000,0.0000,0.0000,0.0000,7864.0000,0.0000,0.0000,0.0000,0.0000,1,0,0,0,0,1,0,0,0,0
zc,TA207,2012-06-01 09:12:47.563,7832.0000,838,0,0.0000,0.0000,0,0,多换,B,7802.0000,0.0000,0.0000,0.0000,0.0000,7864.0000,0.0000,0.0000,0.0000,0.0000,9,0,0,0,0,1,0,0,0,0
zc,TA207,2012-06-01 09:12:50.533,7832.0000,838,0,0.0000,0.0000,0,0,多换,B,7800.0000,0.0000,0.0000,0.0000,0.0000,7864.0000,0.0000,0.0000,0.0000,0.0000,9,0,0,0,0,2,0,0,0,0
zc,TA207,2012-06-01 09:12:52.517,7832.0000,838,0,0.0000,0.0000,0,0,多换,B,7802.0000,0.0000,0.0000,0.0000,0.0000,7864.0000,0.0000,0.0000,0.0000,0.0000,9,0,0,0,0,1,0,0,0,0
zc,TA207,2012-06-01 09:12:55.267,7832.0000,838,0,0.0000,0.0000,0,0,多换,B,7802.0000,0.0000,0.0000,0.0000,0.0000,7864.0000,0.0000,0.0000,0.0000,0.0000,6,0,0,0,0,1,0,0,0,0
zc,TA207,2012-06-01 09:12:55.783,7832.0000,838,0,0.0000,0.0000,0,0,多换,B,7802.0000,0.0000,0.0000,0.0000,0.0000,7864.0000,0.0000,0.0000,0.0000,0.0000,9,0,0,0,0,1,0,0,0,0
zc,TA207,2012-06-01 09:13:00.750,7832.0000,838,0,0.0000,0.0000,0,0,多换,B,7800.0000,0.0000,0.0000,0.0000,0.0000,7864.0000,0.0000,0.0000,0.0000,0.0000,9,0,0,0,0,2,0,0,0,0
zc,TA207,2012-06-01 09:13:01.533,7832.0000,838,0,0.0000,0.0000,0,0,多换,B,7802.0000,0.0000,0.0000,0.0000,0.0000,7864.0000,0.0000,0.0000,0.0000,0.0000,7,0,0,0,0,1,0,0,0,0
zc,TA207,2012-06-01 09:13:02.047,7832.0000,838,0,0.0000,0.0000,0,0,多换,B,7802.0000,0.0000,0.0000,0.0000,0.0000,7864.0000,0.0000,0.0000,0.0000,0.0000,9,0,0,0,0,1,0,0,0,0
zc,TA207,2012-06-01 09:13:03.000,7832.0000,838,0,0.0000,0.0000,0,0,多换,B,7800.0000,0.0000,0.0000,0.0000,0.0000,7864.0000,0.0000,0.0000,0.0000,0.0000,9,0,0,0,0,2,0,0,0,0
zc,TA207,2012-06-01 09:13:07.237,7832.0000,838,0,0.0000,0.0000,0,0,多换,B,7802.0000,0.0000,0.0000,0.0000,0.0000,7864.0000,0.0000,0.0000,0.0000,0.0000,9,0,0,0,0,1,0,0,0,0
zc,TA207,2012-06-01 09:13:09.767,7832.0000,838,0,0.0000,0.0000,0,0,多换,B,7802.0000,0.0000,0.0000,0.0000,0.0000,7864.0000,0.0000,0.0000,0.0000,0.0000,8,0,0,0,0,1,0,0,0,0
zc,TA207,2012-06-01 09:13:10.017,7832.0000,838,0,0.0000,0.0000,0,0,多换,B,7800.0000,0.0000,0.0000,0.0000,0.0000,7864.0000,0.0000,0.0000,0.0000,0.0000,9,0,0,0,0,2,0,0,0,0
zc,TA207,2012-06-01 09:13:14.250,7832.0000,838,0,0.0000,0.0000,0,0,多换,B,7802.0000,0.0000,0.0000,0.0000,0.0000,7864.0000,0.0000,0.0000,0.0000,0.0000,9,0,0,0,0,1,0,0,0,0
zc,TA207,2012-06-01 09:13:20.000,7832.0000,838,0,0.0000,0.0000,0,0,多换,B,7802.0000,0.0000,0.0000,0.0000,0.0000,7864.0000,0.0000,0.0000,0.0000,0.0000,7,0,0,0,0,1,0,0,0,0
zc,TA207,2012-06-01 09:13:20.470,7832.0000,838,0,0.0000,0.0000,0,0,多换,B,7802.0000,0.0000,0.0000,0.0000,0.0000,7864.0000,0.0000,0.0000,0.0000,0.0000,9,0,0,0,0,1,0,0,0,0
zc,TA207,2012-06-01 09:13:20.987,7832.0000,838,0,0.0000,0.0000,0,0,多换,B,7802.0000,0.0000,0.0000,0.0000,0.0000,7862.0000,0.0000,0.0000,0.0000,0.0000,9,0,0,0,0,2,0,0,0,0
zc,TA207,2012-06-01 09:13:24.267,7832.0000,838,0,0.0000,0.0000,0,0,多换,B,7804.0000,0.0000,0.0000,0.0000,0.0000,7862.0000,0.0000,0.0000,0.0000,0.0000,9,0,0,0,0,2,0,0,0,0
zc,TA207,2012-06-01 09:13:27.297,7832.0000,838,0,0.0000,0.0000,0,0,多换,B,7802.0000,0.0000,0.0000,0.0000,0.0000,7862.0000,0.0000,0.0000,0.0000,0.0000,9,0,0,0,0,2,0,0,0,0
zc,TA207,2012-06-01 09:13:29.000,7832.0000,838,0,0.0000,0.0000,0,0,多换,B,7802.0000,0.0000,0.0000,0.0000,0.0000,7864.0000,0.0000,0.0000,0.0000,0.0000,9,0,0,0,0,1,0,0,0,0
zc,TA207,2012-06-01 09:13:29.987,7832.0000,838,0,0.0000,0.0000,0,0,多换,B,7804.0000,0.0000,0.0000,0.0000,0.0000,7864.0000,0.0000,0.0000,0.0000,0.0000,9,0,0,0,0,1,0,0,0,0
zc,TA207,2012-06-01 09:13:33.750,7832.0000,838,0,0.0000,0.0000,0,0,多换,B,7802.0000,0.0000,0.0000,0.0000,0.0000,7864.0000,0.0000,0.0000,0.0000,0.0000,9,0,0,0,0,1,0,0,0,0
zc,TA207,2012-06-01 09:13:34.487,7832.0000,838,0,0.0000,0.0000,0,0,多换,B,7804.0000,0.0000,0.0000,0.0000,0.0000,7864.0000,0.0000,0.0000,0.0000,0.0000,1,0,0,0,0,1,0,0,0,0
zc,TA207,2012-06-01 09:13:36.033,7832.0000,838,0,0.0000,0.0000,0,0,多换,B,7804.0000,0.0000,0.0000,0.0000,0.0000,7864.0000,0.0000,0.0000,0.0000,0.0000,9,0,0,0,0,1,0,0,0,0
zc,TA207,2012-06-01 09:13:43.500,7832.0000,838,0,0.0000,0.0000,0,0,多换,B,7806.0000,0.0000,0.0000,0.0000,0.0000,7864.0000,0.0000,0.0000,0.0000,0.0000,6,0,0,0,0,1,0,0,0,0
zc,TA207,2012-06-01 09:13:43.987,7832.0000,838,0,0.0000,0.0000,0,0,多换,B,7806.0000,0.0000,0.0000,0.0000,0.0000,7864.0000,0.0000,0.0000,0.0000,0.0000,9,0,0,0,0,1,0,0,0,0
zc,TA207,2012-06-01 09:13:46.737,7832.0000,838,0,0.0000,0.0000,0,0,多换,B,7806.0000,0.0000,0.0000,0.0000,0.0000,7864.0000,0.0000,0.0000,0.0000,0.0000,1,0,0,0,0,1,0,0,0,0
zc,TA207,2012-06-01 09:13:47.517,7832.0000,838,0,0.0000,0.0000,0,0,多换,B,7806.0000,0.0000,0.0000,0.0000,0.0000,7864.0000,0.0000,0.0000,0.0000,0.0000,6,0,0,0,0,1,0,0,0,0
zc,TA207,2012-06-01 09:13:47.783,7832.0000,838,0,0.0000,0.0000,0,0,多换,B,7806.0000,0.0000,0.0000,0.0000,0.0000,7864.0000,0.0000,0.0000,0.0000,0.0000,9,0,0,0,0,1,0,0,0,0
zc,TA207,2012-06-01 09:13:51.237,7832.0000,838,0,0.0000,0.0000,0,0,多换,B,7806.0000,0.0000,0.0000,0.0000,0.0000,7864.0000,0.0000,0.0000,0.0000,0.0000,9,0,0,0,0,3,0,0,0,0
zc,TA207,2012-06-01 09:13:53.517,7832.0000,838,0,0.0000,0.0000,0,0,多换,B,7808.0000,0.0000,0.0000,0.0000,0.0000,7864.0000,0.0000,0.0000,0.0000,0.0000,9,0,0,0,0,3,0,0,0,0
zc,TA207,2012-06-01 09:13:58.533,7832.0000,838,0,0.0000,0.0000,0,0,多换,B,7806.0000,0.0000,0.0000,0.0000,0.0000,7864.0000,0.0000,0.0000,0.0000,0.0000,9,0,0,0,0,3,0,0,0,0
zc,TA207,2012-06-01 09:14:08.767,7832.0000,838,0,0.0000,0.0000,0,0,多换,B,7804.0000,0.0000,0.0000,0.0000,0.0000,7864.0000,0.0000,0.0000,0.0000,0.0000,9,0,0,0,0,3,0,0,0,0
zc,TA207,2012-06-01 09:14:20.750,7832.0000,838,0,0.0000,0.0000,0,0,多换,B,7802.0000,0.0000,0.0000,0.0000,0.0000,7864.0000,0.0000,0.0000,0.0000,0.0000,9,0,0,0,0,3,0,0,0,0
zc,TA207,2012-06-01 09:14:26.267,7832.0000,838,0,0.0000,0.0000,0,0,多换,B,7800.0000,0.0000,0.0000,0.0000,0.0000,7864.0000,0.0000,0.0000,0.0000,0.0000,9,0,0,0,0,4,0,0,0,0
zc,TA207,2012-06-01 09:14:32.250,7832.0000,838,0,0.0000,0.0000,0,0,多换,B,7800.0000,0.0000,0.0000,0.0000,0.0000,7860.0000,0.0000,0.0000,0.0000,0.0000,9,0,0,0,0,30,0,0,0,0
zc,TA207,2012-06-01 09:14:33.017,7832.0000,838,0,0.0000,0.0000,0,0,多换,B,7798.0000,0.0000,0.0000,0.0000,0.0000,7860.0000,0.0000,0.0000,0.0000,0.0000,9,0,0,0,0,30,0,0,0,0
zc,TA207,2012-06-01 09:14:36.237,7832.0000,838,0,0.0000,0.0000,0,0,多换,B,7796.0000,0.0000,0.0000,0.0000,0.0000,7860.0000,0.0000,0.0000,0.0000,0.0000,9,0,0,0,0,30,0,0,0,0
zc,TA207,2012-06-01 09:14:37.047,7832.0000,838,0,0.0000,0.0000,0,0,多换,B,7798.0000,0.0000,0.0000,0.0000,0.0000,7860.0000,0.0000,0.0000,0.0000,0.0000,9,0,0,0,0,30,0,0,0,0
zc,TA207,2012-06-01 09:14:39.767,7832.0000,838,0,0.0000,0.0000,0,0,多换,B,7800.0000,0.0000,0.0000,0.0000,0.0000,7860.0000,0.0000,0.0000,0.0000,0.0000,9,0,0,0,0,30,0,0,0,0
zc,TA207,2012-06-01 09:14:45.283,7832.0000,838,0,0.0000,0.0000,0,0,多换,B,7798.0000,0.0000,0.0000,0.0000,0.0000,7860.0000,0.0000,0.0000,0.0000,0.0000,9,0,0,0,0,30,0,0,0,0
zc,TA207,2012-06-01 09:14:46.500,7832.0000,838,0,0.0000,0.0000,0,0,多换,B,7798.0000,0.0000,0.0000,0.0000,0.0000,7860.0000,0.0000,0.0000,0.0000,0.0000,8,0,0,0,0,30,0,0,0,0
zc,TA207,2012-06-01 09:14:46.750,7832.0000,838,0,0.0000,0.0000,0,0,多换,B,7798.0000,0.0000,0.0000,0.0000,0.0000,7860.0000,0.0000,0.0000,0.0000,0.0000,3,0,0,0,0,30,0,0,0,0
zc,TA207,2012-06-01 09:14:47.500,7832.0000,838,0,0.0000,0.0000,0,0,多换,B,7798.0000,0.0000,0.0000,0.0000,0.0000,7860.0000,0.0000,0.0000,0.0000,0.0000,2,0,0,0,0,30,0,0,0,0
zc,TA207,2012-06-01 09:14:48.033,7832.0000,838,0,0.0000,0.0000,0,0,多换,B,7798.0000,0.0000,0.0000,0.0000,0.0000,7860.0000,0.0000,0.0000,0.0000,0.0000,4,0,0,0,0,30,0,0,0,0
zc,TA207,2012-06-01 09:14:48.737,7832.0000,838,0,0.0000,0.0000,0,0,多换,B,7798.0000,0.0000,0.0000,0.0000,0.0000,7860.0000,0.0000,0.0000,0.0000,0.0000,9,0,0,0,0,30,0,0,0,0
zc,TA207,2012-06-01 09:14:54.783,7832.0000,838,0,0.0000,0.0000,0,0,多换,B,7800.0000,0.0000,0.0000,0.0000,0.0000,7860.0000,0.0000,0.0000,0.0000,0.0000,9,0,0,0,0,30,0,0,0,0
zc,TA207,2012-06-01 09:15:07.000,7832.0000,838,0,0.0000,0.0000,0,0,多换,B,7798.0000,0.0000,0.0000,0.0000,0.0000,7860.0000,0.0000,0.0000,0.0000,0.0000,9,0,0,0,0,30,0,0,0,0
zc,TA207,2012-06-01 09:15:07.750,7832.0000,838,0,0.0000,0.0000,0,0,多换,B,7800.0000,0.0000,0.0000,0.0000,0.0000,7860.0000,0.0000,0.0000,0.0000,0.0000,9,0,0,0,0,30,0,0,0,0
zc,TA207,2012-06-01 09:15:08.220,7832.0000,838,0,0.0000,0.0000,0,0,多换,B,7800.0000,0.0000,0.0000,0.0000,0.0000,7860.0000,0.0000,0.0000,0.0000,0.0000,9,0,0,0,0,30,0,0,0,0
zc,TA207,2012-06-01 09:15:11.000,7832.0000,838,0,0.0000,0.0000,0,0,多换,B,7798.0000,0.0000,0.0000,0.0000,0.0000,7860.0000,0.0000,0.0000,0.0000,0.0000,9,0,0,0,0,30,0,0,0,0
zc,TA207,2012-06-01 09:15:12.517,7832.0000,838,0,0.0000,0.0000,0,0,多换,B,7800.0000,0.0000,0.0000,0.0000,0.0000,7858.0000,0.0000,0.0000,0.0000,0.0000,9,0,0,0,0,2,0,0,0,0
zc,TA207,2012-06-01 09:15:16.487,7832.0000,838,0,0.0000,0.0000,0,0,多换,B,7800.0000,0.0000,0.0000,0.0000,0.0000,7858.0000,0.0000,0.0000,0.0000,0.0000,5,0,0,0,0,2,0,0,0,0
zc,TA207,2012-06-01 09:15:17.017,7832.0000,838,0,0.0000,0.0000,0,0,多换,B,7800.0000,0.0000,0.0000,0.0000,0.0000,7858.0000,0.0000,0.0000,0.0000,0.0000,6,0,0,0,0,2,0,0,0,0
zc,TA207,2012-06-01 09:15:17.470,7832.0000,838,0,0.0000,0.0000,0,0,多换,B,7798.0000,0.0000,0.0000,0.0000,0.0000,7858.0000,0.0000,0.0000,0.0000,0.0000,9,0,0,0,0,2,0,0,0,0
zc,TA207,2012-06-01 09:15:20.987,7832.0000,838,0,0.0000,0.0000,0,0,多换,B,7798.0000,0.0000,0.0000,0.0000,0.0000,7860.0000,0.0000,0.0000,0.0000,0.0000,9,0,0,0,0,30,0,0,0,0
zc,TA207,2012-06-01 09:15:21.500,7832.0000,838,0,0.0000,0.0000,0,0,多换,B,7800.0000,0.0000,0.0000,0.0000,0.0000,7860.0000,0.0000,0.0000,0.0000,0.0000,9,0,0,0,0,30,0,0,0,0
zc,TA207,2012-06-01 09:15:23.220,7832.0000,838,0,0.0000,0.0000,0,0,多换,B,7800.0000,0.0000,0.0000,0.0000,0.0000,7858.0000,0.0000,0.0000,0.0000,0.0000,9,0,0,0,0,2,0,0,0,0
zc,TA207,2012-06-01 09:15:24.267,7832.0000,838,0,0.0000,0.0000,0,0,多换,B,7802.0000,0.0000,0.0000,0.0000,0.0000,7858.0000,0.0000,0.0000,0.0000,0.0000,5,0,0,0,0,2,0,0,0,0
zc,TA207,2012-06-01 09:15:24.750,7832.0000,838,0,0.0000,0.0000,0,0,多换,B,7802.0000,0.0000,0.0000,0.0000,0.0000,7858.0000,0.0000,0.0000,0.0000,0.0000,9,0,0,0,0,2,0,0,0,0
zc,TA207,2012-06-01 09:15:25.987,7832.0000,838,0,0.0000,0.0000,0,0,多换,B,7802.0000,0.0000,0.0000,0.0000,0.0000,7858.0000,0.0000,0.0000,0.0000,0.0000,8,0,0,0,0,2,0,0,0,0
zc,TA207,2012-06-01 09:15:26.500,7832.0000,838,0,0.0000,0.0000,0,0,多换,B,7802.0000,0.0000,0.0000,0.0000,0.0000,7858.0000,0.0000,0.0000,0.0000,0.0000,9,0,0,0,0,2,0,0,0,0
zc,TA207,2012-06-01 09:15:29.267,7832.0000,838,0,0.0000,0.0000,0,0,多换,B,7800.0000,0.0000,0.0000,0.0000,0.0000,7858.0000,0.0000,0.0000,0.0000,0.0000,9,0,0,0,0,2,0,0,0,0
zc,TA207,2012-06-01 09:15:30.267,7832.0000,838,0,0.0000,0.0000,0,0,多换,B,7802.0000,0.0000,0.0000,0.0000,0.0000,7858.0000,0.0000,0.0000,0.0000,0.0000,3,0,0,0,0,2,0,0,0,0
zc,TA207,2012-06-01 09:15:30.987,7832.0000,838,0,0.0000,0.0000,0,0,多换,B,7802.0000,0.0000,0.0000,0.0000,0.0000,7858.0000,0.0000,0.0000,0.0000,0.0000,8,0,0,0,0,2,0,0,0,0
zc,TA207,2012-06-01 09:15:31.517,7832.0000,838,0,0.0000,0.0000,0,0,多换,B,7802.0000,0.0000,0.0000,0.0000,0.0000,7858.0000,0.0000,0.0000,0.0000,0.0000,9,0,0,0,0,2,0,0,0,0
zc,TA207,2012-06-01 09:15:33.297,7832.0000,838,0,0.0000,0.0000,0,0,多换,B,7804.0000,0.0000,0.0000,0.0000,0.0000,7858.0000,0.0000,0.0000,0.0000,0.0000,9,0,0,0,0,2,0,0,0,0
zc,TA207,2012-06-01 09:15:34.237,7832.0000,838,0,0.0000,0.0000,0,0,多换,B,7806.0000,0.0000,0.0000,0.0000,0.0000,7858.0000,0.0000,0.0000,0.0000,0.0000,9,0,0,0,0,2,0,0,0,0
zc,TA207,2012-06-01 09:15:35.000,7832.0000,838,0,0.0000,0.0000,0,0,多换,B,7804.0000,0.0000,0.0000,0.0000,0.0000,7860.0000,0.0000,0.0000,0.0000,0.0000,9,0,0,0,0,30,0,0,0,0
zc,TA207,2012-06-01 09:15:40.533,7832.0000,838,0,0.0000,0.0000,0,0,多换,B,7806.0000,0.0000,0.0000,0.0000,0.0000,7860.0000,0.0000,0.0000,0.0000,0.0000,9,0,0,0,0,30,0,0,0,0
zc,TA207,2012-06-01 09:15:45.797,7832.0000,838,0,0.0000,0.0000,0,0,多换,B,7808.0000,0.0000,0.0000,0.0000,0.0000,7860.0000,0.0000,0.0000,0.0000,0.0000,9,0,0,0,0,30,0,0,0,0
zc,TA207,2012-06-01 09:15:50.750,7832.0000,838,0,0.0000,0.0000,0,0,多换,B,7806.0000,0.0000,0.0000,0.0000,0.0000,7860.0000,0.0000,0.0000,0.0000,0.0000,9,0,0,0,0,30,0,0,0,0
zc,TA207,2012-06-01 09:15:56.813,7832.0000,838,0,0.0000,0.0000,0,0,多换,B,7808.0000,0.0000,0.0000,0.0000,0.0000,7860.0000,0.0000,0.0000,0.0000,0.0000,2,0,0,0,0,30,0,0,0,0
zc,TA207,2012-06-01 09:15:57.533,7832.0000,838,0,0.0000,0.0000,0,0,多换,B,7806.0000,0.0000,0.0000,0.0000,0.0000,7860.0000,0.0000,0.0000,0.0000,0.0000,9,0,0,0,0,30,0,0,0,0
zc,TA207,2012-06-01 09:15:58.783,7832.0000,838,0,0.0000,0.0000,0,0,多换,B,7808.0000,0.0000,0.0000,0.0000,0.0000,7860.0000,0.0000,0.0000,0.0000,0.0000,9,0,0,0,0,30,0,0,0,0
zc,TA207,2012-06-01 09:16:02.000,7832.0000,838,0,0.0000,0.0000,0,0,多换,B,7808.0000,0.0000,0.0000,0.0000,0.0000,7860.0000,0.0000,0.0000,0.0000,0.0000,3,0,0,0,0,30,0,0,0,0
zc,TA207,2012-06-01 09:16:02.767,7832.0000,838,0,0.0000,0.0000,0,0,多换,B,7806.0000,0.0000,0.0000,0.0000,0.0000,7860.0000,0.0000,0.0000,0.0000,0.0000,9,0,0,0,0,30,0,0,0,0
zc,TA207,2012-06-01 09:16:08.250,7832.0000,838,0,0.0000,0.0000,0,0,多换,B,7806.0000,0.0000,0.0000,0.0000,0.0000,7860.0000,0.0000,0.0000,0.0000,0.0000,9,0,0,0,0,30,0,0,0,0
zc,TA207,2012-06-01 09:16:11.767,7832.0000,838,0,0.0000,0.0000,0,0,多换,B,7798.0000,0.0000,0.0000,0.0000,0.0000,7860.0000,0.0000,0.0000,0.0000,0.0000,9,0,0,0,0,30,0,0,0,0
zc,TA207,2012-06-01 09:16:13.533,7832.0000,838,0,0.0000,0.0000,0,0,多换,B,7800.0000,0.0000,0.0000,0.0000,0.0000,7860.0000,0.0000,0.0000,0.0000,0.0000,9,0,0,0,0,30,0,0,0,0
zc,TA207,2012-06-01 09:16:21.237,7832.0000,838,0,0.0000,0.0000,0,0,多换,B,7802.0000,0.0000,0.0000,0.0000,0.0000,7860.0000,0.0000,0.0000,0.0000,0.0000,1,0,0,0,0,30,0,0,0,0
zc,TA207,2012-06-01 09:16:21.767,7832.0000,838,0,0.0000,0.0000,0,0,多换,B,7804.0000,0.0000,0.0000,0.0000,0.0000,7860.0000,0.0000,0.0000,0.0000,0.0000,9,0,0,0,0,30,0,0,0,0
zc,TA207,2012-06-01 09:16:23.000,7832.0000,838,0,0.0000,0.0000,0,0,多换,B,7802.0000,0.0000,0.0000,0.0000,0.0000,7860.0000,0.0000,0.0000,0.0000,0.0000,9,0,0,0,0,30,0,0,0,0
zc,TA207,2012-06-01 09:16:26.250,7832.0000,838,0,0.0000,0.0000,0,0,多换,B,7804.0000,0.0000,0.0000,0.0000,0.0000,7860.0000,0.0000,0.0000,0.0000,0.0000,9,0,0,0,0,30,0,0,0,0
zc,TA207,2012-06-01 09:16:31.250,7832.0000,838,0,0.0000,0.0000,0,0,多换,B,7804.0000,0.0000,0.0000,0.0000,0.0000,7860.0000,0.0000,0.0000,0.0000,0.0000,2,0,0,0,0,30,0,0,0,0
zc,TA207,2012-06-01 09:16:31.750,7832.0000,838,0,0.0000,0.0000,0,0,多换,B,7804.0000,0.0000,0.0000,0.0000,0.0000,7860.0000,0.0000,0.0000,0.0000,0.0000,9,0,0,0,0,30,0,0,0,0
zc,TA207,2012-06-01 09:16:34.283,7832.0000,838,0,0.0000,0.0000,0,0,多换,B,7804.0000,0.0000,0.0000,0.0000,0.0000,7860.0000,0.0000,0.0000,0.0000,0.0000,8,0,0,0,0,30,0,0,0,0
zc,TA207,2012-06-01 09:16:34.783,7832.0000,838,0,0.0000,0.0000,0,0,多换,B,7804.0000,0.0000,0.0000,0.0000,0.0000,7860.0000,0.0000,0.0000,0.0000,0.0000,9,0,0,0,0,30,0,0,0,0
zc,TA207,2012-06-01 09:16:36.250,7832.0000,838,0,0.0000,0.0000,0,0,多换,B,7802.0000,0.0000,0.0000,0.0000,0.0000,7860.0000,0.0000,0.0000,0.0000,0.0000,9,0,0,0,0,30,0,0,0,0
zc,TA207,2012-06-01 09:16:38.487,7832.0000,838,0,0.0000,0.0000,0,0,多换,B,7804.0000,0.0000,0.0000,0.0000,0.0000,7860.0000,0.0000,0.0000,0.0000,0.0000,9,0,0,0,0,30,0,0,0,0
zc,TA207,2012-06-01 09:16:48.797,7832.0000,838,0,0.0000,0.0000,0,0,多换,B,7806.0000,0.0000,0.0000,0.0000,0.0000,7860.0000,0.0000,0.0000,0.0000,0.0000,1,0,0,0,0,30,0,0,0,0
zc,TA207,2012-06-01 09:16:49.533,7832.0000,838,0,0.0000,0.0000,0,0,多换,B,7806.0000,0.0000,0.0000,0.0000,0.0000,7860.0000,0.0000,0.0000,0.0000,0.0000,9,0,0,0,0,30,0,0,0,0
zc,TA207,2012-06-01 09:16:53.987,7832.0000,838,0,0.0000,0.0000,0,0,多换,B,7808.0000,0.0000,0.0000,0.0000,0.0000,7860.0000,0.0000,0.0000,0.0000,0.0000,9,0,0,0,0,30,0,0,0,0
zc,TA207,2012-06-01 09:16:55.487,7832.0000,838,0,0.0000,0.0000,0,0,多换,B,7810.0000,0.0000,0.0000,0.0000,0.0000,7860.0000,0.0000,0.0000,0.0000,0.0000,3,0,0,0,0,30,0,0,0,0
zc,TA207,2012-06-01 09:17:08.237,7832.0000,838,0,0.0000,0.0000,0,0,多换,B,7810.0000,0.0000,0.0000,0.0000,0.0000,7860.0000,0.0000,0.0000,0.0000,0.0000,3,0,0,0,0,30,0,0,0,0
zc,TA207,2012-06-01 09:18:08.203,7832.0000,838,0,0.0000,0.0000,0,0,多换,B,7810.0000,0.0000,0.0000,0.0000,0.0000,7860.0000,0.0000,0.0000,0.0000,0.0000,3,0,0,0,0,30,0,0,0,0
zc,TA207,2012-06-01 09:18:15.517,7832.0000,838,0,0.0000,0.0000,0,0,多换,B,7810.0000,0.0000,0.0000,0.0000,0.0000,7858.0000,0.0000,0.0000,0.0000,0.0000,3,0,0,0,0,2,0,0,0,0
zc,TA207,2012-06-01 09:19:01.750,7832.0000,838,0,0.0000,0.0000,0,0,多换,B,7810.0000,0.0000,0.0000,0.0000,0.0000,7856.0000,0.0000,0.0000,0.0000,0.0000,3,0,0,0,0,1,0,0,0,0
zc,TA207,2012-06-01 09:19:06.500,7832.0000,838,0,0.0000,0.0000,0,0,多换,B,7810.0000,0.0000,0.0000,0.0000,0.0000,7854.0000,0.0000,0.0000,0.0000,0.0000,3,0,0,0,0,2,0,0,0,0
zc,TA207,2012-06-01 09:19:27.737,7832.0000,838,0,0.0000,0.0000,0,0,多换,B,7810.0000,0.0000,0.0000,0.0000,0.0000,7854.0000,0.0000,0.0000,0.0000,0.0000,3,0,0,0,0,3,0,0,0,0
zc,TA207,2012-06-01 09:19:28.970,7832.0000,838,0,0.0000,0.0000,0,0,多换,B,7788.0000,0.0000,0.0000,0.0000,0.0000,7852.0000,0.0000,0.0000,0.0000,0.0000,9,0,0,0,0,1,0,0,0,0
zc,TA207,2012-06-01 09:19:29.470,7832.0000,838,0,0.0000,0.0000,0,0,多换,B,7792.0000,0.0000,0.0000,0.0000,0.0000,7854.0000,0.0000,0.0000,0.0000,0.0000,3,0,0,0,0,2,0,0,0,0
zc,TA207,2012-06-01 09:19:30.237,7832.0000,838,0,0.0000,0.0000,0,0,多换,B,7790.0000,0.0000,0.0000,0.0000,0.0000,7854.0000,0.0000,0.0000,0.0000,0.0000,9,0,0,0,0,3,0,0,0,0
zc,TA207,2012-06-01 09:19:30.737,7832.0000,838,0,0.0000,0.0000,0,0,多换,B,7790.0000,0.0000,0.0000,0.0000,0.0000,7854.0000,0.0000,0.0000,0.0000,0.0000,9,0,0,0,0,2,0,0,0,0
zc,TA207,2012-06-01 09:19:31.470,7832.0000,838,0,0.0000,0.0000,0,0,多换,B,7790.0000,0.0000,0.0000,0.0000,0.0000,7854.0000,0.0000,0.0000,0.0000,0.0000,9,0,0,0,0,3,0,0,0,0
zc,TA207,2012-06-01 09:19:32.970,7832.0000,838,0,0.0000,0.0000,0,0,多换,B,7790.0000,0.0000,0.0000,0.0000,0.0000,7854.0000,0.0000,0.0000,0.0000,0.0000,1,0,0,0,0,3,0,0,0,0
zc,TA207,2012-06-01 09:19:33.500,7832.0000,838,0,0.0000,0.0000,0,0,多换,B,7788.0000,0.0000,0.0000,0.0000,0.0000,7852.0000,0.0000,0.0000,0.0000,0.0000,9,0,0,0,0,1,0,0,0,0
zc,TA207,2012-06-01 09:19:36.783,7832.0000,838,0,0.0000,0.0000,0,0,多换,B,7788.0000,0.0000,0.0000,0.0000,0.0000,7850.0000,0.0000,0.0000,0.0000,0.0000,9,0,0,0,0,2,0,0,0,0
zc,TA207,2012-06-01 09:19:44.767,7832.0000,838,0,0.0000,0.0000,0,0,多换,B,7790.0000,0.0000,0.0000,0.0000,0.0000,7854.0000,0.0000,0.0000,0.0000,0.0000,9,0,0,0,0,1,0,0,0,0
