市场代码,合约代码,时间,最新,持仓,增仓,成交额,成交量,开仓,平仓,成交类型,方向,买一价,买二价,买三价,买四价,买五价,卖一价,卖二价,卖三价,卖四价,卖五价,买一量,买二量,买三量,买四量,买五量,卖一量,卖二量,卖三量,卖四量,卖五量
zc,TA301,2012-06-01 07:56:08.313,0.0000,61028,0,0.0000,0.0000,0,0,空换,S,0.0000,0.0000,0.0000,0.0000,0.0000,0.0000,0.0000,0.0000,0.0000,0.0000,0,0,0,0,0,0,0,0,0,0
zc,TA301,2012-06-01 07:59:08.313,0.0000,61028,0,0.0000,0.0000,0,0,空换,S,0.0000,0.0000,0.0000,0.0000,0.0000,0.0000,0.0000,0.0000,0.0000,0.0000,0,0,0,0,0,0,0,0,0,0
zc,TA301,2012-06-01 08:05:08.297,0.0000,61028,0,0.0000,0.0000,0,0,空换,S,0.0000,0.0000,0.0000,0.0000,0.0000,0.0000,0.0000,0.0000,0.0000,0.0000,0,0,0,0,0,0,0,0,0,0
zc,TA301,2012-06-01 08:08:08.297,0.0000,61028,0,0.0000,0.0000,0,0,空换,S,0.0000,0.0000,0.0000,0.0000,0.0000,0.0000,0.0000,0.0000,0.0000,0.0000,0,0,0,0,0,0,0,0,0,0
zc,TA301,2012-06-01 08:10:08.297,0.0000,61028,0,0.0000,0.0000,0,0,空换,S,0.0000,0.0000,0.0000,0.0000,0.0000,0.0000,0.0000,0.0000,0.0000,0.0000,0,0,0,0,0,0,0,0,0,0
zc,TA301,2012-06-01 08:12:08.297,0.0000,61028,0,0.0000,0.0000,0,0,空换,S,0.0000,0.0000,0.0000,0.0000,0.0000,0.0000,0.0000,0.0000,0.0000,0.0000,0,0,0,0,0,0,0,0,0,0
zc,TA301,2012-06-01 08:15:08.283,0.0000,61028,0,0.0000,0.0000,0,0,空换,S,0.0000,0.0000,0.0000,0.0000,0.0000,0.0000,0.0000,0.0000,0.0000,0.0000,0,0,0,0,0,0,0,0,0,0
zc,TA301,2012-06-01 08:23:08.283,0.0000,61028,0,0.0000,0.0000,0,0,空换,S,0.0000,0.0000,0.0000,0.0000,0.0000,0.0000,0.0000,0.0000,0.0000,0.0000,0,0,0,0,0,0,0,0,0,0
zc,TA301,2012-06-01 08:40:08.250,0.0000,61028,0,0.0000,0.0000,0,0,空换,S,0.0000,0.0000,0.0000,0.0000,0.0000,0.0000,0.0000,0.0000,0.0000,0.0000,0,0,0,0,0,0,0,0,0,0
zc,TA301,2012-06-01 08:48:08.250,0.0000,61028,0,0.0000,0.0000,0,0,空换,S,0.0000,0.0000,0.0000,0.0000,0.0000,0.0000,0.0000,0.0000,0.0000,0.0000,0,0,0,0,0,0,0,0,0,0
zc,TA301,2012-06-01 08:55:01.533,0.0000,61028,0,0.0000,0.0000,0,0,空换,S,0.0000,0.0000,0.0000,0.0000,0.0000,0.0000,0.0000,0.0000,0.0000,0.0000,0,0,0,0,0,0,0,0,0,0
zc,TA301,2012-06-01 08:55:02.017,0.0000,61028,0,0.0000,0.0000,0,0,空换,S,0.0000,0.0000,0.0000,0.0000,0.0000,0.0000,0.0000,0.0000,0.0000,0.0000,0,0,0,0,0,0,0,0,0,0
zc,TA301,2012-06-01 08:55:02.500,0.0000,61028,0,0.0000,0.0000,0,0,空换,S,0.0000,0.0000,0.0000,0.0000,0.0000,0.0000,0.0000,0.0000,0.0000,0.0000,0,0,0,0,0,0,0,0,0,0
zc,TA301,2012-06-01 08:55:03.017,0.0000,61028,0,0.0000,0.0000,0,0,空换,S,0.0000,0.0000,0.0000,0.0000,0.0000,0.0000,0.0000,0.0000,0.0000,0.0000,0,0,0,0,0,0,0,0,0,0
zc,TA301,2012-06-01 08:55:04.737,0.0000,61028,0,0.0000,0.0000,0,0,空换,S,0.0000,0.0000,0.0000,0.0000,0.0000,0.0000,0.0000,0.0000,0.0000,0.0000,0,0,0,0,0,0,0,0,0,0
zc,TA301,2012-06-01 08:55:40.987,0.0000,61028,0,0.0000,0.0000,0,0,空换,S,0.0000,0.0000,0.0000,0.0000,0.0000,0.0000,0.0000,0.0000,0.0000,0.0000,0,0,0,0,0,0,0,0,0,0
zc,TA301,2012-06-01 08:55:51.737,0.0000,61028,0,0.0000,0.0000,0,0,空换,S,0.0000,0.0000,0.0000,0.0000,0.0000,0.0000,0.0000,0.0000,0.0000,0.0000,0,0,0,0,0,0,0,0,0,0
zc,TA301,2012-06-01 08:57:16.500,0.0000,61028,0,0.0000,0.0000,0,0,空换,S,0.0000,0.0000,0.0000,0.0000,0.0000,0.0000,0.0000,0.0000,0.0000,0.0000,0,0,0,0,0,0,0,0,0,0
zc,TA301,2012-06-01 08:57:23.500,0.0000,61028,0,0.0000,0.0000,0,0,空换,S,0.0000,0.0000,0.0000,0.0000,0.0000,0.0000,0.0000,0.0000,0.0000,0.0000,0,0,0,0,0,0,0,0,0,0
zc,TA301,2012-06-01 08:57:44.487,0.0000,61028,0,0.0000,0.0000,0,0,空换,S,0.0000,0.0000,0.0000,0.0000,0.0000,0.0000,0.0000,0.0000,0.0000,0.0000,0,0,0,0,0,0,0,0,0,0
zc,TA301,2012-06-01 08:58:22.737,0.0000,61028,0,0.0000,0.0000,0,0,空换,S,0.0000,0.0000,0.0000,0.0000,0.0000,0.0000,0.0000,0.0000,0.0000,0.0000,0,0,0,0,0,0,0,0,0,0
zc,TA301,2012-06-01 08:58:25.987,0.0000,61028,0,0.0000,0.0000,0,0,空换,S,0.0000,0.0000,0.0000,0.0000,0.0000,0.0000,0.0000,0.0000,0.0000,0.0000,0,0,0,0,0,0,0,0,0,0
zc,TA301,2012-06-01 08:58:27.987,0.0000,61028,0,0.0000,0.0000,0,0,空换,S,0.0000,0.0000,0.0000,0.0000,0.0000,0.0000,0.0000,0.0000,0.0000,0.0000,0,0,0,0,0,0,0,0,0,0
zc,TA301,2012-06-01 08:58:50.237,0.0000,61028,0,0.0000,0.0000,0,0,空换,S,0.0000,0.0000,0.0000,0.0000,0.0000,0.0000,0.0000,0.0000,0.0000,0.0000,0,0,0,0,0,0,0,0,0,0
zc,TA301,2012-06-01 08:59:02.470,7730.0000,61110,82,0.0000,104.0000,93,11,多开,B,7728.0000,0.0000,0.0000,0.0000,0.0000,7730.0000,0.0000,0.0000,0.0000,0.0000,2,0,0,0,0,1,0,0,0,0
zc,TA301,2012-06-01 09:00:01.423,7730.0000,61116,6,0.0000,8.0000,7,1,多开,B,7730.0000,0.0000,0.0000,0.0000,0.0000,7732.0000,0.0000,0.0000,0.0000,0.0000,3,0,0,0,0,1,0,0,0,0
zc,TA301,2012-06-01 09:00:02.487,7730.0000,61134,18,0.0000,88.0000,53,35,多开,B,7728.0000,0.0000,0.0000,0.0000,0.0000,7732.0000,0.0000,0.0000,0.0000,0.0000,1,0,0,0,0,3,0,0,0,0
zc,TA301,2012-06-01 09:00:03.453,7730.0000,61158,24,0.0000,24.0000,24,0,双开,B,7728.0000,0.0000,0.0000,0.0000,0.0000,7730.0000,0.0000,0.0000,0.0000,0.0000,1,0,0,0,0,9,0,0,0,0
zc,TA301,2012-06-01 09:00:04.173,7728.0000,61162,4,0.0000,4.0000,4,0,双开,S,7724.0000,0.0000,0.0000,0.0000,0.0000,7728.0000,0.0000,0.0000,0.0000,0.0000,1,0,0,0,0,6,0,0,0,0
zc,TA301,2012-06-01 09:00:04.673,7730.0000,61168,6,0.0000,12.0000,9,3,多开,B,7728.0000,0.0000,0.0000,0.0000,0.0000,7730.0000,0.0000,0.0000,0.0000,0.0000,2,0,0,0,0,3,0,0,0,0
zc,TA301,2012-06-01 09:00:05.423,7726.0000,61174,6,0.0000,14.0000,10,4,空开,S,7722.0000,0.0000,0.0000,0.0000,0.0000,7724.0000,0.0000,0.0000,0.0000,0.0000,33,0,0,0,0,2,0,0,0,0
zc,TA301,2012-06-01 09:00:05.907,7730.0000,61198,24,0.0000,26.0000,25,1,多开,B,7722.0000,0.0000,0.0000,0.0000,0.0000,7732.0000,0.0000,0.0000,0.0000,0.0000,29,0,0,0,0,2,0,0,0,0
zc,TA301,2012-06-01 09:00:06.643,7726.0000,61198,0,0.0000,2.0000,1,1,空换,S,7724.0000,0.0000,0.0000,0.0000,0.0000,7730.0000,0.0000,0.0000,0.0000,0.0000,1,0,0,0,0,3,0,0,0,0
zc,TA301,2012-06-01 09:00:07.407,7726.0000,61198,0,0.0000,0.0000,0,0,空换,S,7722.0000,0.0000,0.0000,0.0000,0.0000,7728.0000,0.0000,0.0000,0.0000,0.0000,29,0,0,0,0,32,0,0,0,0
zc,TA301,2012-06-01 09:00:08.250,7728.0000,61200,2,0.0000,2.0000,2,0,双开,B,7722.0000,0.0000,0.0000,0.0000,0.0000,7724.0000,0.0000,0.0000,0.0000,0.0000,29,0,0,0,0,1,0,0,0,0
zc,TA301,2012-06-01 09:00:08.423,7728.0000,61196,-4,0.0000,4.0000,0,4,双平,B,7722.0000,0.0000,0.0000,0.0000,0.0000,7728.0000,0.0000,0.0000,0.0000,0.0000,29,0,0,0,0,31,0,0,0,0
zc,TA301,2012-06-01 09:00:08.860,7728.0000,61196,0,0.0000,0.0000,0,0,多换,B,7726.0000,0.0000,0.0000,0.0000,0.0000,7728.0000,0.0000,0.0000,0.0000,0.0000,2,0,0,0,0,31,0,0,0,0
zc,TA301,2012-06-01 09:00:09.703,7728.0000,61198,2,0.0000,8.0000,5,3,多开,B,7722.0000,0.0000,0.0000,0.0000,0.0000,7726.0000,0.0000,0.0000,0.0000,0.0000,28,0,0,0,0,9,0,0,0,0
zc,TA301,2012-06-01 09:00:10.127,7728.0000,61198,0,0.0000,0.0000,0,0,多换,B,7722.0000,0.0000,0.0000,0.0000,0.0000,7726.0000,0.0000,0.0000,0.0000,0.0000,29,0,0,0,0,10,0,0,0,0
zc,TA301,2012-06-01 09:00:12.143,7728.0000,61198,0,0.0000,0.0000,0,0,多换,B,7722.0000,0.0000,0.0000,0.0000,0.0000,7726.0000,0.0000,0.0000,0.0000,0.0000,34,0,0,0,0,10,0,0,0,0
zc,TA301,2012-06-01 09:00:12.923,7728.0000,61198,0,0.0000,0.0000,0,0,多换,B,7722.0000,0.0000,0.0000,0.0000,0.0000,7724.0000,0.0000,0.0000,0.0000,0.0000,34,0,0,0,0,10,0,0,0,0
zc,TA301,2012-06-01 09:00:13.440,7722.0000,61266,68,0.0000,72.0000,70,2,空开,S,7720.0000,0.0000,0.0000,0.0000,0.0000,7722.0000,0.0000,0.0000,0.0000,0.0000,16,0,0,0,0,164,0,0,0,0
zc,TA301,2012-06-01 09:00:13.830,7722.0000,61278,12,0.0000,14.0000,13,1,空开,S,7720.0000,0.0000,0.0000,0.0000,0.0000,7722.0000,0.0000,0.0000,0.0000,0.0000,16,0,0,0,0,157,0,0,0,0
zc,TA301,2012-06-01 09:00:14.347,7722.0000,61280,2,0.0000,8.0000,5,3,空开,S,7720.0000,0.0000,0.0000,0.0000,0.0000,7722.0000,0.0000,0.0000,0.0000,0.0000,18,0,0,0,0,153,0,0,0,0
zc,TA301,2012-06-01 09:00:15.127,7722.0000,61286,6,0.0000,6.0000,6,0,双开,S,7720.0000,0.0000,0.0000,0.0000,0.0000,7722.0000,0.0000,0.0000,0.0000,0.0000,18,0,0,0,0,150,0,0,0,0
zc,TA301,2012-06-01 09:00:15.877,7722.0000,61288,2,0.0000,6.0000,4,2,空开,S,7720.0000,0.0000,0.0000,0.0000,0.0000,7722.0000,0.0000,0.0000,0.0000,0.0000,16,0,0,0,0,149,0,0,0,0
zc,TA301,2012-06-01 09:00:16.627,7720.0000,61332,44,0.0000,64.0000,54,10,空开,S,7720.0000,0.0000,0.0000,0.0000,0.0000,7722.0000,0.0000,0.0000,0.0000,0.0000,1,0,0,0,0,130,0,0,0,0
zc,TA301,2012-06-01 09:00:17.143,7722.0000,61344,12,0.0000,16.0000,14,2,多开,B,7720.0000,0.0000,0.0000,0.0000,0.0000,7722.0000,0.0000,0.0000,0.0000,0.0000,1,0,0,0,0,122,0,0,0,0
zc,TA301,2012-06-01 09:00:17.893,7720.0000,61346,2,0.0000,2.0000,2,0,双开,S,7718.0000,0.0000,0.0000,0.0000,0.0000,7720.0000,0.0000,0.0000,0.0000,0.0000,6,0,0,0,0,6,0,0,0,0
zc,TA301,2012-06-01 09:00:18.377,7722.0000,61344,-2,0.0000,14.0000,6,8,空平,B,7718.0000,0.0000,0.0000,0.0000,0.0000,7722.0000,0.0000,0.0000,0.0000,0.0000,9,0,0,0,0,122,0,0,0,0
zc,TA301,2012-06-01 09:00:19.360,7722.0000,61350,6,0.0000,14.0000,10,4,多开,B,7718.0000,0.0000,0.0000,0.0000,0.0000,7722.0000,0.0000,0.0000,0.0000,0.0000,6,0,0,0,0,115,0,0,0,0
zc,TA301,2012-06-01 09:00:19.893,7722.0000,61362,12,0.0000,12.0000,12,0,双开,B,7720.0000,0.0000,0.0000,0.0000,0.0000,7722.0000,0.0000,0.0000,0.0000,0.0000,1,0,0,0,0,109,0,0,0,0
zc,TA301,2012-06-01 09:00:20.657,7722.0000,61402,40,0.0000,40.0000,40,0,双开,B,7720.0000,0.0000,0.0000,0.0000,0.0000,7722.0000,0.0000,0.0000,0.0000,0.0000,16,0,0,0,0,89,0,0,0,0
zc,TA301,2012-06-01 09:00:21.347,7722.0000,61402,0,0.0000,0.0000,0,0,多换,B,7720.0000,0.0000,0.0000,0.0000,0.0000,7722.0000,0.0000,0.0000,0.0000,0.0000,17,0,0,0,0,89,0,0,0,0
zc,TA301,2012-06-01 09:00:22.127,7720.0000,61408,6,0.0000,122.0000,64,58,空开,S,7718.0000,0.0000,0.0000,0.0000,0.0000,7720.0000,0.0000,0.0000,0.0000,0.0000,7,0,0,0,0,2,0,0,0,0
zc,TA301,2012-06-01 09:00:22.643,7718.0000,61416,8,0.0000,12.0000,10,2,空开,S,7718.0000,0.0000,0.0000,0.0000,0.0000,7722.0000,0.0000,0.0000,0.0000,0.0000,7,0,0,0,0,87,0,0,0,0
zc,TA301,2012-06-01 09:00:23.360,7722.0000,61416,0,0.0000,2.0000,1,1,多换,B,7718.0000,0.0000,0.0000,0.0000,0.0000,7722.0000,0.0000,0.0000,0.0000,0.0000,8,0,0,0,0,86,0,0,0,0
zc,TA301,2012-06-01 09:00:23.847,7722.0000,61430,14,0.0000,14.0000,14,0,双开,B,7720.0000,0.0000,0.0000,0.0000,0.0000,7722.0000,0.0000,0.0000,0.0000,0.0000,1,0,0,0,0,79,0,0,0,0
zc,TA301,2012-06-01 09:00:24.627,7722.0000,61434,4,0.0000,4.0000,4,0,双开,B,7720.0000,0.0000,0.0000,0.0000,0.0000,7722.0000,0.0000,0.0000,0.0000,0.0000,4,0,0,0,0,77,0,0,0,0
zc,TA301,2012-06-01 09:00:25.097,7722.0000,61434,0,0.0000,8.0000,4,4,多换,B,7720.0000,0.0000,0.0000,0.0000,0.0000,7722.0000,0.0000,0.0000,0.0000,0.0000,13,0,0,0,0,73,0,0,0,0
zc,TA301,2012-06-01 09:00:25.893,7722.0000,61432,-2,0.0000,68.0000,33,35,空平,B,7720.0000,0.0000,0.0000,0.0000,0.0000,7722.0000,0.0000,0.0000,0.0000,0.0000,31,0,0,0,0,40,0,0,0,0
zc,TA301,2012-06-01 09:00:26.393,7722.0000,61430,-2,0.0000,80.0000,39,41,空平,B,7722.0000,0.0000,0.0000,0.0000,0.0000,7724.0000,0.0000,0.0000,0.0000,0.0000,4,0,0,0,0,1,0,0,0,0
zc,TA301,2012-06-01 09:00:28.127,7724.0000,61430,0,0.0000,2.0000,1,1,多换,B,7722.0000,0.0000,0.0000,0.0000,0.0000,7728.0000,0.0000,0.0000,0.0000,0.0000,5,0,0,0,0,29,0,0,0,0
zc,TA301,2012-06-01 09:00:28.627,7722.0000,61430,0,0.0000,4.0000,2,2,空换,S,7724.0000,0.0000,0.0000,0.0000,0.0000,7728.0000,0.0000,0.0000,0.0000,0.0000,1,0,0,0,0,29,0,0,0,0
zc,TA301,2012-06-01 09:00:29.360,7722.0000,61410,-20,0.0000,60.0000,20,40,多平,S,7724.0000,0.0000,0.0000,0.0000,0.0000,7728.0000,0.0000,0.0000,0.0000,0.0000,16,0,0,0,0,13,0,0,0,0
zc,TA301,2012-06-01 09:00:29.847,7728.0000,61410,0,0.0000,2.0000,1,1,多换,B,7724.0000,0.0000,0.0000,0.0000,0.0000,7728.0000,0.0000,0.0000,0.0000,0.0000,16,0,0,0,0,12,0,0,0,0
zc,TA301,2012-06-01 09:00:30.610,7728.0000,61406,-4,0.0000,6.0000,1,5,空平,B,7724.0000,0.0000,0.0000,0.0000,0.0000,7728.0000,0.0000,0.0000,0.0000,0.0000,16,0,0,0,0,9,0,0,0,0
zc,TA301,2012-06-01 09:00:31.830,7728.0000,61406,0,0.0000,0.0000,0,0,多换,B,7724.0000,0.0000,0.0000,0.0000,0.0000,7728.0000,0.0000,0.0000,0.0000,0.0000,17,0,0,0,0,9,0,0,0,0
zc,TA301,2012-06-01 09:00:32.377,7728.0000,61396,-10,0.0000,10.0000,0,10,双平,B,7726.0000,0.0000,0.0000,0.0000,0.0000,7728.0000,0.0000,0.0000,0.0000,0.0000,1,0,0,0,0,4,0,0,0,0
zc,TA301,2012-06-01 09:00:33.127,7728.0000,61398,2,0.0000,24.0000,13,11,多开,B,7726.0000,0.0000,0.0000,0.0000,0.0000,7728.0000,0.0000,0.0000,0.0000,0.0000,2,0,0,0,0,1,0,0,0,0
zc,TA301,2012-06-01 09:00:33.877,7728.0000,61396,-2,0.0000,2.0000,0,2,双平,B,7728.0000,0.0000,0.0000,0.0000,0.0000,7730.0000,0.0000,0.0000,0.0000,0.0000,1,0,0,0,0,202,0,0,0,0
zc,TA301,2012-06-01 09:00:34.347,7728.0000,61396,0,0.0000,0.0000,0,0,多换,B,7728.0000,0.0000,0.0000,0.0000,0.0000,7730.0000,0.0000,0.0000,0.0000,0.0000,2,0,0,0,0,202,0,0,0,0
zc,TA301,2012-06-01 09:00:36.330,7728.0000,61396,0,0.0000,0.0000,0,0,多换,B,7728.0000,0.0000,0.0000,0.0000,0.0000,7730.0000,0.0000,0.0000,0.0000,0.0000,3,0,0,0,0,202,0,0,0,0
zc,TA301,2012-06-01 09:00:36.597,7728.0000,61396,0,0.0000,4.0000,2,2,多换,B,7728.0000,0.0000,0.0000,0.0000,0.0000,7730.0000,0.0000,0.0000,0.0000,0.0000,1,0,0,0,0,202,0,0,0,0
zc,TA301,2012-06-01 09:00:37.830,7730.0000,61394,-2,0.0000,6.0000,2,4,空平,B,7728.0000,0.0000,0.0000,0.0000,0.0000,7730.0000,0.0000,0.0000,0.0000,0.0000,6,0,0,0,0,199,0,0,0,0
zc,TA301,2012-06-01 09:00:38.580,7730.0000,61394,0,0.0000,0.0000,0,0,多换,B,7728.0000,0.0000,0.0000,0.0000,0.0000,7730.0000,0.0000,0.0000,0.0000,0.0000,12,0,0,0,0,199,0,0,0,0
zc,TA301,2012-06-01 09:00:39.097,7728.0000,61394,0,0.0000,2.0000,1,1,空换,S,7728.0000,0.0000,0.0000,0.0000,0.0000,7730.0000,0.0000,0.0000,0.0000,0.0000,11,0,0,0,0,199,0,0,0,0
zc,TA301,2012-06-01 09:00:40.330,7728.0000,61394,0,0.0000,0.0000,0,0,空换,S,7728.0000,0.0000,0.0000,0.0000,0.0000,7730.0000,0.0000,0.0000,0.0000,0.0000,12,0,0,0,0,199,0,0,0,0
zc,TA301,2012-06-01 09:00:41.097,7730.0000,61388,-6,0.0000,8.0000,1,7,空平,B,7728.0000,0.0000,0.0000,0.0000,0.0000,7730.0000,0.0000,0.0000,0.0000,0.0000,16,0,0,0,0,195,0,0,0,0
zc,TA301,2012-06-01 09:00:41.643,7730.0000,61380,-8,0.0000,14.0000,3,11,空平,B,7728.0000,0.0000,0.0000,0.0000,0.0000,7730.0000,0.0000,0.0000,0.0000,0.0000,12,0,0,0,0,188,0,0,0,0
zc,TA301,2012-06-01 09:00:42.157,7728.0000,61368,-12,0.0000,16.0000,2,14,多平,S,7728.0000,0.0000,0.0000,0.0000,0.0000,7730.0000,0.0000,0.0000,0.0000,0.0000,6,0,0,0,0,186,0,0,0,0
zc,TA301,2012-06-01 09:00:42.830,7730.0000,61362,-6,0.0000,6.0000,0,6,双平,B,7728.0000,0.0000,0.0000,0.0000,0.0000,7730.0000,0.0000,0.0000,0.0000,0.0000,6,0,0,0,0,183,0,0,0,0
zc,TA301,2012-06-01 09:00:43.360,7730.0000,61350,-12,0.0000,12.0000,0,12,双平,B,7728.0000,0.0000,0.0000,0.0000,0.0000,7730.0000,0.0000,0.0000,0.0000,0.0000,6,0,0,0,0,177,0,0,0,0
zc,TA301,2012-06-01 09:00:44.063,7730.0000,61350,0,0.0000,2.0000,1,1,多换,B,7728.0000,0.0000,0.0000,0.0000,0.0000,7730.0000,0.0000,0.0000,0.0000,0.0000,6,0,0,0,0,176,0,0,0,0
zc,TA301,2012-06-01 09:00:44.610,7730.0000,61350,0,0.0000,0.0000,0,0,多换,B,7728.0000,0.0000,0.0000,0.0000,0.0000,7730.0000,0.0000,0.0000,0.0000,0.0000,13,0,0,0,0,176,0,0,0,0
zc,TA301,2012-06-01 09:00:45.377,7730.0000,61280,-70,0.0000,104.0000,17,87,空平,B,7728.0000,0.0000,0.0000,0.0000,0.0000,7730.0000,0.0000,0.0000,0.0000,0.0000,9,0,0,0,0,133,0,0,0,0
zc,TA301,2012-06-01 09:00:45.610,7730.0000,61280,0,0.0000,0.0000,0,0,多换,B,7728.0000,0.0000,0.0000,0.0000,0.0000,7730.0000,0.0000,0.0000,0.0000,0.0000,14,0,0,0,0,133,0,0,0,0
zc,TA301,2012-06-01 09:00:46.347,7730.0000,61280,0,0.0000,0.0000,0,0,多换,B,7728.0000,0.0000,0.0000,0.0000,0.0000,7730.0000,0.0000,0.0000,0.0000,0.0000,9,0,0,0,0,133,0,0,0,0
zc,TA301,2012-06-01 09:00:46.830,7730.0000,61280,0,0.0000,0.0000,0,0,多换,B,7728.0000,0.0000,0.0000,0.0000,0.0000,7730.0000,0.0000,0.0000,0.0000,0.0000,9,0,0,0,0,134,0,0,0,0
zc,TA301,2012-06-01 09:00:47.597,7730.0000,61280,0,0.0000,0.0000,0,0,多换,B,7728.0000,0.0000,0.0000,0.0000,0.0000,7730.0000,0.0000,0.0000,0.0000,0.0000,10,0,0,0,0,146,0,0,0,0
zc,TA301,2012-06-01 09:00:48.283,7730.0000,61280,0,0.0000,24.0000,12,12,多换,B,7728.0000,0.0000,0.0000,0.0000,0.0000,7730.0000,0.0000,0.0000,0.0000,0.0000,11,0,0,0,0,134,0,0,0,0
zc,TA301,2012-06-01 09:00:48.877,7728.0000,61288,8,0.0000,22.0000,15,7,空开,S,7726.0000,0.0000,0.0000,0.0000,0.0000,7728.0000,0.0000,0.0000,0.0000,0.0000,3,0,0,0,0,1,0,0,0,0
zc,TA301,2012-06-01 09:00:49.563,7726.0000,61290,2,0.0000,2.0000,2,0,双开,S,7726.0000,0.0000,0.0000,0.0000,0.0000,7730.0000,0.0000,0.0000,0.0000,0.0000,2,0,0,0,0,122,0,0,0,0
zc,TA301,2012-06-01 09:00:50.080,7730.0000,61290,0,0.0000,2.0000,1,1,多换,B,7728.0000,0.0000,0.0000,0.0000,0.0000,7730.0000,0.0000,0.0000,0.0000,0.0000,2,0,0,0,0,121,0,0,0,0
zc,TA301,2012-06-01 09:00:50.877,7728.0000,61296,6,0.0000,6.0000,6,0,双开,S,7726.0000,0.0000,0.0000,0.0000,0.0000,7728.0000,0.0000,0.0000,0.0000,0.0000,2,0,0,0,0,10,0,0,0,0
zc,TA301,2012-06-01 09:00:56.627,7728.0000,61296,0,0.0000,0.0000,0,0,空换,S,7726.0000,0.0000,0.0000,0.0000,0.0000,7728.0000,0.0000,0.0000,0.0000,0.0000,3,0,0,0,0,10,0,0,0,0
zc,TA301,2012-06-01 09:00:57.330,7726.0000,61316,20,0.0000,22.0000,21,1,空开,S,7726.0000,0.0000,0.0000,0.0000,0.0000,7730.0000,0.0000,0.0000,0.0000,0.0000,4,0,0,0,0,120,0,0,0,0
zc,TA301,2012-06-01 09:00:57.813,7726.0000,61316,0,0.0000,0.0000,0,0,空换,S,7728.0000,0.0000,0.0000,0.0000,0.0000,7730.0000,0.0000,0.0000,0.0000,0.0000,4,0,0,0,0,122,0,0,0,0
zc,TA301,2012-06-01 09:00:58.360,7728.0000,61320,4,0.0000,4.0000,4,0,双开,B,7728.0000,0.0000,0.0000,0.0000,0.0000,7730.0000,0.0000,0.0000,0.0000,0.0000,7,0,0,0,0,120,0,0,0,0
zc,TA301,2012-06-01 09:00:59.797,7730.0000,61320,0,0.0000,2.0000,1,1,多换,B,7728.0000,0.0000,0.0000,0.0000,0.0000,7730.0000,0.0000,0.0000,0.0000,0.0000,7,0,0,0,0,119,0,0,0,0
zc,TA301,2012-06-01 09:01:00.347,7730.0000,61320,0,0.0000,0.0000,0,0,多换,B,7728.0000,0.0000,0.0000,0.0000,0.0000,7730.0000,0.0000,0.0000,0.0000,0.0000,8,0,0,0,0,119,0,0,0,0
zc,TA301,2012-06-01 09:01:01.080,7728.0000,61324,4,0.0000,4.0000,4,0,双开,S,7728.0000,0.0000,0.0000,0.0000,0.0000,7730.0000,0.0000,0.0000,0.0000,0.0000,9,0,0,0,0,119,0,0,0,0
zc,TA301,2012-06-01 09:01:02.297,7728.0000,61324,0,0.0000,0.0000,0,0,空换,S,7728.0000,0.0000,0.0000,0.0000,0.0000,7730.0000,0.0000,0.0000,0.0000,0.0000,15,0,0,0,0,119,0,0,0,0
zc,TA301,2012-06-01 09:01:02.877,7730.0000,61324,0,0.0000,2.0000,1,1,多换,B,7728.0000,0.0000,0.0000,0.0000,0.0000,7730.0000,0.0000,0.0000,0.0000,0.0000,16,0,0,0,0,118,0,0,0,0
zc,TA301,2012-06-01 09:01:03.610,7730.0000,61324,0,0.0000,0.0000,0,0,多换,B,7728.0000,0.0000,0.0000,0.0000,0.0000,7730.0000,0.0000,0.0000,0.0000,0.0000,17,0,0,0,0,118,0,0,0,0
zc,TA301,2012-06-01 09:01:04.080,7728.0000,61352,28,0.0000,28.0000,28,0,双开,S,7728.0000,0.0000,0.0000,0.0000,0.0000,7730.0000,0.0000,0.0000,0.0000,0.0000,3,0,0,0,0,118,0,0,0,0
zc,TA301,2012-06-01 09:01:04.860,7730.0000,61352,0,0.0000,40.0000,20,20,多换,B,7728.0000,0.0000,0.0000,0.0000,0.0000,7730.0000,0.0000,0.0000,0.0000,0.0000,5,0,0,0,0,98,0,0,0,0
zc,TA301,2012-06-01 09:01:05.313,7730.0000,61352,0,0.0000,2.0000,1,1,多换,B,7728.0000,0.0000,0.0000,0.0000,0.0000,7730.0000,0.0000,0.0000,0.0000,0.0000,5,0,0,0,0,99,0,0,0,0
zc,TA301,2012-06-01 09:01:06.597,7730.0000,61352,0,0.0000,0.0000,0,0,多换,B,7728.0000,0.0000,0.0000,0.0000,0.0000,7730.0000,0.0000,0.0000,0.0000,0.0000,6,0,0,0,0,99,0,0,0,0
zc,TA301,2012-06-01 09:01:07.360,7730.0000,61352,0,0.0000,4.0000,2,2,多换,B,7728.0000,0.0000,0.0000,0.0000,0.0000,7730.0000,0.0000,0.0000,0.0000,0.0000,8,0,0,0,0,98,0,0,0,0
zc,TA301,2012-06-01 09:01:07.877,7730.0000,61366,14,0.0000,18.0000,16,2,多开,B,7726.0000,0.0000,0.0000,0.0000,0.0000,7730.0000,0.0000,0.0000,0.0000,0.0000,9,0,0,0,0,95,0,0,0,0
zc,TA301,2012-06-01 09:01:08.597,7730.0000,61366,0,0.0000,4.0000,2,2,多换,B,7726.0000,0.0000,0.0000,0.0000,0.0000,7730.0000,0.0000,0.0000,0.0000,0.0000,9,0,0,0,0,93,0,0,0,0
zc,TA301,2012-06-01 09:01:09.110,7730.0000,61366,0,0.0000,0.0000,0,0,多换,B,7726.0000,0.0000,0.0000,0.0000,0.0000,7730.0000,0.0000,0.0000,0.0000,0.0000,8,0,0,0,0,93,0,0,0,0
zc,TA301,2012-06-01 09:01:09.830,7730.0000,61366,0,0.0000,4.0000,2,2,多换,B,7726.0000,0.0000,0.0000,0.0000,0.0000,7730.0000,0.0000,0.0000,0.0000,0.0000,10,0,0,0,0,91,0,0,0,0
zc,TA301,2012-06-01 09:01:10.347,7730.0000,61366,0,0.0000,0.0000,0,0,多换,B,7726.0000,0.0000,0.0000,0.0000,0.0000,7730.0000,0.0000,0.0000,0.0000,0.0000,12,0,0,0,0,136,0,0,0,0
zc,TA301,2012-06-01 09:01:10.783,7730.0000,61366,0,0.0000,34.0000,17,17,多换,B,7726.0000,0.0000,0.0000,0.0000,0.0000,7730.0000,0.0000,0.0000,0.0000,0.0000,12,0,0,0,0,119,0,0,0,0
zc,TA301,2012-06-01 09:01:12.097,7730.0000,61366,0,0.0000,0.0000,0,0,多换,B,7728.0000,0.0000,0.0000,0.0000,0.0000,7730.0000,0.0000,0.0000,0.0000,0.0000,2,0,0,0,0,74,0,0,0,0
zc,TA301,2012-06-01 09:01:12.847,7730.0000,61366,0,0.0000,2.0000,1,1,多换,B,7728.0000,0.0000,0.0000,0.0000,0.0000,7730.0000,0.0000,0.0000,0.0000,0.0000,2,0,0,0,0,73,0,0,0,0
zc,TA301,2012-06-01 09:01:13.313,7730.0000,61362,-4,0.0000,14.0000,5,9,空平,B,7728.0000,0.0000,0.0000,0.0000,0.0000,7730.0000,0.0000,0.0000,0.0000,0.0000,10,0,0,0,0,66,0,0,0,0
zc,TA301,2012-06-01 09:01:13.830,7730.0000,61362,0,0.0000,2.0000,1,1,多换,B,7728.0000,0.0000,0.0000,0.0000,0.0000,7730.0000,0.0000,0.0000,0.0000,0.0000,10,0,0,0,0,65,0,0,0,0
zc,TA301,2012-06-01 09:01:14.377,7730.0000,61342,-20,0.0000,26.0000,3,23,空平,B,7728.0000,0.0000,0.0000,0.0000,0.0000,7730.0000,0.0000,0.0000,0.0000,0.0000,10,0,0,0,0,54,0,0,0,0
zc,TA301,2012-06-01 09:01:15.080,7730.0000,61342,0,0.0000,60.0000,30,30,多换,B,7728.0000,0.0000,0.0000,0.0000,0.0000,7730.0000,0.0000,0.0000,0.0000,0.0000,12,0,0,0,0,24,0,0,0,0
zc,TA301,2012-06-01 09:01:15.830,7730.0000,61342,0,0.0000,2.0000,1,1,多换,B,7728.0000,0.0000,0.0000,0.0000,0.0000,7730.0000,0.0000,0.0000,0.0000,0.0000,12,0,0,0,0,23,0,0,0,0
zc,TA301,2012-06-01 09:01:16.347,7730.0000,61342,0,0.0000,2.0000,1,1,多换,B,7728.0000,0.0000,0.0000,0.0000,0.0000,7730.0000,0.0000,0.0000,0.0000,0.0000,12,0,0,0,0,22,0,0,0,0
zc,TA301,2012-06-01 09:01:17.097,7730.0000,61342,0,0.0000,2.0000,1,1,多换,B,7728.0000,0.0000,0.0000,0.0000,0.0000,7730.0000,0.0000,0.0000,0.0000,0.0000,4,0,0,0,0,21,0,0,0,0
zc,TA301,2012-06-01 09:01:17.330,7730.0000,61342,0,0.0000,6.0000,3,3,多换,B,7728.0000,0.0000,0.0000,0.0000,0.0000,7730.0000,0.0000,0.0000,0.0000,0.0000,18,0,0,0,0,18,0,0,0,0
zc,TA301,2012-06-01 09:01:18.080,7730.0000,61342,0,0.0000,12.0000,6,6,多换,B,7728.0000,0.0000,0.0000,0.0000,0.0000,7730.0000,0.0000,0.0000,0.0000,0.0000,15,0,0,0,0,17,0,0,0,0
zc,TA301,2012-06-01 09:01:18.597,7730.0000,61328,-14,0.0000,14.0000,0,14,双平,B,7728.0000,0.0000,0.0000,0.0000,0.0000,7730.0000,0.0000,0.0000,0.0000,0.0000,11,0,0,0,0,10,0,0,0,0
zc,TA301,2012-06-01 09:01:19.347,7730.0000,61312,-16,0.0000,20.0000,2,18,空平,B,7728.0000,0.0000,0.0000,0.0000,0.0000,7732.0000,0.0000,0.0000,0.0000,0.0000,12,0,0,0,0,1,0,0,0,0
zc,TA301,2012-06-01 09:01:19.877,7730.0000,61316,4,0.0000,4.0000,4,0,双开,B,7730.0000,0.0000,0.0000,0.0000,0.0000,7732.0000,0.0000,0.0000,0.0000,0.0000,3,0,0,0,0,3,0,0,0,0
zc,TA301,2012-06-01 09:01:20.377,7730.0000,61316,0,0.0000,0.0000,0,0,多换,B,7730.0000,0.0000,0.0000,0.0000,0.0000,7732.0000,0.0000,0.0000,0.0000,0.0000,3,0,0,0,0,1,0,0,0,0
zc,TA301,2012-06-01 09:01:21.110,7732.0000,61318,2,0.0000,2.0000,2,0,双开,B,7730.0000,0.0000,0.0000,0.0000,0.0000,7736.0000,0.0000,0.0000,0.0000,0.0000,4,0,0,0,0,1,0,0,0,0
zc,TA301,2012-06-01 09:01:21.547,7732.0000,61318,0,0.0000,0.0000,0,0,多换,B,7730.0000,0.0000,0.0000,0.0000,0.0000,7736.0000,0.0000,0.0000,0.0000,0.0000,6,0,0,0,0,2,0,0,0,0
zc,TA301,2012-06-01 09:01:22.830,7736.0000,61320,2,0.0000,2.0000,2,0,双开,B,7730.0000,0.0000,0.0000,0.0000,0.0000,7734.0000,0.0000,0.0000,0.0000,0.0000,7,0,0,0,0,1,0,0,0,0
zc,TA301,2012-06-01 09:01:23.860,7736.0000,61320,0,0.0000,0.0000,0,0,多换,B,7730.0000,0.0000,0.0000,0.0000,0.0000,7734.0000,0.0000,0.0000,0.0000,0.0000,8,0,0,0,0,1,0,0,0,0
zc,TA301,2012-06-01 09:01:25.080,7734.0000,61322,2,0.0000,2.0000,2,0,双开,S,7730.0000,0.0000,0.0000,0.0000,0.0000,7734.0000,0.0000,0.0000,0.0000,0.0000,9,0,0,0,0,2,0,0,0,0
zc,TA301,2012-06-01 09:01:26.347,7732.0000,61324,2,0.0000,4.0000,3,1,空开,S,7732.0000,0.0000,0.0000,0.0000,0.0000,7736.0000,0.0000,0.0000,0.0000,0.0000,1,0,0,0,0,3,0,0,0,0
zc,TA301,2012-06-01 09:01:27.580,7732.0000,61324,0,0.0000,0.0000,0,0,空换,S,7732.0000,0.0000,0.0000,0.0000,0.0000,7736.0000,0.0000,0.0000,0.0000,0.0000,1,0,0,0,0,2,0,0,0,0
zc,TA301,2012-06-01 09:01:28.407,7732.0000,61324,0,0.0000,0.0000,0,0,空换,S,7734.0000,0.0000,0.0000,0.0000,0.0000,7736.0000,0.0000,0.0000,0.0000,0.0000,2,0,0,0,0,2,0,0,0,0
zc,TA301,2012-06-01 09:01:28.830,7732.0000,61324,0,0.0000,0.0000,0,0,空换,S,7734.0000,0.0000,0.0000,0.0000,0.0000,7736.0000,0.0000,0.0000,0.0000,0.0000,2,0,0,0,0,3,0,0,0,0
zc,TA301,2012-06-01 09:01:29.297,7736.0000,61324,0,0.0000,2.0000,1,1,多换,B,7734.0000,0.0000,0.0000,0.0000,0.0000,7736.0000,0.0000,0.0000,0.0000,0.0000,2,0,0,0,0,2,0,0,0,0
zc,TA301,2012-06-01 09:01:31.047,7736.0000,61324,0,0.0000,2.0000,1,1,多换,B,7734.0000,0.0000,0.0000,0.0000,0.0000,7736.0000,0.0000,0.0000,0.0000,0.0000,2,0,0,0,0,1,0,0,0,0
zc,TA301,2012-06-01 09:01:31.610,7736.0000,61324,0,0.0000,0.0000,0,0,多换,B,7734.0000,0.0000,0.0000,0.0000,0.0000,7736.0000,0.0000,0.0000,0.0000,0.0000,3,0,0,0,0,1,0,0,0,0
zc,TA301,2012-06-01 09:01:32.297,7736.0000,61324,0,0.0000,0.0000,0,0,多换,B,7734.0000,0.0000,0.0000,0.0000,0.0000,7736.0000,0.0000,0.0000,0.0000,0.0000,3,0,0,0,0,2,0,0,0,0
zc,TA301,2012-06-01 09:01:35.830,7736.0000,61324,0,0.0000,0.0000,0,0,多换,B,7734.0000,0.0000,0.0000,0.0000,0.0000,7736.0000,0.0000,0.0000,0.0000,0.0000,2,0,0,0,0,3,0,0,0,0
zc,TA301,2012-06-01 09:01:36.813,7736.0000,61326,2,0.0000,6.0000,4,2,多开,B,7736.0000,0.0000,0.0000,0.0000,0.0000,7738.0000,0.0000,0.0000,0.0000,0.0000,7,0,0,0,0,6,0,0,0,0
zc,TA301,2012-06-01 09:01:38.047,7736.0000,61326,0,0.0000,0.0000,0,0,多换,B,7736.0000,0.0000,0.0000,0.0000,0.0000,7738.0000,0.0000,0.0000,0.0000,0.0000,8,0,0,0,0,6,0,0,0,0
zc,TA301,2012-06-01 09:01:39.297,7736.0000,61326,0,0.0000,0.0000,0,0,多换,B,7736.0000,0.0000,0.0000,0.0000,0.0000,7738.0000,0.0000,0.0000,0.0000,0.0000,13,0,0,0,0,6,0,0,0,0
zc,TA301,2012-06-01 09:01:40.033,7736.0000,61326,0,0.0000,20.0000,10,10,多换,B,7736.0000,0.0000,0.0000,0.0000,0.0000,7738.0000,0.0000,0.0000,0.0000,0.0000,10,0,0,0,0,6,0,0,0,0
zc,TA301,2012-06-01 09:01:41.033,7736.0000,61326,0,0.0000,2.0000,1,1,多换,B,7736.0000,0.0000,0.0000,0.0000,0.0000,7738.0000,0.0000,0.0000,0.0000,0.0000,9,0,0,0,0,6,0,0,0,0
zc,TA301,2012-06-01 09:01:41.767,7736.0000,61326,0,0.0000,0.0000,0,0,多换,B,7736.0000,0.0000,0.0000,0.0000,0.0000,7738.0000,0.0000,0.0000,0.0000,0.0000,10,0,0,0,0,6,0,0,0,0
zc,TA301,2012-06-01 09:01:42.313,7738.0000,61328,2,0.0000,12.0000,7,5,多开,B,7736.0000,0.0000,0.0000,0.0000,0.0000,7738.0000,0.0000,0.0000,0.0000,0.0000,9,0,0,0,0,1,0,0,0,0
zc,TA301,2012-06-01 09:01:43.047,7736.0000,61328,0,0.0000,2.0000,1,1,空换,S,7736.0000,0.0000,0.0000,0.0000,0.0000,7738.0000,0.0000,0.0000,0.0000,0.0000,8,0,0,0,0,1,0,0,0,0
zc,TA301,2012-06-01 09:01:43.610,7736.0000,61328,0,0.0000,0.0000,0,0,空换,S,7736.0000,0.0000,0.0000,0.0000,0.0000,7738.0000,0.0000,0.0000,0.0000,0.0000,8,0,0,0,0,11,0,0,0,0
zc,TA301,2012-06-01 09:01:45.533,7736.0000,61328,0,0.0000,0.0000,0,0,空换,S,7736.0000,0.0000,0.0000,0.0000,0.0000,7738.0000,0.0000,0.0000,0.0000,0.0000,9,0,0,0,0,11,0,0,0,0
zc,TA301,2012-06-01 09:01:46.063,7736.0000,61328,0,0.0000,0.0000,0,0,空换,S,7736.0000,0.0000,0.0000,0.0000,0.0000,7738.0000,0.0000,0.0000,0.0000,0.0000,13,0,0,0,0,12,0,0,0,0
zc,TA301,2012-06-01 09:01:46.830,7734.0000,61346,18,0.0000,32.0000,25,7,空开,S,7732.0000,0.0000,0.0000,0.0000,0.0000,7738.0000,0.0000,0.0000,0.0000,0.0000,7,0,0,0,0,16,0,0,0,0
zc,TA301,2012-06-01 09:01:47.330,7730.0000,61448,102,0.0000,102.0000,102,0,双开,S,7728.0000,0.0000,0.0000,0.0000,0.0000,7730.0000,0.0000,0.0000,0.0000,0.0000,21,0,0,0,0,37,0,0,0,0
zc,TA301,2012-06-01 09:01:48.610,7736.0000,61446,-2,0.0000,8.0000,3,5,空平,B,7728.0000,0.0000,0.0000,0.0000,0.0000,7738.0000,0.0000,0.0000,0.0000,0.0000,22,0,0,0,0,50,0,0,0,0
zc,TA301,2012-06-01 09:01:48.847,7736.0000,61444,-2,0.0000,2.0000,0,2,双平,B,7730.0000,0.0000,0.0000,0.0000,0.0000,7738.0000,0.0000,0.0000,0.0000,0.0000,1,0,0,0,0,16,0,0,0,0
zc,TA301,2012-06-01 09:01:49.597,7736.0000,61444,0,0.0000,0.0000,0,0,多换,B,7730.0000,0.0000,0.0000,0.0000,0.0000,7736.0000,0.0000,0.0000,0.0000,0.0000,1,0,0,0,0,34,0,0,0,0
zc,TA301,2012-06-01 09:01:51.347,7736.0000,61444,0,0.0000,0.0000,0,0,多换,B,7728.0000,0.0000,0.0000,0.0000,0.0000,7736.0000,0.0000,0.0000,0.0000,0.0000,21,0,0,0,0,34,0,0,0,0
zc,TA301,2012-06-01 09:01:51.813,7736.0000,61444,0,0.0000,0.0000,0,0,多换,B,7728.0000,0.0000,0.0000,0.0000,0.0000,7736.0000,0.0000,0.0000,0.0000,0.0000,22,0,0,0,0,34,0,0,0,0
zc,TA301,2012-06-01 09:01:52.597,7736.0000,61446,2,0.0000,2.0000,2,0,双开,B,7730.0000,0.0000,0.0000,0.0000,0.0000,7734.0000,0.0000,0.0000,0.0000,0.0000,1,0,0,0,0,1,0,0,0,0
zc,TA301,2012-06-01 09:01:52.860,7736.0000,61446,0,0.0000,2.0000,1,1,多换,B,7728.0000,0.0000,0.0000,0.0000,0.0000,7736.0000,0.0000,0.0000,0.0000,0.0000,22,0,0,0,0,33,0,0,0,0
zc,TA301,2012-06-01 09:01:53.797,7736.0000,61446,0,0.0000,0.0000,0,0,多换,B,7728.0000,0.0000,0.0000,0.0000,0.0000,7734.0000,0.0000,0.0000,0.0000,0.0000,22,0,0,0,0,25,0,0,0,0
zc,TA301,2012-06-01 09:01:54.063,7736.0000,61446,0,0.0000,0.0000,0,0,多换,B,7728.0000,0.0000,0.0000,0.0000,0.0000,7734.0000,0.0000,0.0000,0.0000,0.0000,22,0,0,0,0,3,0,0,0,0
zc,TA301,2012-06-01 09:01:54.813,7736.0000,61446,0,0.0000,0.0000,0,0,多换,B,7728.0000,0.0000,0.0000,0.0000,0.0000,7734.0000,0.0000,0.0000,0.0000,0.0000,22,0,0,0,0,43,0,0,0,0
zc,TA301,2012-06-01 09:01:55.313,7736.0000,61446,0,0.0000,0.0000,0,0,多换,B,7728.0000,0.0000,0.0000,0.0000,0.0000,7732.0000,0.0000,0.0000,0.0000,0.0000,22,0,0,0,0,1,0,0,0,0
zc,TA301,2012-06-01 09:01:56.547,7736.0000,61446,0,0.0000,0.0000,0,0,多换,B,7730.0000,0.0000,0.0000,0.0000,0.0000,7732.0000,0.0000,0.0000,0.0000,0.0000,2,0,0,0,0,1,0,0,0,0
zc,TA301,2012-06-01 09:01:57.047,7736.0000,61446,0,0.0000,0.0000,0,0,多换,B,7730.0000,0.0000,0.0000,0.0000,0.0000,7732.0000,0.0000,0.0000,0.0000,0.0000,3,0,0,0,0,1,0,0,0,0
zc,TA301,2012-06-01 09:01:57.830,7732.0000,61452,6,0.0000,6.0000,6,0,双开,S,7732.0000,0.0000,0.0000,0.0000,0.0000,7734.0000,0.0000,0.0000,0.0000,0.0000,3,0,0,0,0,10,0,0,0,0
zc,TA301,2012-06-01 09:01:59.347,7734.0000,61452,0,0.0000,2.0000,1,1,多换,B,7732.0000,0.0000,0.0000,0.0000,0.0000,7734.0000,0.0000,0.0000,0.0000,0.0000,3,0,0,0,0,9,0,0,0,0
zc,TA301,2012-06-01 09:02:01.047,7734.0000,61452,0,0.0000,4.0000,2,2,多换,B,7732.0000,0.0000,0.0000,0.0000,0.0000,7734.0000,0.0000,0.0000,0.0000,0.0000,3,0,0,0,0,7,0,0,0,0
zc,TA301,2012-06-01 09:02:02.330,7734.0000,61450,-2,0.0000,2.0000,0,2,双平,B,7732.0000,0.0000,0.0000,0.0000,0.0000,7734.0000,0.0000,0.0000,0.0000,0.0000,3,0,0,0,0,6,0,0,0,0
zc,TA301,2012-06-01 09:02:03.143,7730.0000,61464,14,0.0000,14.0000,14,0,双开,S,7728.0000,0.0000,0.0000,0.0000,0.0000,7730.0000,0.0000,0.0000,0.0000,0.0000,22,0,0,0,0,26,0,0,0,0
zc,TA301,2012-06-01 09:02:03.847,7730.0000,61466,2,0.0000,2.0000,2,0,双开,S,7728.0000,0.0000,0.0000,0.0000,0.0000,7730.0000,0.0000,0.0000,0.0000,0.0000,22,0,0,0,0,25,0,0,0,0
zc,TA301,2012-06-01 09:02:05.080,7728.0000,61508,42,0.0000,50.0000,46,4,空开,S,7726.0000,0.0000,0.0000,0.0000,0.0000,7728.0000,0.0000,0.0000,0.0000,0.0000,29,0,0,0,0,1,0,0,0,0
zc,TA301,2012-06-01 09:02:06.063,7728.0000,61508,0,0.0000,0.0000,0,0,空换,S,7726.0000,0.0000,0.0000,0.0000,0.0000,7730.0000,0.0000,0.0000,0.0000,0.0000,29,0,0,0,0,2,0,0,0,0
zc,TA301,2012-06-01 09:02:06.847,7728.0000,61508,0,0.0000,0.0000,0,0,空换,S,7726.0000,0.0000,0.0000,0.0000,0.0000,7728.0000,0.0000,0.0000,0.0000,0.0000,29,0,0,0,0,1,0,0,0,0
zc,TA301,2012-06-01 09:02:08.393,7728.0000,61508,0,0.0000,0.0000,0,0,空换,S,7726.0000,0.0000,0.0000,0.0000,0.0000,7730.0000,0.0000,0.0000,0.0000,0.0000,29,0,0,0,0,2,0,0,0,0
zc,TA301,2012-06-01 09:02:11.330,7728.0000,61508,0,0.0000,0.0000,0,0,空换,S,7726.0000,0.0000,0.0000,0.0000,0.0000,7730.0000,0.0000,0.0000,0.0000,0.0000,30,0,0,0,0,2,0,0,0,0
zc,TA301,2012-06-01 09:02:12.097,7728.0000,61508,0,0.0000,6.0000,3,3,空换,S,7726.0000,0.0000,0.0000,0.0000,0.0000,7728.0000,0.0000,0.0000,0.0000,0.0000,30,0,0,0,0,3,0,0,0,0
zc,TA301,2012-06-01 09:02:12.533,7728.0000,61508,0,0.0000,0.0000,0,0,空换,S,7726.0000,0.0000,0.0000,0.0000,0.0000,7728.0000,0.0000,0.0000,0.0000,0.0000,45,0,0,0,0,3,0,0,0,0
zc,TA301,2012-06-01 09:02:13.563,7726.0000,61512,4,0.0000,4.0000,4,0,双开,S,7726.0000,0.0000,0.0000,0.0000,0.0000,7730.0000,0.0000,0.0000,0.0000,0.0000,43,0,0,0,0,4,0,0,0,0
zc,TA301,2012-06-01 09:02:14.313,7726.0000,61508,-4,0.0000,6.0000,1,5,多平,S,7726.0000,0.0000,0.0000,0.0000,0.0000,7730.0000,0.0000,0.0000,0.0000,0.0000,40,0,0,0,0,4,0,0,0,0
zc,TA301,2012-06-01 09:02:14.797,7728.0000,61510,2,0.0000,2.0000,2,0,双开,B,7726.0000,0.0000,0.0000,0.0000,0.0000,7730.0000,0.0000,0.0000,0.0000,0.0000,40,0,0,0,0,3,0,0,0,0
zc,TA301,2012-06-01 09:02:15.267,7728.0000,61514,4,0.0000,4.0000,4,0,双开,B,7726.0000,0.0000,0.0000,0.0000,0.0000,7730.0000,0.0000,0.0000,0.0000,0.0000,40,0,0,0,0,2,0,0,0,0
zc,TA301,2012-06-01 09:02:16.080,7730.0000,61518,4,0.0000,14.0000,9,5,多开,B,7730.0000,0.0000,0.0000,0.0000,0.0000,7732.0000,0.0000,0.0000,0.0000,0.0000,13,0,0,0,0,7,0,0,0,0
zc,TA301,2012-06-01 09:02:16.547,7730.0000,61520,2,0.0000,2.0000,2,0,双开,B,7730.0000,0.0000,0.0000,0.0000,0.0000,7732.0000,0.0000,0.0000,0.0000,0.0000,12,0,0,0,0,7,0,0,0,0
zc,TA301,2012-06-01 09:02:17.047,7730.0000,61540,20,0.0000,20.0000,20,0,双开,B,7730.0000,0.0000,0.0000,0.0000,0.0000,7732.0000,0.0000,0.0000,0.0000,0.0000,2,0,0,0,0,13,0,0,0,0
zc,TA301,2012-06-01 09:02:17.563,7730.0000,61546,6,0.0000,6.0000,6,0,双开,B,7726.0000,0.0000,0.0000,0.0000,0.0000,7732.0000,0.0000,0.0000,0.0000,0.0000,36,0,0,0,0,10,0,0,0,0
zc,TA301,2012-06-01 09:02:19.097,7730.0000,61546,0,0.0000,0.0000,0,0,多换,B,7726.0000,0.0000,0.0000,0.0000,0.0000,7732.0000,0.0000,0.0000,0.0000,0.0000,37,0,0,0,0,10,0,0,0,0
zc,TA301,2012-06-01 09:02:20.783,7730.0000,61546,0,0.0000,0.0000,0,0,多换,B,7726.0000,0.0000,0.0000,0.0000,0.0000,7730.0000,0.0000,0.0000,0.0000,0.0000,37,0,0,0,0,1,0,0,0,0
zc,TA301,2012-06-01 09:02:21.297,7726.0000,61546,0,0.0000,2.0000,1,1,空换,S,7726.0000,0.0000,0.0000,0.0000,0.0000,7730.0000,0.0000,0.0000,0.0000,0.0000,36,0,0,0,0,1,0,0,0,0
zc,TA301,2012-06-01 09:02:22.110,7726.0000,61546,0,0.0000,0.0000,0,0,空换,S,7728.0000,0.0000,0.0000,0.0000,0.0000,7730.0000,0.0000,0.0000,0.0000,0.0000,12,0,0,0,0,1,0,0,0,0
zc,TA301,2012-06-01 09:02:23.783,7726.0000,61546,0,0.0000,0.0000,0,0,空换,S,7728.0000,0.0000,0.0000,0.0000,0.0000,7730.0000,0.0000,0.0000,0.0000,0.0000,13,0,0,0,0,1,0,0,0,0
zc,TA301,2012-06-01 09:02:24.797,7728.0000,61548,2,0.0000,2.0000,2,0,双开,B,7728.0000,0.0000,0.0000,0.0000,0.0000,7730.0000,0.0000,0.0000,0.0000,0.0000,12,0,0,0,0,1,0,0,0,0
zc,TA301,2012-06-01 09:02:25.347,7728.0000,61552,4,0.0000,4.0000,4,0,双开,B,7728.0000,0.0000,0.0000,0.0000,0.0000,7730.0000,0.0000,0.0000,0.0000,0.0000,10,0,0,0,0,5,0,0,0,0
zc,TA301,2012-06-01 09:02:26.563,7728.0000,61572,20,0.0000,20.0000,20,0,双开,B,7726.0000,0.0000,0.0000,0.0000,0.0000,7728.0000,0.0000,0.0000,0.0000,0.0000,37,0,0,0,0,40,0,0,0,0
zc,TA301,2012-06-01 09:02:27.080,7728.0000,61576,4,0.0000,4.0000,4,0,双开,B,7726.0000,0.0000,0.0000,0.0000,0.0000,7728.0000,0.0000,0.0000,0.0000,0.0000,37,0,0,0,0,38,0,0,0,0
zc,TA301,2012-06-01 09:02:27.813,7728.0000,61588,12,0.0000,14.0000,13,1,多开,B,7726.0000,0.0000,0.0000,0.0000,0.0000,7728.0000,0.0000,0.0000,0.0000,0.0000,38,0,0,0,0,31,0,0,0,0
zc,TA301,2012-06-01 09:02:28.313,7728.0000,61588,0,0.0000,2.0000,1,1,多换,B,7726.0000,0.0000,0.0000,0.0000,0.0000,7728.0000,0.0000,0.0000,0.0000,0.0000,39,0,0,0,0,30,0,0,0,0
zc,TA301,2012-06-01 09:02:29.110,7728.0000,61590,2,0.0000,2.0000,2,0,双开,B,7726.0000,0.0000,0.0000,0.0000,0.0000,7728.0000,0.0000,0.0000,0.0000,0.0000,39,0,0,0,0,29,0,0,0,0
zc,TA301,2012-06-01 09:02:29.547,7726.0000,61590,0,0.0000,2.0000,1,1,空换,S,7726.0000,0.0000,0.0000,0.0000,0.0000,7728.0000,0.0000,0.0000,0.0000,0.0000,38,0,0,0,0,29,0,0,0,0
zc,TA301,2012-06-01 09:02:30.533,7728.0000,61596,6,0.0000,6.0000,6,0,双开,B,7726.0000,0.0000,0.0000,0.0000,0.0000,7728.0000,0.0000,0.0000,0.0000,0.0000,38,0,0,0,0,26,0,0,0,0
zc,TA301,2012-06-01 09:02:33.097,7728.0000,61598,2,0.0000,2.0000,2,0,双开,B,7726.0000,0.0000,0.0000,0.0000,0.0000,7728.0000,0.0000,0.0000,0.0000,0.0000,38,0,0,0,0,25,0,0,0,0
zc,TA301,2012-06-01 09:02:33.533,7728.0000,61604,6,0.0000,6.0000,6,0,双开,B,7726.0000,0.0000,0.0000,0.0000,0.0000,7728.0000,0.0000,0.0000,0.0000,0.0000,38,0,0,0,0,22,0,0,0,0
zc,TA301,2012-06-01 09:02:34.313,7726.0000,61604,0,0.0000,2.0000,1,1,空换,S,7726.0000,0.0000,0.0000,0.0000,0.0000,7728.0000,0.0000,0.0000,0.0000,0.0000,37,0,0,0,0,22,0,0,0,0
zc,TA301,2012-06-01 09:02:34.847,7728.0000,61606,2,0.0000,6.0000,4,2,多开,B,7726.0000,0.0000,0.0000,0.0000,0.0000,7728.0000,0.0000,0.0000,0.0000,0.0000,35,0,0,0,0,19,0,0,0,0
zc,TA301,2012-06-01 09:02:35.297,7728.0000,61614,8,0.0000,8.0000,8,0,双开,B,7726.0000,0.0000,0.0000,0.0000,0.0000,7728.0000,0.0000,0.0000,0.0000,0.0000,34,0,0,0,0,16,0,0,0,0
zc,TA301,2012-06-01 09:02:36.547,7728.0000,61616,2,0.0000,2.0000,2,0,双开,B,7726.0000,0.0000,0.0000,0.0000,0.0000,7728.0000,0.0000,0.0000,0.0000,0.0000,34,0,0,0,0,15,0,0,0,0
zc,TA301,2012-06-01 09:02:37.860,7726.0000,61616,0,0.0000,2.0000,1,1,空换,S,7726.0000,0.0000,0.0000,0.0000,0.0000,7728.0000,0.0000,0.0000,0.0000,0.0000,33,0,0,0,0,25,0,0,0,0
zc,TA301,2012-06-01 09:02:38.297,7728.0000,61618,2,0.0000,2.0000,2,0,双开,B,7726.0000,0.0000,0.0000,0.0000,0.0000,7728.0000,0.0000,0.0000,0.0000,0.0000,33,0,0,0,0,24,0,0,0,0
zc,TA301,2012-06-01 09:02:38.783,7726.0000,61618,0,0.0000,8.0000,4,4,空换,S,7726.0000,0.0000,0.0000,0.0000,0.0000,7728.0000,0.0000,0.0000,0.0000,0.0000,29,0,0,0,0,24,0,0,0,0
zc,TA301,2012-06-01 09:02:40.097,7726.0000,61620,2,0.0000,2.0000,2,0,双开,S,7726.0000,0.0000,0.0000,0.0000,0.0000,7728.0000,0.0000,0.0000,0.0000,0.0000,28,0,0,0,0,24,0,0,0,0
zc,TA301,2012-06-01 09:02:41.377,7726.0000,61620,0,0.0000,0.0000,0,0,空换,S,7726.0000,0.0000,0.0000,0.0000,0.0000,7728.0000,0.0000,0.0000,0.0000,0.0000,36,0,0,0,0,24,0,0,0,0
zc,TA301,2012-06-01 09:02:41.813,7728.0000,61620,0,0.0000,8.0000,4,4,多换,B,7726.0000,0.0000,0.0000,0.0000,0.0000,7728.0000,0.0000,0.0000,0.0000,0.0000,32,0,0,0,0,20,0,0,0,0
zc,TA301,2012-06-01 09:02:42.407,7728.0000,61610,-10,0.0000,38.0000,14,24,空平,B,7726.0000,0.0000,0.0000,0.0000,0.0000,7728.0000,0.0000,0.0000,0.0000,0.0000,29,0,0,0,0,1,0,0,0,0
zc,TA301,2012-06-01 09:02:43.033,7728.0000,61610,0,0.0000,2.0000,1,1,多换,B,7728.0000,0.0000,0.0000,0.0000,0.0000,7730.0000,0.0000,0.0000,0.0000,0.0000,3,0,0,0,0,18,0,0,0,0
zc,TA301,2012-06-01 09:02:43.610,7728.0000,61610,0,0.0000,2.0000,1,1,多换,B,7728.0000,0.0000,0.0000,0.0000,0.0000,7730.0000,0.0000,0.0000,0.0000,0.0000,2,0,0,0,0,18,0,0,0,0
zc,TA301,2012-06-01 09:02:44.297,7728.0000,61610,0,0.0000,0.0000,0,0,多换,B,7728.0000,0.0000,0.0000,0.0000,0.0000,7730.0000,0.0000,0.0000,0.0000,0.0000,1,0,0,0,0,18,0,0,0,0
zc,TA301,2012-06-01 09:02:47.533,7728.0000,61610,0,0.0000,0.0000,0,0,多换,B,7728.0000,0.0000,0.0000,0.0000,0.0000,7730.0000,0.0000,0.0000,0.0000,0.0000,3,0,0,0,0,18,0,0,0,0
zc,TA301,2012-06-01 09:02:49.517,7728.0000,61610,0,0.0000,0.0000,0,0,多换,B,7728.0000,0.0000,0.0000,0.0000,0.0000,7730.0000,0.0000,0.0000,0.0000,0.0000,4,0,0,0,0,19,0,0,0,0
zc,TA301,2012-06-01 09:02:51.797,7728.0000,61610,0,0.0000,0.0000,0,0,多换,B,7728.0000,0.0000,0.0000,0.0000,0.0000,7730.0000,0.0000,0.0000,0.0000,0.0000,6,0,0,0,0,19,0,0,0,0
zc,TA301,2012-06-01 09:02:52.563,7728.0000,61612,2,0.0000,2.0000,2,0,双开,B,7728.0000,0.0000,0.0000,0.0000,0.0000,7730.0000,0.0000,0.0000,0.0000,0.0000,5,0,0,0,0,19,0,0,0,0
zc,TA301,2012-06-01 09:02:53.127,7730.0000,61620,8,0.0000,20.0000,14,6,多开,B,7726.0000,0.0000,0.0000,0.0000,0.0000,7728.0000,0.0000,0.0000,0.0000,0.0000,30,0,0,0,0,4,0,0,0,0
zc,TA301,2012-06-01 09:02:54.313,7730.0000,61620,0,0.0000,2.0000,1,1,多换,B,7726.0000,0.0000,0.0000,0.0000,0.0000,7730.0000,0.0000,0.0000,0.0000,0.0000,30,0,0,0,0,17,0,0,0,0
zc,TA301,2012-06-01 09:02:54.783,7726.0000,61630,10,0.0000,10.0000,10,0,双开,S,7726.0000,0.0000,0.0000,0.0000,0.0000,7728.0000,0.0000,0.0000,0.0000,0.0000,25,0,0,0,0,1,0,0,0,0
zc,TA301,2012-06-01 09:02:55.533,7728.0000,61632,2,0.0000,2.0000,2,0,双开,B,7726.0000,0.0000,0.0000,0.0000,0.0000,7730.0000,0.0000,0.0000,0.0000,0.0000,25,0,0,0,0,17,0,0,0,0
zc,TA301,2012-06-01 09:02:55.767,7730.0000,61642,10,0.0000,34.0000,22,12,多开,B,7726.0000,0.0000,0.0000,0.0000,0.0000,7730.0000,0.0000,0.0000,0.0000,0.0000,25,0,0,0,0,2,0,0,0,0
zc,TA301,2012-06-01 09:02:57.143,7726.0000,61646,4,0.0000,6.0000,5,1,空开,S,7726.0000,0.0000,0.0000,0.0000,0.0000,7732.0000,0.0000,0.0000,0.0000,0.0000,24,0,0,0,0,41,0,0,0,0
zc,TA301,2012-06-01 09:02:58.097,7726.0000,61646,0,0.0000,0.0000,0,0,空换,S,7726.0000,0.0000,0.0000,0.0000,0.0000,7730.0000,0.0000,0.0000,0.0000,0.0000,24,0,0,0,0,10,0,0,0,0
zc,TA301,2012-06-01 09:02:58.783,7726.0000,61646,0,0.0000,0.0000,0,0,空换,S,7726.0000,0.0000,0.0000,0.0000,0.0000,7730.0000,0.0000,0.0000,0.0000,0.0000,24,0,0,0,0,5,0,0,0,0
zc,TA301,2012-06-01 09:02:59.533,7726.0000,61646,0,0.0000,0.0000,0,0,空换,S,7726.0000,0.0000,0.0000,0.0000,0.0000,7730.0000,0.0000,0.0000,0.0000,0.0000,24,0,0,0,0,9,0,0,0,0
zc,TA301,2012-06-01 09:03:00.080,7726.0000,61646,0,0.0000,0.0000,0,0,空换,S,7726.0000,0.0000,0.0000,0.0000,0.0000,7730.0000,0.0000,0.0000,0.0000,0.0000,24,0,0,0,0,3,0,0,0,0
zc,TA301,2012-06-01 09:03:00.580,7726.0000,61646,0,0.0000,0.0000,0,0,空换,S,7726.0000,0.0000,0.0000,0.0000,0.0000,7728.0000,0.0000,0.0000,0.0000,0.0000,39,0,0,0,0,8,0,0,0,0
zc,TA301,2012-06-01 09:03:01.080,7726.0000,61646,0,0.0000,0.0000,0,0,空换,S,7726.0000,0.0000,0.0000,0.0000,0.0000,7730.0000,0.0000,0.0000,0.0000,0.0000,39,0,0,0,0,11,0,0,0,0
zc,TA301,2012-06-01 09:03:01.797,7726.0000,61646,0,0.0000,0.0000,0,0,空换,S,7726.0000,0.0000,0.0000,0.0000,0.0000,7730.0000,0.0000,0.0000,0.0000,0.0000,39,0,0,0,0,12,0,0,0,0
zc,TA301,2012-06-01 09:03:02.017,7726.0000,61646,0,0.0000,0.0000,0,0,空换,S,7726.0000,0.0000,0.0000,0.0000,0.0000,7728.0000,0.0000,0.0000,0.0000,0.0000,39,0,0,0,0,1,0,0,0,0
zc,TA301,2012-06-01 09:03:04.533,7728.0000,61646,0,0.0000,2.0000,1,1,多换,B,7726.0000,0.0000,0.0000,0.0000,0.0000,7730.0000,0.0000,0.0000,0.0000,0.0000,43,0,0,0,0,13,0,0,0,0
zc,TA301,2012-06-01 09:03:05.033,7726.0000,61646,0,0.0000,4.0000,2,2,空换,S,7726.0000,0.0000,0.0000,0.0000,0.0000,7730.0000,0.0000,0.0000,0.0000,0.0000,41,0,0,0,0,13,0,0,0,0
zc,TA301,2012-06-01 09:03:05.813,7728.0000,61648,2,0.0000,2.0000,2,0,双开,B,7726.0000,0.0000,0.0000,0.0000,0.0000,7728.0000,0.0000,0.0000,0.0000,0.0000,41,0,0,0,0,9,0,0,0,0
zc,TA301,2012-06-01 09:03:08.597,7730.0000,61676,28,0.0000,30.0000,29,1,多开,B,7726.0000,0.0000,0.0000,0.0000,0.0000,7728.0000,0.0000,0.0000,0.0000,0.0000,27,0,0,0,0,4,0,0,0,0
zc,TA301,2012-06-01 09:03:10.063,7728.0000,61732,56,0.0000,56.0000,56,0,双开,S,7724.0000,0.0000,0.0000,0.0000,0.0000,7728.0000,0.0000,0.0000,0.0000,0.0000,19,0,0,0,0,1,0,0,0,0
zc,TA301,2012-06-01 09:03:10.563,7724.0000,61768,36,0.0000,36.0000,36,0,双开,S,7724.0000,0.0000,0.0000,0.0000,0.0000,7726.0000,0.0000,0.0000,0.0000,0.0000,1,0,0,0,0,3,0,0,0,0
zc,TA301,2012-06-01 09:03:11.080,7724.0000,61768,0,0.0000,0.0000,0,0,空换,S,7724.0000,0.0000,0.0000,0.0000,0.0000,7728.0000,0.0000,0.0000,0.0000,0.0000,1,0,0,0,0,3,0,0,0,0
zc,TA301,2012-06-01 09:03:11.563,7726.0000,61772,4,0.0000,4.0000,4,0,双开,B,7722.0000,0.0000,0.0000,0.0000,0.0000,7726.0000,0.0000,0.0000,0.0000,0.0000,5,0,0,0,0,2,0,0,0,0
zc,TA301,2012-06-01 09:03:12.297,7726.0000,61774,2,0.0000,2.0000,2,0,双开,B,7722.0000,0.0000,0.0000,0.0000,0.0000,7726.0000,0.0000,0.0000,0.0000,0.0000,5,0,0,0,0,2,0,0,0,0
zc,TA301,2012-06-01 09:03:12.783,7722.0000,61776,2,0.0000,2.0000,2,0,双开,S,7722.0000,0.0000,0.0000,0.0000,0.0000,7726.0000,0.0000,0.0000,0.0000,0.0000,4,0,0,0,0,5,0,0,0,0
zc,TA301,2012-06-01 09:03:13.313,7722.0000,61776,0,0.0000,0.0000,0,0,空换,S,7722.0000,0.0000,0.0000,0.0000,0.0000,7726.0000,0.0000,0.0000,0.0000,0.0000,4,0,0,0,0,6,0,0,0,0
zc,TA301,2012-06-01 09:03:14.597,7722.0000,61784,8,0.0000,8.0000,8,0,双开,S,7720.0000,0.0000,0.0000,0.0000,0.0000,7722.0000,0.0000,0.0000,0.0000,0.0000,43,0,0,0,0,1,0,0,0,0
zc,TA301,2012-06-01 09:03:15.393,7724.0000,61788,4,0.0000,4.0000,4,0,双开,B,7720.0000,0.0000,0.0000,0.0000,0.0000,7722.0000,0.0000,0.0000,0.0000,0.0000,43,0,0,0,0,8,0,0,0,0
zc,TA301,2012-06-01 09:03:15.783,7722.0000,61792,4,0.0000,4.0000,4,0,双开,S,7720.0000,0.0000,0.0000,0.0000,0.0000,7722.0000,0.0000,0.0000,0.0000,0.0000,42,0,0,0,0,6,0,0,0,0
zc,TA301,2012-06-01 09:03:16.313,7720.0000,61876,84,0.0000,84.0000,84,0,双开,S,7718.0000,0.0000,0.0000,0.0000,0.0000,7722.0000,0.0000,0.0000,0.0000,0.0000,7,0,0,0,0,64,0,0,0,0
zc,TA301,2012-06-01 09:03:16.847,7720.0000,61876,0,0.0000,0.0000,0,0,空换,S,7718.0000,0.0000,0.0000,0.0000,0.0000,7720.0000,0.0000,0.0000,0.0000,0.0000,7,0,0,0,0,65,0,0,0,0
zc,TA301,2012-06-01 09:03:17.610,7720.0000,61902,26,0.0000,26.0000,26,0,双开,S,7716.0000,0.0000,0.0000,0.0000,0.0000,7718.0000,0.0000,0.0000,0.0000,0.0000,8,0,0,0,0,51,0,0,0,0
zc,TA301,2012-06-01 09:03:19.110,7720.0000,61902,0,0.0000,0.0000,0,0,空换,S,7716.0000,0.0000,0.0000,0.0000,0.0000,7720.0000,0.0000,0.0000,0.0000,0.0000,8,0,0,0,0,53,0,0,0,0
zc,TA301,2012-06-01 09:03:19.533,7716.0000,61906,4,0.0000,4.0000,4,0,双开,S,7716.0000,0.0000,0.0000,0.0000,0.0000,7720.0000,0.0000,0.0000,0.0000,0.0000,6,0,0,0,0,53,0,0,0,0
zc,TA301,2012-06-01 09:03:20.797,7716.0000,61906,0,0.0000,0.0000,0,0,空换,S,7716.0000,0.0000,0.0000,0.0000,0.0000,7718.0000,0.0000,0.0000,0.0000,0.0000,6,0,0,0,0,44,0,0,0,0
zc,TA301,2012-06-01 09:03:21.533,7716.0000,61908,2,0.0000,2.0000,2,0,双开,S,7716.0000,0.0000,0.0000,0.0000,0.0000,7718.0000,0.0000,0.0000,0.0000,0.0000,5,0,0,0,0,19,0,0,0,0
zc,TA301,2012-06-01 09:03:21.813,7716.0000,61908,0,0.0000,10.0000,5,5,空换,S,7714.0000,0.0000,0.0000,0.0000,0.0000,7716.0000,0.0000,0.0000,0.0000,0.0000,1,0,0,0,0,17,0,0,0,0
zc,TA301,2012-06-01 09:03:22.533,7716.0000,61908,0,0.0000,6.0000,3,3,空换,S,7714.0000,0.0000,0.0000,0.0000,0.0000,7716.0000,0.0000,0.0000,0.0000,0.0000,1,0,0,0,0,14,0,0,0,0
zc,TA301,2012-06-01 09:03:24.063,7716.0000,61908,0,0.0000,4.0000,2,2,空换,S,7714.0000,0.0000,0.0000,0.0000,0.0000,7716.0000,0.0000,0.0000,0.0000,0.0000,1,0,0,0,0,12,0,0,0,0
zc,TA301,2012-06-01 09:03:25.063,7716.0000,61908,0,0.0000,2.0000,1,1,空换,S,7714.0000,0.0000,0.0000,0.0000,0.0000,7716.0000,0.0000,0.0000,0.0000,0.0000,1,0,0,0,0,11,0,0,0,0
zc,TA301,2012-06-01 09:03:25.813,7714.0000,61910,2,0.0000,22.0000,12,10,空开,S,7712.0000,0.0000,0.0000,0.0000,0.0000,7714.0000,0.0000,0.0000,0.0000,0.0000,20,0,0,0,0,91,0,0,0,0
zc,TA301,2012-06-01 09:03:26.267,7714.0000,61910,0,0.0000,10.0000,5,5,空换,S,7712.0000,0.0000,0.0000,0.0000,0.0000,7714.0000,0.0000,0.0000,0.0000,0.0000,20,0,0,0,0,89,0,0,0,0
zc,TA301,2012-06-01 09:03:26.767,7714.0000,61910,0,0.0000,8.0000,4,4,空换,S,7712.0000,0.0000,0.0000,0.0000,0.0000,7714.0000,0.0000,0.0000,0.0000,0.0000,18,0,0,0,0,90,0,0,0,0
zc,TA301,2012-06-01 09:03:27.267,7714.0000,61910,0,0.0000,20.0000,10,10,空换,S,7712.0000,0.0000,0.0000,0.0000,0.0000,7714.0000,0.0000,0.0000,0.0000,0.0000,18,0,0,0,0,80,0,0,0,0
zc,TA301,2012-06-01 09:03:28.097,7712.0000,61902,-8,0.0000,10.0000,1,9,多平,S,7712.0000,0.0000,0.0000,0.0000,0.0000,7714.0000,0.0000,0.0000,0.0000,0.0000,14,0,0,0,0,81,0,0,0,0
zc,TA301,2012-06-01 09:03:29.297,7714.0000,61902,0,0.0000,42.0000,21,21,多换,B,7712.0000,0.0000,0.0000,0.0000,0.0000,7714.0000,0.0000,0.0000,0.0000,0.0000,14,0,0,0,0,60,0,0,0,0
zc,TA301,2012-06-01 09:03:29.797,7712.0000,61908,6,0.0000,6.0000,6,0,双开,S,7712.0000,0.0000,0.0000,0.0000,0.0000,7714.0000,0.0000,0.0000,0.0000,0.0000,11,0,0,0,0,58,0,0,0,0
zc,TA301,2012-06-01 09:03:30.627,7712.0000,61910,2,0.0000,2.0000,2,0,双开,S,7712.0000,0.0000,0.0000,0.0000,0.0000,7714.0000,0.0000,0.0000,0.0000,0.0000,11,0,0,0,0,81,0,0,0,0
zc,TA301,2012-06-01 09:03:31.080,7712.0000,61910,0,0.0000,2.0000,1,1,空换,S,7712.0000,0.0000,0.0000,0.0000,0.0000,7714.0000,0.0000,0.0000,0.0000,0.0000,10,0,0,0,0,58,0,0,0,0
zc,TA301,2012-06-01 09:03:31.580,7712.0000,61910,0,0.0000,4.0000,2,2,空换,S,7712.0000,0.0000,0.0000,0.0000,0.0000,7714.0000,0.0000,0.0000,0.0000,0.0000,8,0,0,0,0,58,0,0,0,0
zc,TA301,2012-06-01 09:03:32.297,7714.0000,61910,0,0.0000,40.0000,20,20,多换,B,7712.0000,0.0000,0.0000,0.0000,0.0000,7714.0000,0.0000,0.0000,0.0000,0.0000,8,0,0,0,0,38,0,0,0,0
zc,TA301,2012-06-01 09:03:32.767,7712.0000,61910,0,0.0000,6.0000,3,3,空换,S,7712.0000,0.0000,0.0000,0.0000,0.0000,7714.0000,0.0000,0.0000,0.0000,0.0000,5,0,0,0,0,38,0,0,0,0
zc,TA301,2012-06-01 09:03:33.283,7714.0000,61910,0,0.0000,2.0000,1,1,多换,B,7712.0000,0.0000,0.0000,0.0000,0.0000,7714.0000,0.0000,0.0000,0.0000,0.0000,6,0,0,0,0,37,0,0,0,0
zc,TA301,2012-06-01 09:03:34.097,7712.0000,61912,2,0.0000,2.0000,2,0,双开,S,7712.0000,0.0000,0.0000,0.0000,0.0000,7714.0000,0.0000,0.0000,0.0000,0.0000,6,0,0,0,0,37,0,0,0,0
zc,TA301,2012-06-01 09:03:34.580,7714.0000,61912,0,0.0000,4.0000,2,2,多换,B,7712.0000,0.0000,0.0000,0.0000,0.0000,7714.0000,0.0000,0.0000,0.0000,0.0000,6,0,0,0,0,35,0,0,0,0
zc,TA301,2012-06-01 09:03:35.033,7714.0000,61912,0,0.0000,2.0000,1,1,多换,B,7712.0000,0.0000,0.0000,0.0000,0.0000,7714.0000,0.0000,0.0000,0.0000,0.0000,6,0,0,0,0,34,0,0,0,0
zc,TA301,2012-06-01 09:03:35.797,7714.0000,61912,0,0.0000,6.0000,3,3,多换,B,7712.0000,0.0000,0.0000,0.0000,0.0000,7714.0000,0.0000,0.0000,0.0000,0.0000,6,0,0,0,0,31,0,0,0,0
zc,TA301,2012-06-01 09:03:36.347,7712.0000,61890,-22,0.0000,30.0000,4,26,多平,S,7712.0000,0.0000,0.0000,0.0000,0.0000,7714.0000,0.0000,0.0000,0.0000,0.0000,13,0,0,0,0,31,0,0,0,0
zc,TA301,2012-06-01 09:03:37.047,7712.0000,61890,0,0.0000,0.0000,0,0,空换,S,7712.0000,0.0000,0.0000,0.0000,0.0000,7714.0000,0.0000,0.0000,0.0000,0.0000,13,0,0,0,0,94,0,0,0,0
zc,TA301,2012-06-01 09:03:38.047,7712.0000,61890,0,0.0000,26.0000,13,13,空换,S,7710.0000,0.0000,0.0000,0.0000,0.0000,7714.0000,0.0000,0.0000,0.0000,0.0000,26,0,0,0,0,81,0,0,0,0
zc,TA301,2012-06-01 09:03:39.330,7712.0000,61890,0,0.0000,0.0000,0,0,空换,S,7710.0000,0.0000,0.0000,0.0000,0.0000,7712.0000,0.0000,0.0000,0.0000,0.0000,26,0,0,0,0,1,0,0,0,0
zc,TA301,2012-06-01 09:03:40.063,7712.0000,61892,2,0.0000,2.0000,2,0,双开,S,7710.0000,0.0000,0.0000,0.0000,0.0000,7712.0000,0.0000,0.0000,0.0000,0.0000,26,0,0,0,0,51,0,0,0,0
zc,TA301,2012-06-01 09:03:40.563,7712.0000,61884,-8,0.0000,8.0000,0,8,双平,S,7710.0000,0.0000,0.0000,0.0000,0.0000,7712.0000,0.0000,0.0000,0.0000,0.0000,26,0,0,0,0,47,0,0,0,0
zc,TA301,2012-06-01 09:03:41.017,7712.0000,61882,-2,0.0000,4.0000,1,3,多平,S,7710.0000,0.0000,0.0000,0.0000,0.0000,7712.0000,0.0000,0.0000,0.0000,0.0000,27,0,0,0,0,145,0,0,0,0
zc,TA301,2012-06-01 09:03:42.330,7710.0000,61882,0,0.0000,54.0000,27,27,空换,S,7708.0000,0.0000,0.0000,0.0000,0.0000,7710.0000,0.0000,0.0000,0.0000,0.0000,6,0,0,0,0,18,0,0,0,0
zc,TA301,2012-06-01 09:03:42.830,7710.0000,61882,0,0.0000,0.0000,0,0,空换,S,7708.0000,0.0000,0.0000,0.0000,0.0000,7710.0000,0.0000,0.0000,0.0000,0.0000,8,0,0,0,0,18,0,0,0,0
zc,TA301,2012-06-01 09:03:44.033,7710.0000,61882,0,0.0000,4.0000,2,2,空换,S,7708.0000,0.0000,0.0000,0.0000,0.0000,7710.0000,0.0000,0.0000,0.0000,0.0000,8,0,0,0,0,16,0,0,0,0
zc,TA301,2012-06-01 09:03:44.783,7710.0000,61882,0,0.0000,0.0000,0,0,空换,S,7708.0000,0.0000,0.0000,0.0000,0.0000,7710.0000,0.0000,0.0000,0.0000,0.0000,8,0,0,0,0,21,0,0,0,0
zc,TA301,2012-06-01 09:03:45.297,7708.0000,61882,0,0.0000,16.0000,8,8,空换,S,7706.0000,0.0000,0.0000,0.0000,0.0000,7708.0000,0.0000,0.0000,0.0000,0.0000,14,0,0,0,0,2,0,0,0,0
zc,TA301,2012-06-01 09:03:46.127,7708.0000,61882,0,0.0000,2.0000,1,1,空换,S,7706.0000,0.0000,0.0000,0.0000,0.0000,7708.0000,0.0000,0.0000,0.0000,0.0000,14,0,0,0,0,2,0,0,0,0
zc,TA301,2012-06-01 09:03:46.580,7708.0000,61882,0,0.0000,4.0000,2,2,空换,S,7706.0000,0.0000,0.0000,0.0000,0.0000,7708.0000,0.0000,0.0000,0.0000,0.0000,14,0,0,0,0,11,0,0,0,0
zc,TA301,2012-06-01 09:03:48.097,7708.0000,61882,0,0.0000,2.0000,1,1,空换,S,7706.0000,0.0000,0.0000,0.0000,0.0000,7708.0000,0.0000,0.0000,0.0000,0.0000,14,0,0,0,0,1,0,0,0,0
zc,TA301,2012-06-01 09:03:48.547,7708.0000,61884,2,0.0000,4.0000,3,1,空开,S,7706.0000,0.0000,0.0000,0.0000,0.0000,7710.0000,0.0000,0.0000,0.0000,0.0000,13,0,0,0,0,15,0,0,0,0
zc,TA301,2012-06-01 09:03:49.047,7708.0000,61884,0,0.0000,0.0000,0,0,空换,S,7706.0000,0.0000,0.0000,0.0000,0.0000,7710.0000,0.0000,0.0000,0.0000,0.0000,13,0,0,0,0,6,0,0,0,0
zc,TA301,2012-06-01 09:03:49.563,7708.0000,61884,0,0.0000,4.0000,2,2,空换,S,7706.0000,0.0000,0.0000,0.0000,0.0000,7710.0000,0.0000,0.0000,0.0000,0.0000,13,0,0,0,0,6,0,0,0,0
zc,TA301,2012-06-01 09:03:50.347,7708.0000,61884,0,0.0000,0.0000,0,0,空换,S,7708.0000,0.0000,0.0000,0.0000,0.0000,7710.0000,0.0000,0.0000,0.0000,0.0000,1,0,0,0,0,6,0,0,0,0
zc,TA301,2012-06-01 09:03:50.860,7708.0000,61884,0,0.0000,6.0000,3,3,空换,S,7706.0000,0.0000,0.0000,0.0000,0.0000,7710.0000,0.0000,0.0000,0.0000,0.0000,13,0,0,0,0,4,0,0,0,0
zc,TA301,2012-06-01 09:03:51.547,7708.0000,61884,0,0.0000,0.0000,0,0,空换,S,7706.0000,0.0000,0.0000,0.0000,0.0000,7710.0000,0.0000,0.0000,0.0000,0.0000,14,0,0,0,0,8,0,0,0,0
zc,TA301,2012-06-01 09:03:51.797,7708.0000,61884,0,0.0000,2.0000,1,1,空换,S,7706.0000,0.0000,0.0000,0.0000,0.0000,7710.0000,0.0000,0.0000,0.0000,0.0000,14,0,0,0,0,13,0,0,0,0
zc,TA301,2012-06-01 09:03:52.597,7708.0000,61884,0,0.0000,20.0000,10,10,空换,S,7706.0000,0.0000,0.0000,0.0000,0.0000,7708.0000,0.0000,0.0000,0.0000,0.0000,19,0,0,0,0,2,0,0,0,0
zc,TA301,2012-06-01 09:03:53.330,7708.0000,61884,0,0.0000,0.0000,0,0,空换,S,7708.0000,0.0000,0.0000,0.0000,0.0000,7710.0000,0.0000,0.0000,0.0000,0.0000,1,0,0,0,0,12,0,0,0,0
zc,TA301,2012-06-01 09:03:53.847,7708.0000,61884,0,0.0000,10.0000,5,5,空换,S,7706.0000,0.0000,0.0000,0.0000,0.0000,7710.0000,0.0000,0.0000,0.0000,0.0000,19,0,0,0,0,7,0,0,0,0
zc,TA301,2012-06-01 09:03:54.580,7708.0000,61884,0,0.0000,0.0000,0,0,空换,S,7706.0000,0.0000,0.0000,0.0000,0.0000,7708.0000,0.0000,0.0000,0.0000,0.0000,36,0,0,0,0,1,0,0,0,0
zc,TA301,2012-06-01 09:03:54.783,7706.0000,61884,0,0.0000,4.0000,2,2,空换,S,7706.0000,0.0000,0.0000,0.0000,0.0000,7708.0000,0.0000,0.0000,0.0000,0.0000,35,0,0,0,0,5,0,0,0,0
zc,TA301,2012-06-01 09:03:55.580,7706.0000,61884,0,0.0000,4.0000,2,2,空换,S,7706.0000,0.0000,0.0000,0.0000,0.0000,7710.0000,0.0000,0.0000,0.0000,0.0000,33,0,0,0,0,6,0,0,0,0
zc,TA301,2012-06-01 09:03:56.017,7710.0000,61886,2,0.0000,6.0000,4,2,多开,B,7706.0000,0.0000,0.0000,0.0000,0.0000,7710.0000,0.0000,0.0000,0.0000,0.0000,33,0,0,0,0,3,0,0,0,0
zc,TA301,2012-06-01 09:03:56.783,7710.0000,61886,0,0.0000,0.0000,0,0,多换,B,7706.0000,0.0000,0.0000,0.0000,0.0000,7710.0000,0.0000,0.0000,0.0000,0.0000,33,0,0,0,0,4,0,0,0,0
zc,TA301,2012-06-01 09:03:57.330,7710.0000,61886,0,0.0000,0.0000,0,0,多换,B,7706.0000,0.0000,0.0000,0.0000,0.0000,7710.0000,0.0000,0.0000,0.0000,0.0000,34,0,0,0,0,4,0,0,0,0
zc,TA301,2012-06-01 09:03:58.597,7710.0000,61886,0,0.0000,0.0000,0,0,多换,B,7708.0000,0.0000,0.0000,0.0000,0.0000,7710.0000,0.0000,0.0000,0.0000,0.0000,1,0,0,0,0,4,0,0,0,0
zc,TA301,2012-06-01 09:03:59.813,7710.0000,61888,2,0.0000,2.0000,2,0,双开,B,7708.0000,0.0000,0.0000,0.0000,0.0000,7710.0000,0.0000,0.0000,0.0000,0.0000,1,0,0,0,0,8,0,0,0,0
zc,TA301,2012-06-01 09:04:00.330,7710.0000,61890,2,0.0000,4.0000,3,1,多开,B,7706.0000,0.0000,0.0000,0.0000,0.0000,7710.0000,0.0000,0.0000,0.0000,0.0000,38,0,0,0,0,6,0,0,0,0
zc,TA301,2012-06-01 09:04:01.097,7710.0000,61890,0,0.0000,0.0000,0,0,多换,B,7708.0000,0.0000,0.0000,0.0000,0.0000,7710.0000,0.0000,0.0000,0.0000,0.0000,1,0,0,0,0,4,0,0,0,0
zc,TA301,2012-06-01 09:04:01.597,7708.0000,61896,6,0.0000,6.0000,6,0,双开,S,7706.0000,0.0000,0.0000,0.0000,0.0000,7710.0000,0.0000,0.0000,0.0000,0.0000,38,0,0,0,0,6,0,0,0,0
zc,TA301,2012-06-01 09:04:02.563,7710.0000,61900,4,0.0000,4.0000,4,0,双开,B,7706.0000,0.0000,0.0000,0.0000,0.0000,7710.0000,0.0000,0.0000,0.0000,0.0000,39,0,0,0,0,4,0,0,0,0
zc,TA301,2012-06-01 09:04:03.267,7710.0000,61906,6,0.0000,6.0000,6,0,双开,B,7708.0000,0.0000,0.0000,0.0000,0.0000,7710.0000,0.0000,0.0000,0.0000,0.0000,15,0,0,0,0,3,0,0,0,0
zc,TA301,2012-06-01 09:04:03.783,7708.0000,61916,10,0.0000,10.0000,10,0,双开,S,7708.0000,0.0000,0.0000,0.0000,0.0000,7710.0000,0.0000,0.0000,0.0000,0.0000,12,0,0,0,0,3,0,0,0,0
zc,TA301,2012-06-01 09:04:04.547,7708.0000,61916,0,0.0000,0.0000,0,0,空换,S,7708.0000,0.0000,0.0000,0.0000,0.0000,7710.0000,0.0000,0.0000,0.0000,0.0000,14,0,0,0,0,3,0,0,0,0
zc,TA301,2012-06-01 09:04:05.063,7708.0000,61918,2,0.0000,2.0000,2,0,双开,S,7708.0000,0.0000,0.0000,0.0000,0.0000,7710.0000,0.0000,0.0000,0.0000,0.0000,13,0,0,0,0,3,0,0,0,0
zc,TA301,2012-06-01 09:04:05.830,7710.0000,61918,0,0.0000,2.0000,1,1,多换,B,7708.0000,0.0000,0.0000,0.0000,0.0000,7710.0000,0.0000,0.0000,0.0000,0.0000,13,0,0,0,0,2,0,0,0,0
zc,TA301,2012-06-01 09:04:06.313,7710.0000,61918,0,0.0000,0.0000,0,0,多换,B,7708.0000,0.0000,0.0000,0.0000,0.0000,7710.0000,0.0000,0.0000,0.0000,0.0000,14,0,0,0,0,2,0,0,0,0
zc,TA301,2012-06-01 09:04:06.797,7708.0000,61930,12,0.0000,12.0000,12,0,双开,S,7708.0000,0.0000,0.0000,0.0000,0.0000,7710.0000,0.0000,0.0000,0.0000,0.0000,8,0,0,0,0,2,0,0,0,0
zc,TA301,2012-06-01 09:04:07.547,7708.0000,61930,0,0.0000,0.0000,0,0,空换,S,7708.0000,0.0000,0.0000,0.0000,0.0000,7710.0000,0.0000,0.0000,0.0000,0.0000,7,0,0,0,0,2,0,0,0,0
zc,TA301,2012-06-01 09:04:07.813,7710.0000,61928,-2,0.0000,4.0000,1,3,空平,B,7710.0000,0.0000,0.0000,0.0000,0.0000,7712.0000,0.0000,0.0000,0.0000,0.0000,12,0,0,0,0,100,0,0,0,0
zc,TA301,2012-06-01 09:04:08.797,7710.0000,61928,0,0.0000,0.0000,0,0,多换,B,7710.0000,0.0000,0.0000,0.0000,0.0000,7712.0000,0.0000,0.0000,0.0000,0.0000,21,0,0,0,0,101,0,0,0,0
zc,TA301,2012-06-01 09:04:09.313,7710.0000,61928,0,0.0000,0.0000,0,0,多换,B,7710.0000,0.0000,0.0000,0.0000,0.0000,7712.0000,0.0000,0.0000,0.0000,0.0000,23,0,0,0,0,101,0,0,0,0
zc,TA301,2012-06-01 09:04:10.330,7710.0000,61926,-2,0.0000,2.0000,0,2,双平,B,7710.0000,0.0000,0.0000,0.0000,0.0000,7712.0000,0.0000,0.0000,0.0000,0.0000,23,0,0,0,0,101,0,0,0,0
zc,TA301,2012-06-01 09:04:11.597,7710.0000,61948,22,0.0000,44.0000,33,11,多开,B,7708.0000,0.0000,0.0000,0.0000,0.0000,7710.0000,0.0000,0.0000,0.0000,0.0000,9,0,0,0,0,33,0,0,0,0
zc,TA301,2012-06-01 09:04:12.347,7708.0000,61966,18,0.0000,22.0000,20,2,空开,S,7708.0000,0.0000,0.0000,0.0000,0.0000,7710.0000,0.0000,0.0000,0.0000,0.0000,1,0,0,0,0,3,0,0,0,0
zc,TA301,2012-06-01 09:04:12.847,7710.0000,61964,-2,0.0000,4.0000,1,3,空平,B,7708.0000,0.0000,0.0000,0.0000,0.0000,7712.0000,0.0000,0.0000,0.0000,0.0000,10,0,0,0,0,101,0,0,0,0
zc,TA301,2012-06-01 09:04:13.360,7712.0000,61966,2,0.0000,2.0000,2,0,双开,B,7708.0000,0.0000,0.0000,0.0000,0.0000,7710.0000,0.0000,0.0000,0.0000,0.0000,8,0,0,0,0,1,0,0,0,0
zc,TA301,2012-06-01 09:04:14.017,7710.0000,61968,2,0.0000,2.0000,2,0,双开,S,7708.0000,0.0000,0.0000,0.0000,0.0000,7710.0000,0.0000,0.0000,0.0000,0.0000,8,0,0,0,0,1,0,0,0,0
zc,TA301,2012-06-01 09:04:14.563,7710.0000,61968,0,0.0000,0.0000,0,0,空换,S,7708.0000,0.0000,0.0000,0.0000,0.0000,7712.0000,0.0000,0.0000,0.0000,0.0000,9,0,0,0,0,101,0,0,0,0
zc,TA301,2012-06-01 09:04:15.283,7710.0000,61968,0,0.0000,0.0000,0,0,空换,S,7710.0000,0.0000,0.0000,0.0000,0.0000,7712.0000,0.0000,0.0000,0.0000,0.0000,1,0,0,0,0,101,0,0,0,0
zc,TA301,2012-06-01 09:04:15.580,7710.0000,61968,0,0.0000,0.0000,0,0,空换,S,7710.0000,0.0000,0.0000,0.0000,0.0000,7712.0000,0.0000,0.0000,0.0000,0.0000,2,0,0,0,0,101,0,0,0,0
zc,TA301,2012-06-01 09:04:16.297,7710.0000,61970,2,0.0000,2.0000,2,0,双开,S,7710.0000,0.0000,0.0000,0.0000,0.0000,7712.0000,0.0000,0.0000,0.0000,0.0000,1,0,0,0,0,100,0,0,0,0
zc,TA301,2012-06-01 09:04:17.313,7710.0000,61970,0,0.0000,0.0000,0,0,空换,S,7710.0000,0.0000,0.0000,0.0000,0.0000,7712.0000,0.0000,0.0000,0.0000,0.0000,1,0,0,0,0,101,0,0,0,0
zc,TA301,2012-06-01 09:04:18.047,7710.0000,61970,0,0.0000,0.0000,0,0,空换,S,7710.0000,0.0000,0.0000,0.0000,0.0000,7712.0000,0.0000,0.0000,0.0000,0.0000,2,0,0,0,0,101,0,0,0,0
zc,TA301,2012-06-01 09:04:18.580,7710.0000,61972,2,0.0000,4.0000,3,1,空开,S,7708.0000,0.0000,0.0000,0.0000,0.0000,7712.0000,0.0000,0.0000,0.0000,0.0000,23,0,0,0,0,101,0,0,0,0
zc,TA301,2012-06-01 09:04:19.047,7708.0000,61964,-8,0.0000,12.0000,2,10,多平,S,7708.0000,0.0000,0.0000,0.0000,0.0000,7712.0000,0.0000,0.0000,0.0000,0.0000,17,0,0,0,0,101,0,0,0,0
zc,TA301,2012-06-01 09:04:19.627,7708.0000,61964,0,0.0000,0.0000,0,0,空换,S,7708.0000,0.0000,0.0000,0.0000,0.0000,7710.0000,0.0000,0.0000,0.0000,0.0000,17,0,0,0,0,1,0,0,0,0
zc,TA301,2012-06-01 09:04:20.313,7710.0000,61966,2,0.0000,2.0000,2,0,双开,B,7708.0000,0.0000,0.0000,0.0000,0.0000,7710.0000,0.0000,0.0000,0.0000,0.0000,17,0,0,0,0,10,0,0,0,0
zc,TA301,2012-06-01 09:04:20.860,7712.0000,61966,0,0.0000,40.0000,20,20,多换,B,7710.0000,0.0000,0.0000,0.0000,0.0000,7712.0000,0.0000,0.0000,0.0000,0.0000,10,0,0,0,0,90,0,0,0,0
zc,TA301,2012-06-01 09:04:21.597,7710.0000,61988,22,0.0000,22.0000,22,0,双开,S,7710.0000,0.0000,0.0000,0.0000,0.0000,7712.0000,0.0000,0.0000,0.0000,0.0000,21,0,0,0,0,108,0,0,0,0
zc,TA301,2012-06-01 09:04:22.033,7710.0000,61988,0,0.0000,0.0000,0,0,空换,S,7710.0000,0.0000,0.0000,0.0000,0.0000,7712.0000,0.0000,0.0000,0.0000,0.0000,21,0,0,0,0,92,0,0,0,0
zc,TA301,2012-06-01 09:04:22.533,7710.0000,61998,10,0.0000,10.0000,10,0,双开,S,7710.0000,0.0000,0.0000,0.0000,0.0000,7712.0000,0.0000,0.0000,0.0000,0.0000,16,0,0,0,0,81,0,0,0,0
zc,TA301,2012-06-01 09:04:23.297,7710.0000,61998,0,0.0000,0.0000,0,0,空换,S,7710.0000,0.0000,0.0000,0.0000,0.0000,7712.0000,0.0000,0.0000,0.0000,0.0000,19,0,0,0,0,79,0,0,0,0
zc,TA301,2012-06-01 09:04:23.813,7710.0000,61998,0,0.0000,2.0000,1,1,空换,S,7710.0000,0.0000,0.0000,0.0000,0.0000,7712.0000,0.0000,0.0000,0.0000,0.0000,33,0,0,0,0,79,0,0,0,0
zc,TA301,2012-06-01 09:04:25.110,7710.0000,61998,0,0.0000,0.0000,0,0,空换,S,7710.0000,0.0000,0.0000,0.0000,0.0000,7712.0000,0.0000,0.0000,0.0000,0.0000,34,0,0,0,0,79,0,0,0,0
zc,TA301,2012-06-01 09:04:26.813,7712.0000,62000,2,0.0000,14.0000,8,6,多开,B,7710.0000,0.0000,0.0000,0.0000,0.0000,7712.0000,0.0000,0.0000,0.0000,0.0000,34,0,0,0,0,72,0,0,0,0
zc,TA301,2012-06-01 09:04:28.063,7712.0000,62002,2,0.0000,2.0000,2,0,双开,B,7710.0000,0.0000,0.0000,0.0000,0.0000,7712.0000,0.0000,0.0000,0.0000,0.0000,37,0,0,0,0,71,0,0,0,0
zc,TA301,2012-06-01 09:04:28.563,7712.0000,62002,0,0.0000,2.0000,1,1,多换,B,7710.0000,0.0000,0.0000,0.0000,0.0000,7712.0000,0.0000,0.0000,0.0000,0.0000,37,0,0,0,0,70,0,0,0,0
zc,TA301,2012-06-01 09:04:29.033,7712.0000,62002,0,0.0000,0.0000,0,0,多换,B,7710.0000,0.0000,0.0000,0.0000,0.0000,7712.0000,0.0000,0.0000,0.0000,0.0000,23,0,0,0,0,70,0,0,0,0
zc,TA301,2012-06-01 09:04:29.813,7712.0000,62006,4,0.0000,4.0000,4,0,双开,B,7710.0000,0.0000,0.0000,0.0000,0.0000,7712.0000,0.0000,0.0000,0.0000,0.0000,23,0,0,0,0,73,0,0,0,0
zc,TA301,2012-06-01 09:04:30.283,7712.0000,62026,20,0.0000,20.0000,20,0,双开,B,7710.0000,0.0000,0.0000,0.0000,0.0000,7712.0000,0.0000,0.0000,0.0000,0.0000,23,0,0,0,0,63,0,0,0,0
zc,TA301,2012-06-01 09:04:31.047,7712.0000,62026,0,0.0000,0.0000,0,0,多换,B,7710.0000,0.0000,0.0000,0.0000,0.0000,7712.0000,0.0000,0.0000,0.0000,0.0000,73,0,0,0,0,63,0,0,0,0
zc,TA301,2012-06-01 09:04:31.297,7712.0000,62026,0,0.0000,0.0000,0,0,多换,B,7710.0000,0.0000,0.0000,0.0000,0.0000,7712.0000,0.0000,0.0000,0.0000,0.0000,87,0,0,0,0,63,0,0,0,0
zc,TA301,2012-06-01 09:04:32.517,7710.0000,62200,174,0.0000,178.0000,176,2,空开,S,7708.0000,0.0000,0.0000,0.0000,0.0000,7710.0000,0.0000,0.0000,0.0000,0.0000,23,0,0,0,0,11,0,0,0,0
zc,TA301,2012-06-01 09:04:33.783,7710.0000,62202,2,0.0000,2.0000,2,0,双开,S,7708.0000,0.0000,0.0000,0.0000,0.0000,7710.0000,0.0000,0.0000,0.0000,0.0000,23,0,0,0,0,10,0,0,0,0
zc,TA301,2012-06-01 09:04:34.797,7710.0000,62204,2,0.0000,8.0000,5,3,空开,S,7708.0000,0.0000,0.0000,0.0000,0.0000,7710.0000,0.0000,0.0000,0.0000,0.0000,31,0,0,0,0,8,0,0,0,0
zc,TA301,2012-06-01 09:04:35.313,7708.0000,62240,36,0.0000,56.0000,46,10,空开,S,7708.0000,0.0000,0.0000,0.0000,0.0000,7712.0000,0.0000,0.0000,0.0000,0.0000,4,0,0,0,0,63,0,0,0,0
zc,TA301,2012-06-01 09:04:36.547,7710.0000,62242,2,0.0000,4.0000,3,1,多开,B,7710.0000,0.0000,0.0000,0.0000,0.0000,7712.0000,0.0000,0.0000,0.0000,0.0000,4,0,0,0,0,62,0,0,0,0
zc,TA301,2012-06-01 09:04:37.047,7712.0000,62244,2,0.0000,2.0000,2,0,双开,B,7710.0000,0.0000,0.0000,0.0000,0.0000,7712.0000,0.0000,0.0000,0.0000,0.0000,4,0,0,0,0,61,0,0,0,0
zc,TA301,2012-06-01 09:04:39.047,7712.0000,62244,0,0.0000,0.0000,0,0,多换,B,7710.0000,0.0000,0.0000,0.0000,0.0000,7712.0000,0.0000,0.0000,0.0000,0.0000,5,0,0,0,0,61,0,0,0,0
zc,TA301,2012-06-01 09:04:39.533,7710.0000,62244,0,0.0000,8.0000,4,4,空换,S,7710.0000,0.0000,0.0000,0.0000,0.0000,7712.0000,0.0000,0.0000,0.0000,0.0000,1,0,0,0,0,61,0,0,0,0
zc,TA301,2012-06-01 09:04:40.347,7710.0000,62244,0,0.0000,0.0000,0,0,空换,S,7710.0000,0.0000,0.0000,0.0000,0.0000,7712.0000,0.0000,0.0000,0.0000,0.0000,3,0,0,0,0,61,0,0,0,0
zc,TA301,2012-06-01 09:04:40.797,7712.0000,62244,0,0.0000,38.0000,19,19,多换,B,7710.0000,0.0000,0.0000,0.0000,0.0000,7712.0000,0.0000,0.0000,0.0000,0.0000,17,0,0,0,0,42,0,0,0,0
zc,TA301,2012-06-01 09:04:43.033,7712.0000,62244,0,0.0000,4.0000,2,2,多换,B,7710.0000,0.0000,0.0000,0.0000,0.0000,7712.0000,0.0000,0.0000,0.0000,0.0000,20,0,0,0,0,40,0,0,0,0
zc,TA301,2012-06-01 09:04:44.297,7712.0000,62246,2,0.0000,26.0000,14,12,多开,B,7710.0000,0.0000,0.0000,0.0000,0.0000,7712.0000,0.0000,0.0000,0.0000,0.0000,15,0,0,0,0,27,0,0,0,0
zc,TA301,2012-06-01 09:04:44.610,7712.0000,62246,0,0.0000,6.0000,3,3,多换,B,7710.0000,0.0000,0.0000,0.0000,0.0000,7712.0000,0.0000,0.0000,0.0000,0.0000,10,0,0,0,0,24,0,0,0,0
zc,TA301,2012-06-01 09:04:45.267,7712.0000,62248,2,0.0000,2.0000,2,0,双开,B,7710.0000,0.0000,0.0000,0.0000,0.0000,7712.0000,0.0000,0.0000,0.0000,0.0000,10,0,0,0,0,23,0,0,0,0
zc,TA301,2012-06-01 09:04:45.767,7712.0000,62250,2,0.0000,2.0000,2,0,双开,B,7710.0000,0.0000,0.0000,0.0000,0.0000,7712.0000,0.0000,0.0000,0.0000,0.0000,10,0,0,0,0,22,0,0,0,0
zc,TA301,2012-06-01 09:04:46.563,7712.0000,62250,0,0.0000,4.0000,2,2,多换,B,7710.0000,0.0000,0.0000,0.0000,0.0000,7712.0000,0.0000,0.0000,0.0000,0.0000,8,0,0,0,0,20,0,0,0,0
zc,TA301,2012-06-01 09:04:47.143,7712.0000,62250,0,0.0000,2.0000,1,1,多换,B,7710.0000,0.0000,0.0000,0.0000,0.0000,7712.0000,0.0000,0.0000,0.0000,0.0000,20,0,0,0,0,19,0,0,0,0
zc,TA301,2012-06-01 09:04:47.563,7710.0000,62246,-4,0.0000,40.0000,18,22,多平,S,7710.0000,0.0000,0.0000,0.0000,0.0000,7714.0000,0.0000,0.0000,0.0000,0.0000,20,0,0,0,0,53,0,0,0,0
zc,TA301,2012-06-01 09:04:48.330,7710.0000,62246,0,0.0000,0.0000,0,0,空换,S,7710.0000,0.0000,0.0000,0.0000,0.0000,7714.0000,0.0000,0.0000,0.0000,0.0000,20,0,0,0,0,52,0,0,0,0
zc,TA301,2012-06-01 09:04:48.797,7710.0000,62246,0,0.0000,0.0000,0,0,空换,S,7712.0000,0.0000,0.0000,0.0000,0.0000,7714.0000,0.0000,0.0000,0.0000,0.0000,17,0,0,0,0,53,0,0,0,0
zc,TA301,2012-06-01 09:04:49.580,7714.0000,62246,0,0.0000,40.0000,20,20,多换,B,7712.0000,0.0000,0.0000,0.0000,0.0000,7714.0000,0.0000,0.0000,0.0000,0.0000,17,0,0,0,0,34,0,0,0,0
zc,TA301,2012-06-01 09:04:49.830,7714.0000,62246,0,0.0000,0.0000,0,0,多换,B,7712.0000,0.0000,0.0000,0.0000,0.0000,7714.0000,0.0000,0.0000,0.0000,0.0000,22,0,0,0,0,33,0,0,0,0
zc,TA301,2012-06-01 09:04:50.547,7714.0000,62238,-8,0.0000,16.0000,4,12,空平,B,7712.0000,0.0000,0.0000,0.0000,0.0000,7714.0000,0.0000,0.0000,0.0000,0.0000,17,0,0,0,0,25,0,0,0,0
zc,TA301,2012-06-01 09:04:51.080,7714.0000,62240,2,0.0000,2.0000,2,0,双开,B,7712.0000,0.0000,0.0000,0.0000,0.0000,7714.0000,0.0000,0.0000,0.0000,0.0000,32,0,0,0,0,24,0,0,0,0
zc,TA301,2012-06-01 09:04:51.797,7714.0000,62260,20,0.0000,22.0000,21,1,多开,B,7712.0000,0.0000,0.0000,0.0000,0.0000,7714.0000,0.0000,0.0000,0.0000,0.0000,33,0,0,0,0,13,0,0,0,0
zc,TA301,2012-06-01 09:04:52.330,7714.0000,62254,-6,0.0000,26.0000,10,16,空平,B,7712.0000,0.0000,0.0000,0.0000,0.0000,7716.0000,0.0000,0.0000,0.0000,0.0000,33,0,0,0,0,1,0,0,0,0
zc,TA301,2012-06-01 09:04:52.797,7714.0000,62254,0,0.0000,0.0000,0,0,多换,B,7714.0000,0.0000,0.0000,0.0000,0.0000,7718.0000,0.0000,0.0000,0.0000,0.0000,2,0,0,0,0,1,0,0,0,0
zc,TA301,2012-06-01 09:04:54.080,7714.0000,62252,-2,0.0000,2.0000,0,2,双平,B,7714.0000,0.0000,0.0000,0.0000,0.0000,7718.0000,0.0000,0.0000,0.0000,0.0000,1,0,0,0,0,1,0,0,0,0
zc,TA301,2012-06-01 09:04:54.830,7718.0000,62252,0,0.0000,2.0000,1,1,多换,B,7718.0000,0.0000,0.0000,0.0000,0.0000,7720.0000,0.0000,0.0000,0.0000,0.0000,3,0,0,0,0,2,0,0,0,0
zc,TA301,2012-06-01 09:04:55.313,7718.0000,62256,4,0.0000,4.0000,4,0,双开,B,7718.0000,0.0000,0.0000,0.0000,0.0000,7720.0000,0.0000,0.0000,0.0000,0.0000,1,0,0,0,0,1,0,0,0,0
zc,TA301,2012-06-01 09:04:57.097,7718.0000,62256,0,0.0000,0.0000,0,0,多换,B,7718.0000,0.0000,0.0000,0.0000,0.0000,7720.0000,0.0000,0.0000,0.0000,0.0000,2,0,0,0,0,1,0,0,0,0
zc,TA301,2012-06-01 09:04:57.547,7718.0000,62256,0,0.0000,2.0000,1,1,多换,B,7718.0000,0.0000,0.0000,0.0000,0.0000,7720.0000,0.0000,0.0000,0.0000,0.0000,1,0,0,0,0,1,0,0,0,0
zc,TA301,2012-06-01 09:04:58.830,7720.0000,62254,-2,0.0000,2.0000,0,2,双平,B,7718.0000,0.0000,0.0000,0.0000,0.0000,7724.0000,0.0000,0.0000,0.0000,0.0000,10,0,0,0,0,2,0,0,0,0
zc,TA301,2012-06-01 09:04:59.597,7720.0000,62254,0,0.0000,0.0000,0,0,多换,B,7718.0000,0.0000,0.0000,0.0000,0.0000,7724.0000,0.0000,0.0000,0.0000,0.0000,11,0,0,0,0,2,0,0,0,0
zc,TA301,2012-06-01 09:05:00.110,7720.0000,62254,0,0.0000,0.0000,0,0,多换,B,7720.0000,0.0000,0.0000,0.0000,0.0000,7724.0000,0.0000,0.0000,0.0000,0.0000,10,0,0,0,0,2,0,0,0,0
zc,TA301,2012-06-01 09:05:00.563,7720.0000,62254,0,0.0000,0.0000,0,0,多换,B,7720.0000,0.0000,0.0000,0.0000,0.0000,7724.0000,0.0000,0.0000,0.0000,0.0000,12,0,0,0,0,2,0,0,0,0
zc,TA301,2012-06-01 09:05:01.347,7720.0000,62254,0,0.0000,0.0000,0,0,多换,B,7720.0000,0.0000,0.0000,0.0000,0.0000,7724.0000,0.0000,0.0000,0.0000,0.0000,2,0,0,0,0,2,0,0,0,0
zc,TA301,2012-06-01 09:05:03.063,7724.0000,62254,0,0.0000,2.0000,1,1,多换,B,7720.0000,0.0000,0.0000,0.0000,0.0000,7724.0000,0.0000,0.0000,0.0000,0.0000,2,0,0,0,0,2,0,0,0,0
zc,TA301,2012-06-01 09:05:03.597,7720.0000,62238,-16,0.0000,20.0000,2,18,多平,S,7718.0000,0.0000,0.0000,0.0000,0.0000,7720.0000,0.0000,0.0000,0.0000,0.0000,3,0,0,0,0,4,0,0,0,0
zc,TA301,2012-06-01 09:05:04.063,7720.0000,62230,-8,0.0000,8.0000,0,8,双平,S,7718.0000,0.0000,0.0000,0.0000,0.0000,7724.0000,0.0000,0.0000,0.0000,0.0000,9,0,0,0,0,2,0,0,0,0
zc,TA301,2012-06-01 09:05:05.377,7720.0000,62230,0,0.0000,0.0000,0,0,空换,S,7720.0000,0.0000,0.0000,0.0000,0.0000,7724.0000,0.0000,0.0000,0.0000,0.0000,12,0,0,0,0,3,0,0,0,0
zc,TA301,2012-06-01 09:05:06.080,7720.0000,62230,0,0.0000,0.0000,0,0,空换,S,7720.0000,0.0000,0.0000,0.0000,0.0000,7722.0000,0.0000,0.0000,0.0000,0.0000,12,0,0,0,0,3,0,0,0,0
zc,TA301,2012-06-01 09:05:07.080,7720.0000,62230,0,0.0000,10.0000,5,5,空换,S,7720.0000,0.0000,0.0000,0.0000,0.0000,7722.0000,0.0000,0.0000,0.0000,0.0000,9,0,0,0,0,3,0,0,0,0
zc,TA301,2012-06-01 09:05:08.377,7720.0000,62230,0,0.0000,0.0000,0,0,空换,S,7720.0000,0.0000,0.0000,0.0000,0.0000,7722.0000,0.0000,0.0000,0.0000,0.0000,9,0,0,0,0,4,0,0,0,0
zc,TA301,2012-06-01 09:05:09.047,7722.0000,62234,4,0.0000,8.0000,6,2,多开,B,7722.0000,0.0000,0.0000,0.0000,0.0000,7724.0000,0.0000,0.0000,0.0000,0.0000,1,0,0,0,0,3,0,0,0,0
zc,TA301,2012-06-01 09:05:09.297,7722.0000,62234,0,0.0000,0.0000,0,0,多换,B,7722.0000,0.0000,0.0000,0.0000,0.0000,7724.0000,0.0000,0.0000,0.0000,0.0000,1,0,0,0,0,4,0,0,0,0
zc,TA301,2012-06-01 09:05:10.097,7720.0000,62252,18,0.0000,20.0000,19,1,空开,S,7718.0000,0.0000,0.0000,0.0000,0.0000,7722.0000,0.0000,0.0000,0.0000,0.0000,3,0,0,0,0,6,0,0,0,0
zc,TA301,2012-06-01 09:05:10.563,7722.0000,62256,4,0.0000,4.0000,4,0,双开,B,7718.0000,0.0000,0.0000,0.0000,0.0000,7722.0000,0.0000,0.0000,0.0000,0.0000,3,0,0,0,0,4,0,0,0,0
zc,TA301,2012-06-01 09:05:11.347,7722.0000,62256,0,0.0000,4.0000,2,2,多换,B,7718.0000,0.0000,0.0000,0.0000,0.0000,7720.0000,0.0000,0.0000,0.0000,0.0000,3,0,0,0,0,2,0,0,0,0
zc,TA301,2012-06-01 09:05:12.047,7722.0000,62256,0,0.0000,6.0000,3,3,多换,B,7718.0000,0.0000,0.0000,0.0000,0.0000,7720.0000,0.0000,0.0000,0.0000,0.0000,3,0,0,0,0,9,0,0,0,0
zc,TA301,2012-06-01 09:05:12.313,7724.0000,62356,100,0.0000,100.0000,100,0,双开,B,7718.0000,0.0000,0.0000,0.0000,0.0000,7722.0000,0.0000,0.0000,0.0000,0.0000,3,0,0,0,0,3,0,0,0,0
zc,TA301,2012-06-01 09:05:13.063,7724.0000,62356,0,0.0000,0.0000,0,0,多换,B,7720.0000,0.0000,0.0000,0.0000,0.0000,7724.0000,0.0000,0.0000,0.0000,0.0000,1,0,0,0,0,6,0,0,0,0
zc,TA301,2012-06-01 09:05:14.313,7724.0000,62356,0,0.0000,0.0000,0,0,多换,B,7720.0000,0.0000,0.0000,0.0000,0.0000,7722.0000,0.0000,0.0000,0.0000,0.0000,1,0,0,0,0,7,0,0,0,0
zc,TA301,2012-06-01 09:05:14.783,7724.0000,62352,-4,0.0000,4.0000,0,4,双平,B,7720.0000,0.0000,0.0000,0.0000,0.0000,7722.0000,0.0000,0.0000,0.0000,0.0000,1,0,0,0,0,5,0,0,0,0
zc,TA301,2012-06-01 09:05:15.283,7724.0000,62352,0,0.0000,0.0000,0,0,多换,B,7720.0000,0.0000,0.0000,0.0000,0.0000,7722.0000,0.0000,0.0000,0.0000,0.0000,1,0,0,0,0,7,0,0,0,0
zc,TA301,2012-06-01 09:05:15.813,7724.0000,62344,-8,0.0000,8.0000,0,8,双平,B,7720.0000,0.0000,0.0000,0.0000,0.0000,7722.0000,0.0000,0.0000,0.0000,0.0000,1,0,0,0,0,3,0,0,0,0
zc,TA301,2012-06-01 09:05:16.533,7724.0000,62344,0,0.0000,2.0000,1,1,多换,B,7720.0000,0.0000,0.0000,0.0000,0.0000,7722.0000,0.0000,0.0000,0.0000,0.0000,1,0,0,0,0,2,0,0,0,0
zc,TA301,2012-06-01 09:05:19.877,7714.0000,62356,12,0.0000,22.0000,17,5,空开,S,7714.0000,0.0000,0.0000,0.0000,0.0000,7722.0000,0.0000,0.0000,0.0000,0.0000,4,0,0,0,0,3,0,0,0,0
zc,TA301,2012-06-01 09:05:20.533,7714.0000,62356,0,0.0000,0.0000,0,0,空换,S,7714.0000,0.0000,0.0000,0.0000,0.0000,7720.0000,0.0000,0.0000,0.0000,0.0000,4,0,0,0,0,2,0,0,0,0
zc,TA301,2012-06-01 09:05:22.347,7714.0000,62356,0,0.0000,0.0000,0,0,空换,S,7716.0000,0.0000,0.0000,0.0000,0.0000,7720.0000,0.0000,0.0000,0.0000,0.0000,4,0,0,0,0,1,0,0,0,0
zc,TA301,2012-06-01 09:05:23.563,7714.0000,62356,0,0.0000,0.0000,0,0,空换,S,7714.0000,0.0000,0.0000,0.0000,0.0000,7720.0000,0.0000,0.0000,0.0000,0.0000,4,0,0,0,0,2,0,0,0,0
zc,TA301,2012-06-01 09:05:24.097,7720.0000,62360,4,0.0000,8.0000,6,2,多开,B,7714.0000,0.0000,0.0000,0.0000,0.0000,7722.0000,0.0000,0.0000,0.0000,0.0000,4,0,0,0,0,3,0,0,0,0
zc,TA301,2012-06-01 09:05:25.297,7720.0000,62360,0,0.0000,0.0000,0,0,多换,B,7712.0000,0.0000,0.0000,0.0000,0.0000,7720.0000,0.0000,0.0000,0.0000,0.0000,44,0,0,0,0,1,0,0,0,0
zc,TA301,2012-06-01 09:05:25.797,7720.0000,62360,0,0.0000,0.0000,0,0,多换,B,7714.0000,0.0000,0.0000,0.0000,0.0000,7720.0000,0.0000,0.0000,0.0000,0.0000,3,0,0,0,0,1,0,0,0,0
zc,TA301,2012-06-01 09:05:26.347,7720.0000,62360,0,0.0000,0.0000,0,0,多换,B,7714.0000,0.0000,0.0000,0.0000,0.0000,7718.0000,0.0000,0.0000,0.0000,0.0000,3,0,0,0,0,1,0,0,0,0
zc,TA301,2012-06-01 09:05:27.110,7718.0000,62362,2,0.0000,4.0000,3,1,空开,S,7718.0000,0.0000,0.0000,0.0000,0.0000,7720.0000,0.0000,0.0000,0.0000,0.0000,4,0,0,0,0,5,0,0,0,0
zc,TA301,2012-06-01 09:05:27.517,7718.0000,62370,8,0.0000,8.0000,8,0,双开,S,7716.0000,0.0000,0.0000,0.0000,0.0000,7720.0000,0.0000,0.0000,0.0000,0.0000,2,0,0,0,0,1,0,0,0,0
zc,TA301,2012-06-01 09:05:28.063,7716.0000,62374,4,0.0000,4.0000,4,0,双开,S,7714.0000,0.0000,0.0000,0.0000,0.0000,7718.0000,0.0000,0.0000,0.0000,0.0000,2,0,0,0,0,1,0,0,0,0
zc,TA301,2012-06-01 09:05:28.797,7716.0000,62374,0,0.0000,0.0000,0,0,空换,S,7714.0000,0.0000,0.0000,0.0000,0.0000,7720.0000,0.0000,0.0000,0.0000,0.0000,2,0,0,0,0,1,0,0,0,0
zc,TA301,2012-06-01 09:05:29.330,7716.0000,62374,0,0.0000,0.0000,0,0,空换,S,7714.0000,0.0000,0.0000,0.0000,0.0000,7716.0000,0.0000,0.0000,0.0000,0.0000,2,0,0,0,0,1,0,0,0,0
zc,TA301,2012-06-01 09:05:31.080,7716.0000,62374,0,0.0000,0.0000,0,0,空换,S,7714.0000,0.0000,0.0000,0.0000,0.0000,7720.0000,0.0000,0.0000,0.0000,0.0000,2,0,0,0,0,1,0,0,0,0
zc,TA301,2012-06-01 09:05:31.563,7716.0000,62374,0,0.0000,0.0000,0,0,空换,S,7718.0000,0.0000,0.0000,0.0000,0.0000,7720.0000,0.0000,0.0000,0.0000,0.0000,4,0,0,0,0,1,0,0,0,0
zc,TA301,2012-06-01 09:05:32.080,7716.0000,62382,8,0.0000,10.0000,9,1,空开,S,7714.0000,0.0000,0.0000,0.0000,0.0000,7718.0000,0.0000,0.0000,0.0000,0.0000,6,0,0,0,0,2,0,0,0,0
zc,TA301,2012-06-01 09:05:36.047,7716.0000,62382,0,0.0000,0.0000,0,0,空换,S,7714.0000,0.0000,0.0000,0.0000,0.0000,7716.0000,0.0000,0.0000,0.0000,0.0000,6,0,0,0,0,2,0,0,0,0
zc,TA301,2012-06-01 09:05:37.313,7716.0000,62382,0,0.0000,0.0000,0,0,空换,S,7714.0000,0.0000,0.0000,0.0000,0.0000,7716.0000,0.0000,0.0000,0.0000,0.0000,6,0,0,0,0,102,0,0,0,0
zc,TA301,2012-06-01 09:05:43.533,7716.0000,62382,0,0.0000,0.0000,0,0,空换,S,7714.0000,0.0000,0.0000,0.0000,0.0000,7716.0000,0.0000,0.0000,0.0000,0.0000,6,0,0,0,0,103,0,0,0,0
zc,TA301,2012-06-01 09:05:44.750,7714.0000,62394,12,0.0000,12.0000,12,0,双开,S,7712.0000,0.0000,0.0000,0.0000,0.0000,7716.0000,0.0000,0.0000,0.0000,0.0000,45,0,0,0,0,103,0,0,0,0
zc,TA301,2012-06-01 09:05:46.597,7714.0000,62394,0,0.0000,0.0000,0,0,空换,S,7714.0000,0.0000,0.0000,0.0000,0.0000,7716.0000,0.0000,0.0000,0.0000,0.0000,1,0,0,0,0,101,0,0,0,0
zc,TA301,2012-06-01 09:05:47.033,7714.0000,62396,2,0.0000,2.0000,2,0,双开,S,7712.0000,0.0000,0.0000,0.0000,0.0000,7716.0000,0.0000,0.0000,0.0000,0.0000,45,0,0,0,0,101,0,0,0,0
zc,TA301,2012-06-01 09:05:48.017,7712.0000,62398,2,0.0000,2.0000,2,0,双开,S,7712.0000,0.0000,0.0000,0.0000,0.0000,7716.0000,0.0000,0.0000,0.0000,0.0000,44,0,0,0,0,101,0,0,0,0
zc,TA301,2012-06-01 09:05:48.813,7712.0000,62398,0,0.0000,0.0000,0,0,空换,S,7714.0000,0.0000,0.0000,0.0000,0.0000,7716.0000,0.0000,0.0000,0.0000,0.0000,2,0,0,0,0,101,0,0,0,0
zc,TA301,2012-06-01 09:05:50.047,7714.0000,62398,0,0.0000,4.0000,2,2,多换,B,7712.0000,0.0000,0.0000,0.0000,0.0000,7714.0000,0.0000,0.0000,0.0000,0.0000,44,0,0,0,0,3,0,0,0,0
zc,TA301,2012-06-01 09:05:51.047,7714.0000,62398,0,0.0000,0.0000,0,0,多换,B,7712.0000,0.0000,0.0000,0.0000,0.0000,7714.0000,0.0000,0.0000,0.0000,0.0000,44,0,0,0,0,4,0,0,0,0
zc,TA301,2012-06-01 09:05:52.017,7714.0000,62394,-4,0.0000,4.0000,0,4,双平,B,7712.0000,0.0000,0.0000,0.0000,0.0000,7714.0000,0.0000,0.0000,0.0000,0.0000,44,0,0,0,0,2,0,0,0,0
zc,TA301,2012-06-01 09:05:53.313,7712.0000,62396,2,0.0000,2.0000,2,0,双开,S,7712.0000,0.0000,0.0000,0.0000,0.0000,7714.0000,0.0000,0.0000,0.0000,0.0000,43,0,0,0,0,2,0,0,0,0
zc,TA301,2012-06-01 09:05:54.033,7712.0000,62396,0,0.0000,0.0000,0,0,空换,S,7712.0000,0.0000,0.0000,0.0000,0.0000,7714.0000,0.0000,0.0000,0.0000,0.0000,43,0,0,0,0,3,0,0,0,0
zc,TA301,2012-06-01 09:05:56.017,7714.0000,62396,0,0.0000,2.0000,1,1,多换,B,7712.0000,0.0000,0.0000,0.0000,0.0000,7714.0000,0.0000,0.0000,0.0000,0.0000,43,0,0,0,0,2,0,0,0,0
zc,TA301,2012-06-01 09:05:58.313,7714.0000,62394,-2,0.0000,4.0000,1,3,空平,B,7714.0000,0.0000,0.0000,0.0000,0.0000,7720.0000,0.0000,0.0000,0.0000,0.0000,3,0,0,0,0,4,0,0,0,0
zc,TA301,2012-06-01 09:05:59.360,7714.0000,62394,0,0.0000,0.0000,0,0,多换,B,7712.0000,0.0000,0.0000,0.0000,0.0000,7720.0000,0.0000,0.0000,0.0000,0.0000,47,0,0,0,0,4,0,0,0,0
zc,TA301,2012-06-01 09:06:01.893,7714.0000,62394,0,0.0000,0.0000,0,0,多换,B,7712.0000,0.0000,0.0000,0.0000,0.0000,7718.0000,0.0000,0.0000,0.0000,0.0000,43,0,0,0,0,2,0,0,0,0
zc,TA301,2012-06-01 09:06:02.347,7714.0000,62394,0,0.0000,0.0000,0,0,多换,B,7712.0000,0.0000,0.0000,0.0000,0.0000,7720.0000,0.0000,0.0000,0.0000,0.0000,43,0,0,0,0,21,0,0,0,0
zc,TA301,2012-06-01 09:06:03.330,7714.0000,62394,0,0.0000,0.0000,0,0,多换,B,7714.0000,0.0000,0.0000,0.0000,0.0000,7720.0000,0.0000,0.0000,0.0000,0.0000,1,0,0,0,0,22,0,0,0,0
zc,TA301,2012-06-01 09:06:04.080,7714.0000,62394,0,0.0000,0.0000,0,0,多换,B,7714.0000,0.0000,0.0000,0.0000,0.0000,7718.0000,0.0000,0.0000,0.0000,0.0000,1,0,0,0,0,2,0,0,0,0
zc,TA301,2012-06-01 09:06:04.547,7714.0000,62394,0,0.0000,0.0000,0,0,多换,B,7714.0000,0.0000,0.0000,0.0000,0.0000,7718.0000,0.0000,0.0000,0.0000,0.0000,1,0,0,0,0,16,0,0,0,0
zc,TA301,2012-06-01 09:06:07.110,7712.0000,62442,48,0.0000,48.0000,48,0,双开,S,7712.0000,0.0000,0.0000,0.0000,0.0000,7714.0000,0.0000,0.0000,0.0000,0.0000,20,0,0,0,0,26,0,0,0,0
zc,TA301,2012-06-01 09:06:07.547,7712.0000,62482,40,0.0000,40.0000,40,0,双开,S,7712.0000,0.0000,0.0000,0.0000,0.0000,7714.0000,0.0000,0.0000,0.0000,0.0000,1,0,0,0,0,7,0,0,0,0
zc,TA301,2012-06-01 09:06:09.783,7714.0000,62488,6,0.0000,6.0000,6,0,双开,B,7710.0000,0.0000,0.0000,0.0000,0.0000,7714.0000,0.0000,0.0000,0.0000,0.0000,16,0,0,0,0,18,0,0,0,0
zc,TA301,2012-06-01 09:06:10.313,7714.0000,62490,2,0.0000,2.0000,2,0,双开,B,7710.0000,0.0000,0.0000,0.0000,0.0000,7712.0000,0.0000,0.0000,0.0000,0.0000,16,0,0,0,0,2,0,0,0,0
zc,TA301,2012-06-01 09:06:11.047,7712.0000,62692,202,0.0000,202.0000,202,0,双开,S,7710.0000,0.0000,0.0000,0.0000,0.0000,7712.0000,0.0000,0.0000,0.0000,0.0000,16,0,0,0,0,13,0,0,0,0
zc,TA301,2012-06-01 09:06:12.597,7708.0000,62700,8,0.0000,42.0000,25,17,空开,S,7708.0000,0.0000,0.0000,0.0000,0.0000,7710.0000,0.0000,0.0000,0.0000,0.0000,9,0,0,0,0,35,0,0,0,0
zc,TA301,2012-06-01 09:06:13.267,7710.0000,62700,0,0.0000,2.0000,1,1,多换,B,7708.0000,0.0000,0.0000,0.0000,0.0000,7710.0000,0.0000,0.0000,0.0000,0.0000,9,0,0,0,0,34,0,0,0,0
zc,TA301,2012-06-01 09:06:14.250,7708.0000,62706,6,0.0000,6.0000,6,0,双开,S,7708.0000,0.0000,0.0000,0.0000,0.0000,7710.0000,0.0000,0.0000,0.0000,0.0000,6,0,0,0,0,34,0,0,0,0
zc,TA301,2012-06-01 09:06:15.047,7708.0000,62706,0,0.0000,0.0000,0,0,空换,S,7708.0000,0.0000,0.0000,0.0000,0.0000,7712.0000,0.0000,0.0000,0.0000,0.0000,8,0,0,0,0,34,0,0,0,0
zc,TA301,2012-06-01 09:06:15.283,7708.0000,62706,0,0.0000,0.0000,0,0,空换,S,7710.0000,0.0000,0.0000,0.0000,0.0000,7712.0000,0.0000,0.0000,0.0000,0.0000,1,0,0,0,0,34,0,0,0,0
zc,TA301,2012-06-01 09:06:16.563,7708.0000,62706,0,0.0000,0.0000,0,0,空换,S,7710.0000,0.0000,0.0000,0.0000,0.0000,7712.0000,0.0000,0.0000,0.0000,0.0000,5,0,0,0,0,34,0,0,0,0
zc,TA301,2012-06-01 09:06:17.267,7720.0000,62706,0,0.0000,2.0000,1,1,多换,B,7710.0000,0.0000,0.0000,0.0000,0.0000,7712.0000,0.0000,0.0000,0.0000,0.0000,5,0,0,0,0,34,0,0,0,0
zc,TA301,2012-06-01 09:06:17.563,7710.0000,62698,-8,0.0000,10.0000,1,9,多平,S,7708.0000,0.0000,0.0000,0.0000,0.0000,7712.0000,0.0000,0.0000,0.0000,0.0000,8,0,0,0,0,29,0,0,0,0
zc,TA301,2012-06-01 09:06:19.033,7710.0000,62698,0,0.0000,0.0000,0,0,空换,S,7708.0000,0.0000,0.0000,0.0000,0.0000,7712.0000,0.0000,0.0000,0.0000,0.0000,8,0,0,0,0,21,0,0,0,0
zc,TA301,2012-06-01 09:06:19.267,7710.0000,62698,0,0.0000,0.0000,0,0,空换,S,7708.0000,0.0000,0.0000,0.0000,0.0000,7712.0000,0.0000,0.0000,0.0000,0.0000,8,0,0,0,0,44,0,0,0,0
zc,TA301,2012-06-01 09:06:20.000,7710.0000,62698,0,0.0000,0.0000,0,0,空换,S,7708.0000,0.0000,0.0000,0.0000,0.0000,7712.0000,0.0000,0.0000,0.0000,0.0000,8,0,0,0,0,42,0,0,0,0
zc,TA301,2012-06-01 09:06:20.533,7710.0000,62698,0,0.0000,0.0000,0,0,空换,S,7708.0000,0.0000,0.0000,0.0000,0.0000,7712.0000,0.0000,0.0000,0.0000,0.0000,10,0,0,0,0,44,0,0,0,0
zc,TA301,2012-06-01 09:06:21.097,7710.0000,62698,0,0.0000,0.0000,0,0,空换,S,7710.0000,0.0000,0.0000,0.0000,0.0000,7712.0000,0.0000,0.0000,0.0000,0.0000,3,0,0,0,0,15,0,0,0,0
zc,TA301,2012-06-01 09:06:21.563,7708.0000,62712,14,0.0000,40.0000,27,13,空开,S,7708.0000,0.0000,0.0000,0.0000,0.0000,7712.0000,0.0000,0.0000,0.0000,0.0000,8,0,0,0,0,15,0,0,0,0
zc,TA301,2012-06-01 09:06:22.830,7708.0000,62712,0,0.0000,0.0000,0,0,空换,S,7710.0000,0.0000,0.0000,0.0000,0.0000,7712.0000,0.0000,0.0000,0.0000,0.0000,6,0,0,0,0,15,0,0,0,0
zc,TA301,2012-06-01 09:06:23.330,7708.0000,62712,0,0.0000,0.0000,0,0,空换,S,7708.0000,0.0000,0.0000,0.0000,0.0000,7712.0000,0.0000,0.0000,0.0000,0.0000,11,0,0,0,0,15,0,0,0,0
zc,TA301,2012-06-01 09:06:24.033,7708.0000,62712,0,0.0000,0.0000,0,0,空换,S,7710.0000,0.0000,0.0000,0.0000,0.0000,7712.0000,0.0000,0.0000,0.0000,0.0000,1,0,0,0,0,15,0,0,0,0
zc,TA301,2012-06-01 09:06:25.063,7712.0000,62714,2,0.0000,2.0000,2,0,双开,B,7710.0000,0.0000,0.0000,0.0000,0.0000,7712.0000,0.0000,0.0000,0.0000,0.0000,1,0,0,0,0,14,0,0,0,0
zc,TA301,2012-06-01 09:06:26.797,7712.0000,62714,0,0.0000,28.0000,14,14,多换,B,7710.0000,0.0000,0.0000,0.0000,0.0000,7714.0000,0.0000,0.0000,0.0000,0.0000,1,0,0,0,0,23,0,0,0,0
zc,TA301,2012-06-01 09:06:27.283,7712.0000,62714,0,0.0000,0.0000,0,0,多换,B,7710.0000,0.0000,0.0000,0.0000,0.0000,7714.0000,0.0000,0.0000,0.0000,0.0000,1,0,0,0,0,20,0,0,0,0
zc,TA301,2012-06-01 09:06:28.047,7712.0000,62714,0,0.0000,0.0000,0,0,多换,B,7710.0000,0.0000,0.0000,0.0000,0.0000,7712.0000,0.0000,0.0000,0.0000,0.0000,1,0,0,0,0,1,0,0,0,0
zc,TA301,2012-06-01 09:06:29.063,7712.0000,62714,0,0.0000,2.0000,1,1,多换,B,7708.0000,0.0000,0.0000,0.0000,0.0000,7712.0000,0.0000,0.0000,0.0000,0.0000,8,0,0,0,0,1,0,0,0,0
zc,TA301,2012-06-01 09:06:30.063,7712.0000,62714,0,0.0000,2.0000,1,1,多换,B,7708.0000,0.0000,0.0000,0.0000,0.0000,7714.0000,0.0000,0.0000,0.0000,0.0000,8,0,0,0,0,28,0,0,0,0
zc,TA301,2012-06-01 09:06:30.813,7712.0000,62714,0,0.0000,0.0000,0,0,多换,B,7708.0000,0.0000,0.0000,0.0000,0.0000,7712.0000,0.0000,0.0000,0.0000,0.0000,20,0,0,0,0,2,0,0,0,0
zc,TA301,2012-06-01 09:06:31.283,7712.0000,62714,0,0.0000,2.0000,1,1,多换,B,7708.0000,0.0000,0.0000,0.0000,0.0000,7712.0000,0.0000,0.0000,0.0000,0.0000,20,0,0,0,0,28,0,0,0,0
zc,TA301,2012-06-01 09:06:32.017,7712.0000,62714,0,0.0000,0.0000,0,0,多换,B,7708.0000,0.0000,0.0000,0.0000,0.0000,7712.0000,0.0000,0.0000,0.0000,0.0000,19,0,0,0,0,28,0,0,0,0
zc,TA301,2012-06-01 09:06:32.297,7712.0000,62714,0,0.0000,0.0000,0,0,多换,B,7708.0000,0.0000,0.0000,0.0000,0.0000,7712.0000,0.0000,0.0000,0.0000,0.0000,20,0,0,0,0,28,0,0,0,0
zc,TA301,2012-06-01 09:06:33.597,7712.0000,62714,0,0.0000,2.0000,1,1,多换,B,7708.0000,0.0000,0.0000,0.0000,0.0000,7710.0000,0.0000,0.0000,0.0000,0.0000,20,0,0,0,0,27,0,0,0,0
zc,TA301,2012-06-01 09:06:34.283,7710.0000,62714,0,0.0000,8.0000,4,4,空换,S,7708.0000,0.0000,0.0000,0.0000,0.0000,7710.0000,0.0000,0.0000,0.0000,0.0000,6,0,0,0,0,23,0,0,0,0
zc,TA301,2012-06-01 09:06:34.563,7710.0000,62714,0,0.0000,2.0000,1,1,空换,S,7708.0000,0.0000,0.0000,0.0000,0.0000,7710.0000,0.0000,0.0000,0.0000,0.0000,7,0,0,0,0,22,0,0,0,0
zc,TA301,2012-06-01 09:06:35.297,7708.0000,62728,14,0.0000,16.0000,15,1,空开,S,7706.0000,0.0000,0.0000,0.0000,0.0000,7708.0000,0.0000,0.0000,0.0000,0.0000,32,0,0,0,0,7,0,0,0,0
zc,TA301,2012-06-01 09:06:36.563,7708.0000,62730,2,0.0000,2.0000,2,0,双开,S,7706.0000,0.0000,0.0000,0.0000,0.0000,7708.0000,0.0000,0.0000,0.0000,0.0000,32,0,0,0,0,6,0,0,0,0
zc,TA301,2012-06-01 09:06:37.330,7706.0000,62730,0,0.0000,64.0000,32,32,空换,S,7704.0000,0.0000,0.0000,0.0000,0.0000,7706.0000,0.0000,0.0000,0.0000,0.0000,28,0,0,0,0,68,0,0,0,0
zc,TA301,2012-06-01 09:06:37.860,7706.0000,62682,-48,0.0000,84.0000,18,66,多平,S,7704.0000,0.0000,0.0000,0.0000,0.0000,7706.0000,0.0000,0.0000,0.0000,0.0000,30,0,0,0,0,26,0,0,0,0
zc,TA301,2012-06-01 09:06:38.347,7706.0000,62682,0,0.0000,0.0000,0,0,空换,S,7704.0000,0.0000,0.0000,0.0000,0.0000,7706.0000,0.0000,0.0000,0.0000,0.0000,26,0,0,0,0,26,0,0,0,0
zc,TA301,2012-06-01 09:06:39.097,7706.0000,62682,0,0.0000,4.0000,2,2,空换,S,7704.0000,0.0000,0.0000,0.0000,0.0000,7706.0000,0.0000,0.0000,0.0000,0.0000,26,0,0,0,0,24,0,0,0,0
zc,TA301,2012-06-01 09:06:39.563,7706.0000,62682,0,0.0000,0.0000,0,0,空换,S,7704.0000,0.0000,0.0000,0.0000,0.0000,7706.0000,0.0000,0.0000,0.0000,0.0000,30,0,0,0,0,24,0,0,0,0
zc,TA301,2012-06-01 09:06:40.047,7706.0000,62656,-26,0.0000,28.0000,1,27,多平,S,7704.0000,0.0000,0.0000,0.0000,0.0000,7706.0000,0.0000,0.0000,0.0000,0.0000,30,0,0,0,0,10,0,0,0,0
zc,TA301,2012-06-01 09:06:40.783,7706.0000,62640,-16,0.0000,16.0000,0,16,双平,S,7704.0000,0.0000,0.0000,0.0000,0.0000,7706.0000,0.0000,0.0000,0.0000,0.0000,30,0,0,0,0,2,0,0,0,0
zc,TA301,2012-06-01 09:06:41.283,7706.0000,62638,-2,0.0000,2.0000,0,2,双平,S,7704.0000,0.0000,0.0000,0.0000,0.0000,7706.0000,0.0000,0.0000,0.0000,0.0000,29,0,0,0,0,1,0,0,0,0
zc,TA301,2012-06-01 09:06:41.750,7706.0000,62636,-2,0.0000,2.0000,0,2,双平,S,7704.0000,0.0000,0.0000,0.0000,0.0000,7710.0000,0.0000,0.0000,0.0000,0.0000,28,0,0,0,0,1,0,0,0,0
zc,TA301,2012-06-01 09:06:42.813,7706.0000,62636,0,0.0000,0.0000,0,0,空换,S,7706.0000,0.0000,0.0000,0.0000,0.0000,7710.0000,0.0000,0.0000,0.0000,0.0000,2,0,0,0,0,1,0,0,0,0
zc,TA301,2012-06-01 09:06:44.033,7706.0000,62636,0,0.0000,0.0000,0,0,空换,S,7704.0000,0.0000,0.0000,0.0000,0.0000,7710.0000,0.0000,0.0000,0.0000,0.0000,28,0,0,0,0,1,0,0,0,0
zc,TA301,2012-06-01 09:06:44.860,7706.0000,62636,0,0.0000,0.0000,0,0,空换,S,7704.0000,0.0000,0.0000,0.0000,0.0000,7706.0000,0.0000,0.0000,0.0000,0.0000,27,0,0,0,0,1,0,0,0,0
zc,TA301,2012-06-01 09:06:45.830,7706.0000,62636,0,0.0000,2.0000,1,1,空换,S,7704.0000,0.0000,0.0000,0.0000,0.0000,7710.0000,0.0000,0.0000,0.0000,0.0000,28,0,0,0,0,1,0,0,0,0
zc,TA301,2012-06-01 09:06:46.547,7706.0000,62636,0,0.0000,0.0000,0,0,空换,S,7704.0000,0.0000,0.0000,0.0000,0.0000,7710.0000,0.0000,0.0000,0.0000,0.0000,32,0,0,0,0,1,0,0,0,0
zc,TA301,2012-06-01 09:06:47.063,7710.0000,62636,0,0.0000,2.0000,1,1,多换,B,7704.0000,0.0000,0.0000,0.0000,0.0000,7712.0000,0.0000,0.0000,0.0000,0.0000,32,0,0,0,0,21,0,0,0,0
zc,TA301,2012-06-01 09:06:47.797,7710.0000,62636,0,0.0000,0.0000,0,0,多换,B,7706.0000,0.0000,0.0000,0.0000,0.0000,7712.0000,0.0000,0.0000,0.0000,0.0000,2,0,0,0,0,21,0,0,0,0
zc,TA301,2012-06-01 09:06:48.783,7710.0000,62636,0,0.0000,0.0000,0,0,多换,B,7706.0000,0.0000,0.0000,0.0000,0.0000,7712.0000,0.0000,0.0000,0.0000,0.0000,3,0,0,0,0,21,0,0,0,0
zc,TA301,2012-06-01 09:06:49.347,7706.0000,62638,2,0.0000,2.0000,2,0,双开,S,7706.0000,0.0000,0.0000,0.0000,0.0000,7710.0000,0.0000,0.0000,0.0000,0.0000,2,0,0,0,0,10,0,0,0,0
zc,TA301,2012-06-01 09:06:49.797,7706.0000,62638,0,0.0000,0.0000,0,0,空换,S,7706.0000,0.0000,0.0000,0.0000,0.0000,7712.0000,0.0000,0.0000,0.0000,0.0000,2,0,0,0,0,21,0,0,0,0
zc,TA301,2012-06-01 09:06:50.313,7706.0000,62638,0,0.0000,0.0000,0,0,空换,S,7706.0000,0.0000,0.0000,0.0000,0.0000,7708.0000,0.0000,0.0000,0.0000,0.0000,2,0,0,0,0,21,0,0,0,0
zc,TA301,2012-06-01 09:06:51.563,7708.0000,62638,0,0.0000,2.0000,1,1,多换,B,7706.0000,0.0000,0.0000,0.0000,0.0000,7708.0000,0.0000,0.0000,0.0000,0.0000,2,0,0,0,0,20,0,0,0,0
zc,TA301,2012-06-01 09:06:52.000,7708.0000,62638,0,0.0000,0.0000,0,0,多换,B,7706.0000,0.0000,0.0000,0.0000,0.0000,7708.0000,0.0000,0.0000,0.0000,0.0000,2,0,0,0,0,18,0,0,0,0
zc,TA301,2012-06-01 09:06:52.783,7708.0000,62638,0,0.0000,0.0000,0,0,多换,B,7706.0000,0.0000,0.0000,0.0000,0.0000,7708.0000,0.0000,0.0000,0.0000,0.0000,2,0,0,0,0,6,0,0,0,0
zc,TA301,2012-06-01 09:06:53.330,7708.0000,62638,0,0.0000,0.0000,0,0,多换,B,7706.0000,0.0000,0.0000,0.0000,0.0000,7710.0000,0.0000,0.0000,0.0000,0.0000,2,0,0,0,0,20,0,0,0,0
zc,TA301,2012-06-01 09:06:54.297,7706.0000,62638,0,0.0000,4.0000,2,2,空换,S,7704.0000,0.0000,0.0000,0.0000,0.0000,7706.0000,0.0000,0.0000,0.0000,0.0000,34,0,0,0,0,102,0,0,0,0
zc,TA301,2012-06-01 09:06:56.017,7706.0000,62638,0,0.0000,2.0000,1,1,空换,S,7704.0000,0.0000,0.0000,0.0000,0.0000,7706.0000,0.0000,0.0000,0.0000,0.0000,34,0,0,0,0,101,0,0,0,0
zc,TA301,2012-06-01 09:06:57.797,7706.0000,62638,0,0.0000,0.0000,0,0,空换,S,7704.0000,0.0000,0.0000,0.0000,0.0000,7706.0000,0.0000,0.0000,0.0000,0.0000,35,0,0,0,0,101,0,0,0,0
zc,TA301,2012-06-01 09:06:59.063,7706.0000,62640,2,0.0000,4.0000,3,1,空开,S,7704.0000,0.0000,0.0000,0.0000,0.0000,7706.0000,0.0000,0.0000,0.0000,0.0000,35,0,0,0,0,99,0,0,0,0
zc,TA301,2012-06-01 09:07:01.047,7706.0000,62640,0,0.0000,0.0000,0,0,空换,S,7704.0000,0.0000,0.0000,0.0000,0.0000,7706.0000,0.0000,0.0000,0.0000,0.0000,36,0,0,0,0,99,0,0,0,0
zc,TA301,2012-06-01 09:07:01.313,7706.0000,62640,0,0.0000,0.0000,0,0,空换,S,7704.0000,0.0000,0.0000,0.0000,0.0000,7706.0000,0.0000,0.0000,0.0000,0.0000,37,0,0,0,0,101,0,0,0,0
zc,TA301,2012-06-01 09:07:02.063,7706.0000,62660,20,0.0000,20.0000,20,0,双开,S,7704.0000,0.0000,0.0000,0.0000,0.0000,7706.0000,0.0000,0.0000,0.0000,0.0000,38,0,0,0,0,91,0,0,0,0
zc,TA301,2012-06-01 09:07:02.563,7706.0000,62666,6,0.0000,6.0000,6,0,双开,S,7704.0000,0.0000,0.0000,0.0000,0.0000,7706.0000,0.0000,0.0000,0.0000,0.0000,38,0,0,0,0,88,0,0,0,0
zc,TA301,2012-06-01 09:07:03.267,7706.0000,62710,44,0.0000,44.0000,44,0,双开,S,7704.0000,0.0000,0.0000,0.0000,0.0000,7706.0000,0.0000,0.0000,0.0000,0.0000,38,0,0,0,0,66,0,0,0,0
zc,TA301,2012-06-01 09:07:03.547,7706.0000,62710,0,0.0000,92.0000,46,46,空换,S,7704.0000,0.0000,0.0000,0.0000,0.0000,7706.0000,0.0000,0.0000,0.0000,0.0000,37,0,0,0,0,20,0,0,0,0
zc,TA301,2012-06-01 09:07:04.330,7706.0000,62710,0,0.0000,0.0000,0,0,空换,S,7704.0000,0.0000,0.0000,0.0000,0.0000,7706.0000,0.0000,0.0000,0.0000,0.0000,38,0,0,0,0,20,0,0,0,0
zc,TA301,2012-06-01 09:07:04.813,7706.0000,62716,6,0.0000,6.0000,6,0,双开,S,7704.0000,0.0000,0.0000,0.0000,0.0000,7706.0000,0.0000,0.0000,0.0000,0.0000,37,0,0,0,0,18,0,0,0,0
zc,TA301,2012-06-01 09:07:05.517,7706.0000,62716,0,0.0000,10.0000,5,5,空换,S,7704.0000,0.0000,0.0000,0.0000,0.0000,7706.0000,0.0000,0.0000,0.0000,0.0000,37,0,0,0,0,13,0,0,0,0
zc,TA301,2012-06-01 09:07:06.267,7706.0000,62722,6,0.0000,8.0000,7,1,空开,S,7704.0000,0.0000,0.0000,0.0000,0.0000,7706.0000,0.0000,0.0000,0.0000,0.0000,37,0,0,0,0,9,0,0,0,0
zc,TA301,2012-06-01 09:07:06.517,7706.0000,62738,16,0.0000,18.0000,17,1,空开,S,7706.0000,0.0000,0.0000,0.0000,0.0000,7708.0000,0.0000,0.0000,0.0000,0.0000,4,0,0,0,0,1,0,0,0,0
zc,TA301,2012-06-01 09:07:07.830,7706.0000,62738,0,0.0000,0.0000,0,0,空换,S,7704.0000,0.0000,0.0000,0.0000,0.0000,7708.0000,0.0000,0.0000,0.0000,0.0000,38,0,0,0,0,1,0,0,0,0
zc,TA301,2012-06-01 09:07:08.847,7708.0000,62740,2,0.0000,2.0000,2,0,双开,B,7704.0000,0.0000,0.0000,0.0000,0.0000,7710.0000,0.0000,0.0000,0.0000,0.0000,46,0,0,0,0,2,0,0,0,0
zc,TA301,2012-06-01 09:07:09.563,7708.0000,62740,0,0.0000,0.0000,0,0,多换,B,7704.0000,0.0000,0.0000,0.0000,0.0000,7708.0000,0.0000,0.0000,0.0000,0.0000,38,0,0,0,0,1,0,0,0,0
zc,TA301,2012-06-01 09:07:10.767,7708.0000,62742,2,0.0000,2.0000,2,0,双开,B,7704.0000,0.0000,0.0000,0.0000,0.0000,7708.0000,0.0000,0.0000,0.0000,0.0000,39,0,0,0,0,1,0,0,0,0
zc,TA301,2012-06-01 09:07:11.627,7704.0000,62744,2,0.0000,2.0000,2,0,双开,S,7704.0000,0.0000,0.0000,0.0000,0.0000,7706.0000,0.0000,0.0000,0.0000,0.0000,39,0,0,0,0,1,0,0,0,0
zc,TA301,2012-06-01 09:07:12.783,7704.0000,62744,0,0.0000,0.0000,0,0,空换,S,7704.0000,0.0000,0.0000,0.0000,0.0000,7706.0000,0.0000,0.0000,0.0000,0.0000,40,0,0,0,0,1,0,0,0,0
zc,TA301,2012-06-01 09:07:13.097,7706.0000,62746,2,0.0000,2.0000,2,0,双开,B,7704.0000,0.0000,0.0000,0.0000,0.0000,7708.0000,0.0000,0.0000,0.0000,0.0000,40,0,0,0,0,1,0,0,0,0
zc,TA301,2012-06-01 09:07:14.347,7708.0000,62748,2,0.0000,10.0000,6,4,多开,B,7706.0000,0.0000,0.0000,0.0000,0.0000,7708.0000,0.0000,0.0000,0.0000,0.0000,1,0,0,0,0,2,0,0,0,0
zc,TA301,2012-06-01 09:07:15.063,7706.0000,62756,8,0.0000,8.0000,8,0,双开,S,7704.0000,0.0000,0.0000,0.0000,0.0000,7708.0000,0.0000,0.0000,0.0000,0.0000,36,0,0,0,0,3,0,0,0,0
zc,TA301,2012-06-01 09:07:15.610,7706.0000,62758,2,0.0000,2.0000,2,0,双开,S,7704.0000,0.0000,0.0000,0.0000,0.0000,7706.0000,0.0000,0.0000,0.0000,0.0000,36,0,0,0,0,2,0,0,0,0
zc,TA301,2012-06-01 09:07:16.033,7706.0000,62758,0,0.0000,0.0000,0,0,空换,S,7704.0000,0.0000,0.0000,0.0000,0.0000,7706.0000,0.0000,0.0000,0.0000,0.0000,36,0,0,0,0,22,0,0,0,0
zc,TA301,2012-06-01 09:07:16.533,7706.0000,62760,2,0.0000,2.0000,2,0,双开,S,7704.0000,0.0000,0.0000,0.0000,0.0000,7706.0000,0.0000,0.0000,0.0000,0.0000,37,0,0,0,0,21,0,0,0,0
zc,TA301,2012-06-01 09:07:17.297,7704.0000,62762,2,0.0000,2.0000,2,0,双开,S,7704.0000,0.0000,0.0000,0.0000,0.0000,7706.0000,0.0000,0.0000,0.0000,0.0000,36,0,0,0,0,21,0,0,0,0
zc,TA301,2012-06-01 09:07:18.017,7706.0000,62764,2,0.0000,2.0000,2,0,双开,B,7704.0000,0.0000,0.0000,0.0000,0.0000,7706.0000,0.0000,0.0000,0.0000,0.0000,36,0,0,0,0,53,0,0,0,0
zc,TA301,2012-06-01 09:07:18.283,7706.0000,62764,0,0.0000,0.0000,0,0,多换,B,7704.0000,0.0000,0.0000,0.0000,0.0000,7706.0000,0.0000,0.0000,0.0000,0.0000,36,0,0,0,0,60,0,0,0,0
zc,TA301,2012-06-01 09:07:19.047,7704.0000,62764,0,0.0000,18.0000,9,9,空换,S,7704.0000,0.0000,0.0000,0.0000,0.0000,7706.0000,0.0000,0.0000,0.0000,0.0000,27,0,0,0,0,61,0,0,0,0
zc,TA301,2012-06-01 09:07:19.533,7706.0000,62764,0,0.0000,4.0000,2,2,多换,B,7704.0000,0.0000,0.0000,0.0000,0.0000,7706.0000,0.0000,0.0000,0.0000,0.0000,27,0,0,0,0,56,0,0,0,0
zc,TA301,2012-06-01 09:07:20.080,7704.0000,62764,0,0.0000,54.0000,27,27,空换,S,7702.0000,0.0000,0.0000,0.0000,0.0000,7704.0000,0.0000,0.0000,0.0000,0.0000,51,0,0,0,0,39,0,0,0,0
zc,TA301,2012-06-01 09:07:20.750,7704.0000,62764,0,0.0000,2.0000,1,1,空换,S,7702.0000,0.0000,0.0000,0.0000,0.0000,7704.0000,0.0000,0.0000,0.0000,0.0000,51,0,0,0,0,38,0,0,0,0
zc,TA301,2012-06-01 09:07:22.500,7704.0000,62764,0,0.0000,0.0000,0,0,空换,S,7702.0000,0.0000,0.0000,0.0000,0.0000,7704.0000,0.0000,0.0000,0.0000,0.0000,51,0,0,0,0,39,0,0,0,0
zc,TA301,2012-06-01 09:07:23.283,7704.0000,62764,0,0.0000,2.0000,1,1,空换,S,7702.0000,0.0000,0.0000,0.0000,0.0000,7704.0000,0.0000,0.0000,0.0000,0.0000,51,0,0,0,0,38,0,0,0,0
zc,TA301,2012-06-01 09:07:23.783,7702.0000,62784,20,0.0000,54.0000,37,17,空开,S,7702.0000,0.0000,0.0000,0.0000,0.0000,7704.0000,0.0000,0.0000,0.0000,0.0000,25,0,0,0,0,21,0,0,0,0
zc,TA301,2012-06-01 09:07:24.547,7702.0000,62784,0,0.0000,4.0000,2,2,空换,S,7702.0000,0.0000,0.0000,0.0000,0.0000,7704.0000,0.0000,0.0000,0.0000,0.0000,23,0,0,0,0,19,0,0,0,0
zc,TA301,2012-06-01 09:07:25.033,7704.0000,62784,0,0.0000,4.0000,2,2,多换,B,7702.0000,0.0000,0.0000,0.0000,0.0000,7704.0000,0.0000,0.0000,0.0000,0.0000,23,0,0,0,0,17,0,0,0,0
zc,TA301,2012-06-01 09:07:25.797,7702.0000,62792,8,0.0000,10.0000,9,1,空开,S,7702.0000,0.0000,0.0000,0.0000,0.0000,7704.0000,0.0000,0.0000,0.0000,0.0000,18,0,0,0,0,37,0,0,0,0
zc,TA301,2012-06-01 09:07:27.250,7702.0000,62792,0,0.0000,10.0000,5,5,空换,S,7702.0000,0.0000,0.0000,0.0000,0.0000,7704.0000,0.0000,0.0000,0.0000,0.0000,13,0,0,0,0,37,0,0,0,0
zc,TA301,2012-06-01 09:07:28.500,7704.0000,62792,0,0.0000,2.0000,1,1,多换,B,7702.0000,0.0000,0.0000,0.0000,0.0000,7704.0000,0.0000,0.0000,0.0000,0.0000,13,0,0,0,0,37,0,0,0,0
zc,TA301,2012-06-01 09:07:29.000,7702.0000,62792,0,0.0000,2.0000,1,1,空换,S,7702.0000,0.0000,0.0000,0.0000,0.0000,7704.0000,0.0000,0.0000,0.0000,0.0000,12,0,0,0,0,37,0,0,0,0
zc,TA301,2012-06-01 09:07:30.080,7702.0000,62792,0,0.0000,0.0000,0,0,空换,S,7702.0000,0.0000,0.0000,0.0000,0.0000,7704.0000,0.0000,0.0000,0.0000,0.0000,12,0,0,0,0,17,0,0,0,0
zc,TA301,2012-06-01 09:07:30.797,7704.0000,62792,0,0.0000,2.0000,1,1,多换,B,7702.0000,0.0000,0.0000,0.0000,0.0000,7704.0000,0.0000,0.0000,0.0000,0.0000,13,0,0,0,0,16,0,0,0,0
zc,TA301,2012-06-01 09:07:31.313,7704.0000,62792,0,0.0000,0.0000,0,0,多换,B,7702.0000,0.0000,0.0000,0.0000,0.0000,7704.0000,0.0000,0.0000,0.0000,0.0000,12,0,0,0,0,16,0,0,0,0
zc,TA301,2012-06-01 09:07:33.033,7704.0000,62792,0,0.0000,0.0000,0,0,多换,B,7702.0000,0.0000,0.0000,0.0000,0.0000,7704.0000,0.0000,0.0000,0.0000,0.0000,14,0,0,0,0,16,0,0,0,0
zc,TA301,2012-06-01 09:07:33.767,7702.0000,62792,0,0.0000,16.0000,8,8,空换,S,7702.0000,0.0000,0.0000,0.0000,0.0000,7704.0000,0.0000,0.0000,0.0000,0.0000,33,0,0,0,0,9,0,0,0,0
zc,TA301,2012-06-01 09:07:34.313,7704.0000,62790,-2,0.0000,4.0000,1,3,空平,B,7702.0000,0.0000,0.0000,0.0000,0.0000,7704.0000,0.0000,0.0000,0.0000,0.0000,32,0,0,0,0,17,0,0,0,0
zc,TA301,2012-06-01 09:07:35.313,7704.0000,62788,-2,0.0000,4.0000,1,3,空平,B,7702.0000,0.0000,0.0000,0.0000,0.0000,7704.0000,0.0000,0.0000,0.0000,0.0000,32,0,0,0,0,15,0,0,0,0
zc,TA301,2012-06-01 09:07:36.017,7702.0000,62788,0,0.0000,60.0000,30,30,空换,S,7702.0000,0.0000,0.0000,0.0000,0.0000,7704.0000,0.0000,0.0000,0.0000,0.0000,2,0,0,0,0,15,0,0,0,0
zc,TA301,2012-06-01 09:07:36.283,7704.0000,62788,0,0.0000,2.0000,1,1,多换,B,7702.0000,0.0000,0.0000,0.0000,0.0000,7704.0000,0.0000,0.0000,0.0000,0.0000,2,0,0,0,0,36,0,0,0,0
zc,TA301,2012-06-01 09:07:37.517,7704.0000,62788,0,0.0000,4.0000,2,2,多换,B,7702.0000,0.0000,0.0000,0.0000,0.0000,7704.0000,0.0000,0.0000,0.0000,0.0000,2,0,0,0,0,34,0,0,0,0
zc,TA301,2012-06-01 09:07:38.313,7704.0000,62788,0,0.0000,0.0000,0,0,多换,B,7702.0000,0.0000,0.0000,0.0000,0.0000,7704.0000,0.0000,0.0000,0.0000,0.0000,2,0,0,0,0,35,0,0,0,0
zc,TA301,2012-06-01 09:07:38.813,7704.0000,62790,2,0.0000,4.0000,3,1,多开,B,7702.0000,0.0000,0.0000,0.0000,0.0000,7704.0000,0.0000,0.0000,0.0000,0.0000,2,0,0,0,0,33,0,0,0,0
zc,TA301,2012-06-01 09:07:40.017,7704.0000,62790,0,0.0000,0.0000,0,0,多换,B,7702.0000,0.0000,0.0000,0.0000,0.0000,7704.0000,0.0000,0.0000,0.0000,0.0000,3,0,0,0,0,34,0,0,0,0
zc,TA301,2012-06-01 09:07:40.297,7704.0000,62790,0,0.0000,22.0000,11,11,多换,B,7702.0000,0.0000,0.0000,0.0000,0.0000,7704.0000,0.0000,0.0000,0.0000,0.0000,3,0,0,0,0,23,0,0,0,0
zc,TA301,2012-06-01 09:07:41.080,7704.0000,62792,2,0.0000,2.0000,2,0,双开,B,7702.0000,0.0000,0.0000,0.0000,0.0000,7704.0000,0.0000,0.0000,0.0000,0.0000,5,0,0,0,0,21,0,0,0,0
zc,TA301,2012-06-01 09:07:41.533,7704.0000,62794,2,0.0000,2.0000,2,0,双开,B,7702.0000,0.0000,0.0000,0.0000,0.0000,7704.0000,0.0000,0.0000,0.0000,0.0000,5,0,0,0,0,20,0,0,0,0
zc,TA301,2012-06-01 09:07:42.797,7704.0000,62794,0,0.0000,0.0000,0,0,多换,B,7702.0000,0.0000,0.0000,0.0000,0.0000,7704.0000,0.0000,0.0000,0.0000,0.0000,19,0,0,0,0,32,0,0,0,0
zc,TA301,2012-06-01 09:07:43.283,7704.0000,62794,0,0.0000,0.0000,0,0,多换,B,7702.0000,0.0000,0.0000,0.0000,0.0000,7704.0000,0.0000,0.0000,0.0000,0.0000,19,0,0,0,0,31,0,0,0,0
zc,TA301,2012-06-01 09:07:43.847,7704.0000,62794,0,0.0000,0.0000,0,0,多换,B,7702.0000,0.0000,0.0000,0.0000,0.0000,7704.0000,0.0000,0.0000,0.0000,0.0000,19,0,0,0,0,20,0,0,0,0
zc,TA301,2012-06-01 09:07:45.033,7704.0000,62794,0,0.0000,0.0000,0,0,多换,B,7702.0000,0.0000,0.0000,0.0000,0.0000,7704.0000,0.0000,0.0000,0.0000,0.0000,20,0,0,0,0,20,0,0,0,0
zc,TA301,2012-06-01 09:07:45.547,7704.0000,62824,30,0.0000,34.0000,32,2,多开,B,7702.0000,0.0000,0.0000,0.0000,0.0000,7704.0000,0.0000,0.0000,0.0000,0.0000,20,0,0,0,0,3,0,0,0,0
zc,TA301,2012-06-01 09:07:46.783,7704.0000,62826,2,0.0000,8.0000,5,3,多开,B,7702.0000,0.0000,0.0000,0.0000,0.0000,7704.0000,0.0000,0.0000,0.0000,0.0000,18,0,0,0,0,2,0,0,0,0
zc,TA301,2012-06-01 09:07:47.080,7702.0000,62866,40,0.0000,44.0000,42,2,空开,S,7700.0000,0.0000,0.0000,0.0000,0.0000,7702.0000,0.0000,0.0000,0.0000,0.0000,155,0,0,0,0,78,0,0,0,0
