市场代码,合约代码,时间,最新,持仓,增仓,成交额,成交量,开仓,平仓,成交类型,方向,买一价,买二价,买三价,买四价,买五价,卖一价,卖二价,卖三价,卖四价,卖五价,买一量,买二量,买三量,买四量,买五量,卖一量,卖二量,卖三量,卖四量,卖五量
zc,TA304,2012-06-01 07:45:29.563,0.0000,4,0,0.0000,0.0000,0,0,多换,B,0.0000,0.0000,0.0000,0.0000,0.0000,0.0000,0.0000,0.0000,0.0000,0.0000,0,0,0,0,0,0,0,0,0,0
zc,TA304,2012-06-01 07:46:08.330,0.0000,4,0,0.0000,0.0000,0,0,多换,B,0.0000,0.0000,0.0000,0.0000,0.0000,0.0000,0.0000,0.0000,0.0000,0.0000,0,0,0,0,0,0,0,0,0,0
zc,TA304,2012-06-01 07:47:08.330,0.0000,4,0,0.0000,0.0000,0,0,多换,B,0.0000,0.0000,0.0000,0.0000,0.0000,0.0000,0.0000,0.0000,0.0000,0.0000,0,0,0,0,0,0,0,0,0,0
zc,TA304,2012-06-01 07:48:08.313,0.0000,4,0,0.0000,0.0000,0,0,多换,B,0.0000,0.0000,0.0000,0.0000,0.0000,0.0000,0.0000,0.0000,0.0000,0.0000,0,0,0,0,0,0,0,0,0,0
zc,TA304,2012-06-01 07:49:08.313,0.0000,4,0,0.0000,0.0000,0,0,多换,B,0.0000,0.0000,0.0000,0.0000,0.0000,0.0000,0.0000,0.0000,0.0000,0.0000,0,0,0,0,0,0,0,0,0,0
zc,TA304,2012-06-01 07:50:08.313,0.0000,4,0,0.0000,0.0000,0,0,多换,B,0.0000,0.0000,0.0000,0.0000,0.0000,0.0000,0.0000,0.0000,0.0000,0.0000,0,0,0,0,0,0,0,0,0,0
zc,TA304,2012-06-01 07:51:08.313,0.0000,4,0,0.0000,0.0000,0,0,多换,B,0.0000,0.0000,0.0000,0.0000,0.0000,0.0000,0.0000,0.0000,0.0000,0.0000,0,0,0,0,0,0,0,0,0,0
zc,TA304,2012-06-01 07:52:08.313,0.0000,4,0,0.0000,0.0000,0,0,多换,B,0.0000,0.0000,0.0000,0.0000,0.0000,0.0000,0.0000,0.0000,0.0000,0.0000,0,0,0,0,0,0,0,0,0,0
zc,TA304,2012-06-01 07:55:08.313,0.0000,4,0,0.0000,0.0000,0,0,多换,B,0.0000,0.0000,0.0000,0.0000,0.0000,0.0000,0.0000,0.0000,0.0000,0.0000,0,0,0,0,0,0,0,0,0,0
zc,TA304,2012-06-01 07:57:08.313,0.0000,4,0,0.0000,0.0000,0,0,多换,B,0.0000,0.0000,0.0000,0.0000,0.0000,0.0000,0.0000,0.0000,0.0000,0.0000,0,0,0,0,0,0,0,0,0,0
zc,TA304,2012-06-01 07:58:08.313,0.0000,4,0,0.0000,0.0000,0,0,多换,B,0.0000,0.0000,0.0000,0.0000,0.0000,0.0000,0.0000,0.0000,0.0000,0.0000,0,0,0,0,0,0,0,0,0,0
zc,TA304,2012-06-01 08:04:08.297,0.0000,4,0,0.0000,0.0000,0,0,多换,B,0.0000,0.0000,0.0000,0.0000,0.0000,0.0000,0.0000,0.0000,0.0000,0.0000,0,0,0,0,0,0,0,0,0,0
zc,TA304,2012-06-01 08:18:08.283,0.0000,4,0,0.0000,0.0000,0,0,多换,B,0.0000,0.0000,0.0000,0.0000,0.0000,0.0000,0.0000,0.0000,0.0000,0.0000,0,0,0,0,0,0,0,0,0,0
zc,TA304,2012-06-01 08:21:08.283,0.0000,4,0,0.0000,0.0000,0,0,多换,B,0.0000,0.0000,0.0000,0.0000,0.0000,0.0000,0.0000,0.0000,0.0000,0.0000,0,0,0,0,0,0,0,0,0,0
zc,TA304,2012-06-01 08:22:08.283,0.0000,4,0,0.0000,0.0000,0,0,多换,B,0.0000,0.0000,0.0000,0.0000,0.0000,0.0000,0.0000,0.0000,0.0000,0.0000,0,0,0,0,0,0,0,0,0,0
zc,TA304,2012-06-01 08:24:08.283,0.0000,4,0,0.0000,0.0000,0,0,多换,B,0.0000,0.0000,0.0000,0.0000,0.0000,0.0000,0.0000,0.0000,0.0000,0.0000,0,0,0,0,0,0,0,0,0,0
zc,TA304,2012-06-01 08:25:08.283,0.0000,4,0,0.0000,0.0000,0,0,多换,B,0.0000,0.0000,0.0000,0.0000,0.0000,0.0000,0.0000,0.0000,0.0000,0.0000,0,0,0,0,0,0,0,0,0,0
zc,TA304,2012-06-01 08:26:08.283,0.0000,4,0,0.0000,0.0000,0,0,多换,B,0.0000,0.0000,0.0000,0.0000,0.0000,0.0000,0.0000,0.0000,0.0000,0.0000,0,0,0,0,0,0,0,0,0,0
zc,TA304,2012-06-01 08:27:08.283,0.0000,4,0,0.0000,0.0000,0,0,多换,B,0.0000,0.0000,0.0000,0.0000,0.0000,0.0000,0.0000,0.0000,0.0000,0.0000,0,0,0,0,0,0,0,0,0,0
zc,TA304,2012-06-01 08:28:08.283,0.0000,4,0,0.0000,0.0000,0,0,多换,B,0.0000,0.0000,0.0000,0.0000,0.0000,0.0000,0.0000,0.0000,0.0000,0.0000,0,0,0,0,0,0,0,0,0,0
zc,TA304,2012-06-01 08:30:08.283,0.0000,4,0,0.0000,0.0000,0,0,多换,B,0.0000,0.0000,0.0000,0.0000,0.0000,0.0000,0.0000,0.0000,0.0000,0.0000,0,0,0,0,0,0,0,0,0,0
zc,TA304,2012-06-01 08:32:08.283,0.0000,4,0,0.0000,0.0000,0,0,多换,B,0.0000,0.0000,0.0000,0.0000,0.0000,0.0000,0.0000,0.0000,0.0000,0.0000,0,0,0,0,0,0,0,0,0,0
zc,TA304,2012-06-01 08:33:08.267,0.0000,4,0,0.0000,0.0000,0,0,多换,B,0.0000,0.0000,0.0000,0.0000,0.0000,0.0000,0.0000,0.0000,0.0000,0.0000,0,0,0,0,0,0,0,0,0,0
zc,TA304,2012-06-01 08:34:08.267,0.0000,4,0,0.0000,0.0000,0,0,多换,B,0.0000,0.0000,0.0000,0.0000,0.0000,0.0000,0.0000,0.0000,0.0000,0.0000,0,0,0,0,0,0,0,0,0,0
zc,TA304,2012-06-01 08:35:08.267,0.0000,4,0,0.0000,0.0000,0,0,多换,B,0.0000,0.0000,0.0000,0.0000,0.0000,0.0000,0.0000,0.0000,0.0000,0.0000,0,0,0,0,0,0,0,0,0,0
zc,TA304,2012-06-01 08:36:08.267,0.0000,4,0,0.0000,0.0000,0,0,多换,B,0.0000,0.0000,0.0000,0.0000,0.0000,0.0000,0.0000,0.0000,0.0000,0.0000,0,0,0,0,0,0,0,0,0,0
zc,TA304,2012-06-01 08:38:08.267,0.0000,4,0,0.0000,0.0000,0,0,多换,B,0.0000,0.0000,0.0000,0.0000,0.0000,0.0000,0.0000,0.0000,0.0000,0.0000,0,0,0,0,0,0,0,0,0,0
zc,TA304,2012-06-01 08:39:08.267,0.0000,4,0,0.0000,0.0000,0,0,多换,B,0.0000,0.0000,0.0000,0.0000,0.0000,0.0000,0.0000,0.0000,0.0000,0.0000,0,0,0,0,0,0,0,0,0,0
zc,TA304,2012-06-01 08:41:08.267,0.0000,4,0,0.0000,0.0000,0,0,多换,B,0.0000,0.0000,0.0000,0.0000,0.0000,0.0000,0.0000,0.0000,0.0000,0.0000,0,0,0,0,0,0,0,0,0,0
zc,TA304,2012-06-01 08:43:08.267,0.0000,4,0,0.0000,0.0000,0,0,多换,B,0.0000,0.0000,0.0000,0.0000,0.0000,0.0000,0.0000,0.0000,0.0000,0.0000,0,0,0,0,0,0,0,0,0,0
zc,TA304,2012-06-01 08:44:08.267,0.0000,4,0,0.0000,0.0000,0,0,多换,B,0.0000,0.0000,0.0000,0.0000,0.0000,0.0000,0.0000,0.0000,0.0000,0.0000,0,0,0,0,0,0,0,0,0,0
zc,TA304,2012-06-01 08:46:08.250,0.0000,4,0,0.0000,0.0000,0,0,多换,B,0.0000,0.0000,0.0000,0.0000,0.0000,0.0000,0.0000,0.0000,0.0000,0.0000,0,0,0,0,0,0,0,0,0,0
zc,TA304,2012-06-01 08:47:08.250,0.0000,4,0,0.0000,0.0000,0,0,多换,B,0.0000,0.0000,0.0000,0.0000,0.0000,0.0000,0.0000,0.0000,0.0000,0.0000,0,0,0,0,0,0,0,0,0,0
zc,TA304,2012-06-01 08:49:08.250,0.0000,4,0,0.0000,0.0000,0,0,多换,B,0.0000,0.0000,0.0000,0.0000,0.0000,0.0000,0.0000,0.0000,0.0000,0.0000,0,0,0,0,0,0,0,0,0,0
zc,TA304,2012-06-01 08:50:08.250,0.0000,4,0,0.0000,0.0000,0,0,多换,B,0.0000,0.0000,0.0000,0.0000,0.0000,0.0000,0.0000,0.0000,0.0000,0.0000,0,0,0,0,0,0,0,0,0,0
zc,TA304,2012-06-01 08:51:08.250,0.0000,4,0,0.0000,0.0000,0,0,多换,B,0.0000,0.0000,0.0000,0.0000,0.0000,0.0000,0.0000,0.0000,0.0000,0.0000,0,0,0,0,0,0,0,0,0,0
zc,TA304,2012-06-01 08:52:08.250,0.0000,4,0,0.0000,0.0000,0,0,多换,B,0.0000,0.0000,0.0000,0.0000,0.0000,0.0000,0.0000,0.0000,0.0000,0.0000,0,0,0,0,0,0,0,0,0,0
zc,TA304,2012-06-01 08:55:08.250,0.0000,4,0,0.0000,0.0000,0,0,多换,B,0.0000,0.0000,0.0000,0.0000,0.0000,0.0000,0.0000,0.0000,0.0000,0.0000,0,0,0,0,0,0,0,0,0,0
zc,TA304,2012-06-01 08:59:08.237,0.0000,4,0,0.0000,0.0000,0,0,多换,B,0.0000,0.0000,0.0000,0.0000,0.0000,0.0000,0.0000,0.0000,0.0000,0.0000,0,0,0,0,0,0,0,0,0,0
zc,TA304,2012-06-01 09:02:08.267,0.0000,4,0,0.0000,0.0000,0,0,多换,B,0.0000,0.0000,0.0000,0.0000,0.0000,0.0000,0.0000,0.0000,0.0000,0.0000,0,0,0,0,0,0,0,0,0,0
zc,TA304,2012-06-01 09:03:08.267,0.0000,4,0,0.0000,0.0000,0,0,多换,B,0.0000,0.0000,0.0000,0.0000,0.0000,0.0000,0.0000,0.0000,0.0000,0.0000,0,0,0,0,0,0,0,0,0,0
zc,TA304,2012-06-01 09:03:25.830,0.0000,4,0,0.0000,0.0000,0,0,多换,B,7530.0000,0.0000,0.0000,0.0000,0.0000,0.0000,0.0000,0.0000,0.0000,0.0000,1,0,0,0,0,0,0,0,0,0
zc,TA304,2012-06-01 09:03:27.267,0.0000,4,0,0.0000,0.0000,0,0,多换,B,7530.0000,0.0000,0.0000,0.0000,0.0000,8326.0000,0.0000,0.0000,0.0000,0.0000,6,0,0,0,0,6,0,0,0,0
zc,TA304,2012-06-01 09:03:28.097,0.0000,4,0,0.0000,0.0000,0,0,多换,B,7540.0000,0.0000,0.0000,0.0000,0.0000,8326.0000,0.0000,0.0000,0.0000,0.0000,8,0,0,0,0,16,0,0,0,0
zc,TA304,2012-06-01 09:03:29.297,0.0000,4,0,0.0000,0.0000,0,0,多换,B,7540.0000,0.0000,0.0000,0.0000,0.0000,8320.0000,0.0000,0.0000,0.0000,0.0000,8,0,0,0,0,4,0,0,0,0
zc,TA304,2012-06-01 09:03:34.580,0.0000,4,0,0.0000,0.0000,0,0,多换,B,7540.0000,0.0000,0.0000,0.0000,0.0000,8320.0000,0.0000,0.0000,0.0000,0.0000,18,0,0,0,0,4,0,0,0,0
zc,TA304,2012-06-01 09:03:35.047,0.0000,4,0,0.0000,0.0000,0,0,多换,B,7540.0000,0.0000,0.0000,0.0000,0.0000,8320.0000,0.0000,0.0000,0.0000,0.0000,18,0,0,0,0,14,0,0,0,0
zc,TA304,2012-06-01 09:03:35.813,0.0000,4,0,0.0000,0.0000,0,0,多换,B,7540.0000,0.0000,0.0000,0.0000,0.0000,8310.0000,0.0000,0.0000,0.0000,0.0000,22,0,0,0,0,6,0,0,0,0
zc,TA304,2012-06-01 09:03:37.047,0.0000,4,0,0.0000,0.0000,0,0,多换,B,7540.0000,0.0000,0.0000,0.0000,0.0000,8304.0000,0.0000,0.0000,0.0000,0.0000,22,0,0,0,0,4,0,0,0,0
zc,TA304,2012-06-01 09:03:42.347,0.0000,4,0,0.0000,0.0000,0,0,多换,B,7540.0000,0.0000,0.0000,0.0000,0.0000,8304.0000,0.0000,0.0000,0.0000,0.0000,22,0,0,0,0,9,0,0,0,0
zc,TA304,2012-06-01 09:03:43.517,0.0000,4,0,0.0000,0.0000,0,0,多换,B,7540.0000,0.0000,0.0000,0.0000,0.0000,8294.0000,0.0000,0.0000,0.0000,0.0000,22,0,0,0,0,6,0,0,0,0
zc,TA304,2012-06-01 09:03:44.047,0.0000,4,0,0.0000,0.0000,0,0,多换,B,7540.0000,0.0000,0.0000,0.0000,0.0000,8288.0000,0.0000,0.0000,0.0000,0.0000,22,0,0,0,0,4,0,0,0,0
zc,TA304,2012-06-01 09:03:46.597,0.0000,4,0,0.0000,0.0000,0,0,多换,B,7540.0000,0.0000,0.0000,0.0000,0.0000,8068.0000,0.0000,0.0000,0.0000,0.0000,22,0,0,0,0,1,0,0,0,0
zc,TA304,2012-06-01 09:03:49.063,0.0000,4,0,0.0000,0.0000,0,0,多换,B,7540.0000,0.0000,0.0000,0.0000,0.0000,8068.0000,0.0000,0.0000,0.0000,0.0000,22,0,0,0,0,6,0,0,0,0
zc,TA304,2012-06-01 09:03:49.580,0.0000,4,0,0.0000,0.0000,0,0,多换,B,7540.0000,0.0000,0.0000,0.0000,0.0000,8058.0000,0.0000,0.0000,0.0000,0.0000,22,0,0,0,0,6,0,0,0,0
zc,TA304,2012-06-01 09:03:53.877,0.0000,4,0,0.0000,0.0000,0,0,多换,B,7540.0000,0.0000,0.0000,0.0000,0.0000,8058.0000,0.0000,0.0000,0.0000,0.0000,22,0,0,0,0,11,0,0,0,0
zc,TA304,2012-06-01 09:03:56.033,0.0000,4,0,0.0000,0.0000,0,0,多换,B,7540.0000,0.0000,0.0000,0.0000,0.0000,8058.0000,0.0000,0.0000,0.0000,0.0000,22,0,0,0,0,16,0,0,0,0
zc,TA304,2012-06-01 09:04:03.783,0.0000,4,0,0.0000,0.0000,0,0,多换,B,7540.0000,0.0000,0.0000,0.0000,0.0000,8028.0000,0.0000,0.0000,0.0000,0.0000,22,0,0,0,0,1,0,0,0,0
zc,TA304,2012-06-01 09:04:06.330,0.0000,4,0,0.0000,0.0000,0,0,多换,B,7540.0000,0.0000,0.0000,0.0000,0.0000,8018.0000,0.0000,0.0000,0.0000,0.0000,22,0,0,0,0,6,0,0,0,0
zc,TA304,2012-06-01 09:04:08.267,0.0000,4,0,0.0000,0.0000,0,0,多换,B,7540.0000,0.0000,0.0000,0.0000,0.0000,8018.0000,0.0000,0.0000,0.0000,0.0000,22,0,0,0,0,6,0,0,0,0
zc,TA304,2012-06-01 09:04:11.047,0.0000,4,0,0.0000,0.0000,0,0,多换,B,7590.0000,0.0000,0.0000,0.0000,0.0000,8018.0000,0.0000,0.0000,0.0000,0.0000,1,0,0,0,0,6,0,0,0,0
zc,TA304,2012-06-01 09:04:12.360,0.0000,4,0,0.0000,0.0000,0,0,多换,B,7590.0000,0.0000,0.0000,0.0000,0.0000,8018.0000,0.0000,0.0000,0.0000,0.0000,1,0,0,0,0,11,0,0,0,0
zc,TA304,2012-06-01 09:04:13.377,0.0000,4,0,0.0000,0.0000,0,0,多换,B,7600.0000,0.0000,0.0000,0.0000,0.0000,8018.0000,0.0000,0.0000,0.0000,0.0000,8,0,0,0,0,11,0,0,0,0
zc,TA304,2012-06-01 09:04:14.033,0.0000,4,0,0.0000,0.0000,0,0,多换,B,7600.0000,0.0000,0.0000,0.0000,0.0000,8018.0000,0.0000,0.0000,0.0000,0.0000,8,0,0,0,0,16,0,0,0,0
zc,TA304,2012-06-01 09:04:20.313,0.0000,4,0,0.0000,0.0000,0,0,多换,B,7600.0000,0.0000,0.0000,0.0000,0.0000,8018.0000,0.0000,0.0000,0.0000,0.0000,18,0,0,0,0,16,0,0,0,0
zc,TA304,2012-06-01 09:05:08.267,0.0000,4,0,0.0000,0.0000,0,0,多换,B,7600.0000,0.0000,0.0000,0.0000,0.0000,8018.0000,0.0000,0.0000,0.0000,0.0000,18,0,0,0,0,16,0,0,0,0
zc,TA304,2012-06-01 09:05:28.080,0.0000,4,0,0.0000,0.0000,0,0,多换,B,7600.0000,0.0000,0.0000,0.0000,0.0000,8016.0000,0.0000,0.0000,0.0000,0.0000,18,0,0,0,0,1,0,0,0,0
zc,TA304,2012-06-01 09:05:29.767,0.0000,4,0,0.0000,0.0000,0,0,多换,B,7600.0000,0.0000,0.0000,0.0000,0.0000,8006.0000,0.0000,0.0000,0.0000,0.0000,18,0,0,0,0,6,0,0,0,0
zc,TA304,2012-06-01 09:05:36.047,0.0000,4,0,0.0000,0.0000,0,0,多换,B,7600.0000,0.0000,0.0000,0.0000,0.0000,8006.0000,0.0000,0.0000,0.0000,0.0000,18,0,0,0,0,11,0,0,0,0
zc,TA304,2012-06-01 09:05:37.813,0.0000,4,0,0.0000,0.0000,0,0,多换,B,7600.0000,0.0000,0.0000,0.0000,0.0000,8006.0000,0.0000,0.0000,0.0000,0.0000,18,0,0,0,0,16,0,0,0,0
zc,TA304,2012-06-01 09:06:08.237,0.0000,4,0,0.0000,0.0000,0,0,多换,B,7600.0000,0.0000,0.0000,0.0000,0.0000,8006.0000,0.0000,0.0000,0.0000,0.0000,18,0,0,0,0,16,0,0,0,0
zc,TA304,2012-06-01 09:06:32.017,0.0000,4,0,0.0000,0.0000,0,0,多换,B,7600.0000,0.0000,0.0000,0.0000,0.0000,8006.0000,0.0000,0.0000,0.0000,0.0000,18,0,0,0,0,19,0,0,0,0
zc,TA304,2012-06-01 09:06:44.047,0.0000,4,0,0.0000,0.0000,0,0,多换,B,7600.0000,0.0000,0.0000,0.0000,0.0000,8006.0000,0.0000,0.0000,0.0000,0.0000,18,0,0,0,0,16,0,0,0,0
zc,TA304,2012-06-01 09:06:44.893,0.0000,4,0,0.0000,0.0000,0,0,多换,B,7600.0000,0.0000,0.0000,0.0000,0.0000,8006.0000,0.0000,0.0000,0.0000,0.0000,18,0,0,0,0,19,0,0,0,0
zc,TA304,2012-06-01 09:07:04.813,0.0000,4,0,0.0000,0.0000,0,0,多换,B,7600.0000,0.0000,0.0000,0.0000,0.0000,8006.0000,0.0000,0.0000,0.0000,0.0000,18,0,0,0,0,16,0,0,0,0
zc,TA304,2012-06-01 09:07:10.033,0.0000,4,0,0.0000,0.0000,0,0,多换,B,7600.0000,0.0000,0.0000,0.0000,0.0000,8006.0000,0.0000,0.0000,0.0000,0.0000,18,0,0,0,0,19,0,0,0,0
zc,TA304,2012-06-01 09:08:06.533,0.0000,4,0,0.0000,0.0000,0,0,多换,B,7600.0000,0.0000,0.0000,0.0000,0.0000,8006.0000,0.0000,0.0000,0.0000,0.0000,18,0,0,0,0,16,0,0,0,0
zc,TA304,2012-06-01 09:08:08.750,0.0000,4,0,0.0000,0.0000,0,0,多换,B,7600.0000,0.0000,0.0000,0.0000,0.0000,8006.0000,0.0000,0.0000,0.0000,0.0000,21,0,0,0,0,16,0,0,0,0
zc,TA304,2012-06-01 09:08:10.047,0.0000,4,0,0.0000,0.0000,0,0,多换,B,7600.0000,0.0000,0.0000,0.0000,0.0000,8006.0000,0.0000,0.0000,0.0000,0.0000,18,0,0,0,0,16,0,0,0,0
zc,TA304,2012-06-01 09:08:12.330,0.0000,4,0,0.0000,0.0000,0,0,多换,B,7600.0000,0.0000,0.0000,0.0000,0.0000,8006.0000,0.0000,0.0000,0.0000,0.0000,21,0,0,0,0,16,0,0,0,0
zc,TA304,2012-06-01 09:08:25.813,0.0000,4,0,0.0000,0.0000,0,0,多换,B,7600.0000,0.0000,0.0000,0.0000,0.0000,8006.0000,0.0000,0.0000,0.0000,0.0000,18,0,0,0,0,16,0,0,0,0
zc,TA304,2012-06-01 09:08:32.533,0.0000,4,0,0.0000,0.0000,0,0,多换,B,7600.0000,0.0000,0.0000,0.0000,0.0000,8006.0000,0.0000,0.0000,0.0000,0.0000,21,0,0,0,0,16,0,0,0,0
zc,TA304,2012-06-01 09:08:33.783,0.0000,4,0,0.0000,0.0000,0,0,多换,B,7600.0000,0.0000,0.0000,0.0000,0.0000,8006.0000,0.0000,0.0000,0.0000,0.0000,18,0,0,0,0,19,0,0,0,0
zc,TA304,2012-06-01 09:08:47.063,0.0000,4,0,0.0000,0.0000,0,0,多换,B,7600.0000,0.0000,0.0000,0.0000,0.0000,8006.0000,0.0000,0.0000,0.0000,0.0000,18,0,0,0,0,17,0,0,0,0
zc,TA304,2012-06-01 09:08:47.610,0.0000,4,0,0.0000,0.0000,0,0,多换,B,7600.0000,0.0000,0.0000,0.0000,0.0000,8006.0000,0.0000,0.0000,0.0000,0.0000,18,0,0,0,0,20,0,0,0,0
zc,TA304,2012-06-01 09:08:48.063,0.0000,4,0,0.0000,0.0000,0,0,多换,B,7600.0000,0.0000,0.0000,0.0000,0.0000,8006.0000,0.0000,0.0000,0.0000,0.0000,18,0,0,0,0,17,0,0,0,0
zc,TA304,2012-06-01 09:08:48.643,0.0000,4,0,0.0000,0.0000,0,0,多换,B,7600.0000,0.0000,0.0000,0.0000,0.0000,8002.0000,0.0000,0.0000,0.0000,0.0000,18,0,0,0,0,1,0,0,0,0
zc,TA304,2012-06-01 09:08:50.547,0.0000,4,0,0.0000,0.0000,0,0,多换,B,7600.0000,0.0000,0.0000,0.0000,0.0000,8002.0000,0.0000,0.0000,0.0000,0.0000,18,0,0,0,0,6,0,0,0,0
zc,TA304,2012-06-01 09:08:51.017,0.0000,4,0,0.0000,0.0000,0,0,多换,B,7600.0000,0.0000,0.0000,0.0000,0.0000,7992.0000,0.0000,0.0000,0.0000,0.0000,18,0,0,0,0,6,0,0,0,0
zc,TA304,2012-06-01 09:08:57.313,0.0000,4,0,0.0000,0.0000,0,0,多换,B,7600.0000,0.0000,0.0000,0.0000,0.0000,7992.0000,0.0000,0.0000,0.0000,0.0000,18,0,0,0,0,11,0,0,0,0
zc,TA304,2012-06-01 09:08:59.033,0.0000,4,0,0.0000,0.0000,0,0,多换,B,7600.0000,0.0000,0.0000,0.0000,0.0000,7992.0000,0.0000,0.0000,0.0000,0.0000,18,0,0,0,0,16,0,0,0,0
zc,TA304,2012-06-01 09:09:15.377,0.0000,4,0,0.0000,0.0000,0,0,多换,B,7600.0000,0.0000,0.0000,0.0000,0.0000,7990.0000,0.0000,0.0000,0.0000,0.0000,18,0,0,0,0,1,0,0,0,0
zc,TA304,2012-06-01 09:09:16.627,0.0000,4,0,0.0000,0.0000,0,0,多换,B,7600.0000,0.0000,0.0000,0.0000,0.0000,7988.0000,0.0000,0.0000,0.0000,0.0000,18,0,0,0,0,1,0,0,0,0
zc,TA304,2012-06-01 09:09:17.080,0.0000,4,0,0.0000,0.0000,0,0,多换,B,7600.0000,0.0000,0.0000,0.0000,0.0000,7988.0000,0.0000,0.0000,0.0000,0.0000,18,0,0,0,0,11,0,0,0,0
zc,TA304,2012-06-01 09:09:18.267,0.0000,4,0,0.0000,0.0000,0,0,多换,B,7600.0000,0.0000,0.0000,0.0000,0.0000,7978.0000,0.0000,0.0000,0.0000,0.0000,18,0,0,0,0,6,0,0,0,0
zc,TA304,2012-06-01 09:09:24.847,0.0000,4,0,0.0000,0.0000,0,0,多换,B,7600.0000,0.0000,0.0000,0.0000,0.0000,7978.0000,0.0000,0.0000,0.0000,0.0000,18,0,0,0,0,11,0,0,0,0
zc,TA304,2012-06-01 09:09:30.097,0.0000,4,0,0.0000,0.0000,0,0,多换,B,7600.0000,0.0000,0.0000,0.0000,0.0000,7978.0000,0.0000,0.0000,0.0000,0.0000,13,0,0,0,0,11,0,0,0,0
zc,TA304,2012-06-01 09:09:41.393,0.0000,4,0,0.0000,0.0000,0,0,多换,B,7600.0000,0.0000,0.0000,0.0000,0.0000,7978.0000,0.0000,0.0000,0.0000,0.0000,13,0,0,0,0,16,0,0,0,0
zc,TA304,2012-06-01 09:09:42.143,0.0000,4,0,0.0000,0.0000,0,0,多换,B,7600.0000,0.0000,0.0000,0.0000,0.0000,7978.0000,0.0000,0.0000,0.0000,0.0000,16,0,0,0,0,16,0,0,0,0
zc,TA304,2012-06-01 09:09:53.610,0.0000,4,0,0.0000,0.0000,0,0,多换,B,7600.0000,0.0000,0.0000,0.0000,0.0000,7978.0000,0.0000,0.0000,0.0000,0.0000,13,0,0,0,0,16,0,0,0,0
zc,TA304,2012-06-01 09:09:54.110,0.0000,4,0,0.0000,0.0000,0,0,多换,B,7600.0000,0.0000,0.0000,0.0000,0.0000,7978.0000,0.0000,0.0000,0.0000,0.0000,16,0,0,0,0,16,0,0,0,0
zc,TA304,2012-06-01 09:09:59.250,0.0000,4,0,0.0000,0.0000,0,0,多换,B,7600.0000,0.0000,0.0000,0.0000,0.0000,7978.0000,0.0000,0.0000,0.0000,0.0000,13,0,0,0,0,16,0,0,0,0
zc,TA304,2012-06-01 09:10:02.080,0.0000,4,0,0.0000,0.0000,0,0,多换,B,7600.0000,0.0000,0.0000,0.0000,0.0000,7978.0000,0.0000,0.0000,0.0000,0.0000,18,0,0,0,0,16,0,0,0,0
zc,TA304,2012-06-01 09:10:02.563,0.0000,4,0,0.0000,0.0000,0,0,多换,B,7600.0000,0.0000,0.0000,0.0000,0.0000,7978.0000,0.0000,0.0000,0.0000,0.0000,21,0,0,0,0,16,0,0,0,0
zc,TA304,2012-06-01 09:10:08.610,0.0000,4,0,0.0000,0.0000,0,0,多换,B,7600.0000,0.0000,0.0000,0.0000,0.0000,7978.0000,0.0000,0.0000,0.0000,0.0000,18,0,0,0,0,16,0,0,0,0
zc,TA304,2012-06-01 09:10:14.783,0.0000,4,0,0.0000,0.0000,0,0,多换,B,7600.0000,0.0000,0.0000,0.0000,0.0000,7978.0000,0.0000,0.0000,0.0000,0.0000,21,0,0,0,0,16,0,0,0,0
zc,TA304,2012-06-01 09:10:16.563,0.0000,4,0,0.0000,0.0000,0,0,多换,B,7600.0000,0.0000,0.0000,0.0000,0.0000,7978.0000,0.0000,0.0000,0.0000,0.0000,18,0,0,0,0,16,0,0,0,0
zc,TA304,2012-06-01 09:10:17.283,0.0000,4,0,0.0000,0.0000,0,0,多换,B,7600.0000,0.0000,0.0000,0.0000,0.0000,7978.0000,0.0000,0.0000,0.0000,0.0000,21,0,0,0,0,16,0,0,0,0
zc,TA304,2012-06-01 09:10:20.547,0.0000,4,0,0.0000,0.0000,0,0,多换,B,7600.0000,0.0000,0.0000,0.0000,0.0000,7978.0000,0.0000,0.0000,0.0000,0.0000,18,0,0,0,0,16,0,0,0,0
zc,TA304,2012-06-01 09:10:46.813,0.0000,4,0,0.0000,0.0000,0,0,多换,B,7600.0000,0.0000,0.0000,0.0000,0.0000,7978.0000,0.0000,0.0000,0.0000,0.0000,13,0,0,0,0,16,0,0,0,0
zc,TA304,2012-06-01 09:11:08.250,0.0000,4,0,0.0000,0.0000,0,0,多换,B,7600.0000,0.0000,0.0000,0.0000,0.0000,7978.0000,0.0000,0.0000,0.0000,0.0000,13,0,0,0,0,16,0,0,0,0
zc,TA304,2012-06-01 09:11:13.987,0.0000,4,0,0.0000,0.0000,0,0,多换,B,7600.0000,0.0000,0.0000,0.0000,0.0000,7978.0000,0.0000,0.0000,0.0000,0.0000,13,0,0,0,0,19,0,0,0,0
zc,TA304,2012-06-01 09:11:15.283,0.0000,4,0,0.0000,0.0000,0,0,多换,B,7600.0000,0.0000,0.0000,0.0000,0.0000,7978.0000,0.0000,0.0000,0.0000,0.0000,13,0,0,0,0,16,0,0,0,0
zc,TA304,2012-06-01 09:11:16.347,0.0000,4,0,0.0000,0.0000,0,0,多换,B,7600.0000,0.0000,0.0000,0.0000,0.0000,7978.0000,0.0000,0.0000,0.0000,0.0000,13,0,0,0,0,19,0,0,0,0
zc,TA304,2012-06-01 09:11:16.783,0.0000,4,0,0.0000,0.0000,0,0,多换,B,7600.0000,0.0000,0.0000,0.0000,0.0000,7978.0000,0.0000,0.0000,0.0000,0.0000,13,0,0,0,0,16,0,0,0,0
zc,TA304,2012-06-01 09:13:18.767,0.0000,4,0,0.0000,0.0000,0,0,多换,B,7600.0000,0.0000,0.0000,0.0000,0.0000,7976.0000,0.0000,0.0000,0.0000,0.0000,13,0,0,0,0,1,0,0,0,0
zc,TA304,2012-06-01 09:13:20.017,0.0000,4,0,0.0000,0.0000,0,0,多换,B,7600.0000,0.0000,0.0000,0.0000,0.0000,7976.0000,0.0000,0.0000,0.0000,0.0000,13,0,0,0,0,11,0,0,0,0
zc,TA304,2012-06-01 09:13:21.000,0.0000,4,0,0.0000,0.0000,0,0,多换,B,7600.0000,0.0000,0.0000,0.0000,0.0000,7966.0000,0.0000,0.0000,0.0000,0.0000,13,0,0,0,0,6,0,0,0,0
zc,TA304,2012-06-01 09:13:26.033,0.0000,4,0,0.0000,0.0000,0,0,多换,B,7600.0000,0.0000,0.0000,0.0000,0.0000,7966.0000,0.0000,0.0000,0.0000,0.0000,13,0,0,0,0,11,0,0,0,0
zc,TA304,2012-06-01 09:13:28.237,0.0000,4,0,0.0000,0.0000,0,0,多换,B,7600.0000,0.0000,0.0000,0.0000,0.0000,7966.0000,0.0000,0.0000,0.0000,0.0000,13,0,0,0,0,16,0,0,0,0
zc,TA304,2012-06-01 09:18:46.500,0.0000,4,0,0.0000,0.0000,0,0,多换,B,7600.0000,0.0000,0.0000,0.0000,0.0000,7844.0000,0.0000,0.0000,0.0000,0.0000,13,0,0,0,0,1,0,0,0,0
zc,TA304,2012-06-01 09:18:48.533,0.0000,4,0,0.0000,0.0000,0,0,多换,B,7600.0000,0.0000,0.0000,0.0000,0.0000,7838.0000,0.0000,0.0000,0.0000,0.0000,13,0,0,0,0,6,0,0,0,0
zc,TA304,2012-06-01 09:19:08.220,0.0000,4,0,0.0000,0.0000,0,0,多换,B,7600.0000,0.0000,0.0000,0.0000,0.0000,7838.0000,0.0000,0.0000,0.0000,0.0000,13,0,0,0,0,6,0,0,0,0
zc,TA304,2012-06-01 09:19:48.283,0.0000,4,0,0.0000,0.0000,0,0,多换,B,7600.0000,0.0000,0.0000,0.0000,0.0000,7838.0000,0.0000,0.0000,0.0000,0.0000,13,0,0,0,0,11,0,0,0,0
zc,TA304,2012-06-01 09:20:18.297,0.0000,4,0,0.0000,0.0000,0,0,多换,B,7600.0000,0.0000,0.0000,0.0000,0.0000,7838.0000,0.0000,0.0000,0.0000,0.0000,13,0,0,0,0,6,0,0,0,0
zc,TA304,2012-06-01 09:24:08.220,0.0000,4,0,0.0000,0.0000,0,0,多换,B,7600.0000,0.0000,0.0000,0.0000,0.0000,7838.0000,0.0000,0.0000,0.0000,0.0000,13,0,0,0,0,6,0,0,0,0
zc,TA304,2012-06-01 09:26:06.267,0.0000,4,0,0.0000,0.0000,0,0,多换,B,7610.0000,0.0000,0.0000,0.0000,0.0000,7838.0000,0.0000,0.0000,0.0000,0.0000,1,0,0,0,0,6,0,0,0,0
zc,TA304,2012-06-01 09:26:08.237,0.0000,4,0,0.0000,0.0000,0,0,多换,B,7610.0000,0.0000,0.0000,0.0000,0.0000,7838.0000,0.0000,0.0000,0.0000,0.0000,6,0,0,0,0,6,0,0,0,0
zc,TA304,2012-06-01 09:26:08.533,0.0000,4,0,0.0000,0.0000,0,0,多换,B,7620.0000,0.0000,0.0000,0.0000,0.0000,7838.0000,0.0000,0.0000,0.0000,0.0000,6,0,0,0,0,6,0,0,0,0
zc,TA304,2012-06-01 09:26:43.470,0.0000,4,0,0.0000,0.0000,0,0,多换,B,7620.0000,0.0000,0.0000,0.0000,0.0000,7838.0000,0.0000,0.0000,0.0000,0.0000,11,0,0,0,0,6,0,0,0,0
zc,TA304,2012-06-01 09:26:59.987,0.0000,4,0,0.0000,0.0000,0,0,多换,B,7622.0000,0.0000,0.0000,0.0000,0.0000,7838.0000,0.0000,0.0000,0.0000,0.0000,1,0,0,0,0,6,0,0,0,0
zc,TA304,2012-06-01 09:27:02.720,0.0000,4,0,0.0000,0.0000,0,0,多换,B,7632.0000,0.0000,0.0000,0.0000,0.0000,7838.0000,0.0000,0.0000,0.0000,0.0000,6,0,0,0,0,6,0,0,0,0
zc,TA304,2012-06-01 09:27:23.750,0.0000,4,0,0.0000,0.0000,0,0,多换,B,7636.0000,0.0000,0.0000,0.0000,0.0000,7838.0000,0.0000,0.0000,0.0000,0.0000,1,0,0,0,0,6,0,0,0,0
zc,TA304,2012-06-01 09:27:26.500,0.0000,4,0,0.0000,0.0000,0,0,多换,B,7642.0000,0.0000,0.0000,0.0000,0.0000,7838.0000,0.0000,0.0000,0.0000,0.0000,6,0,0,0,0,6,0,0,0,0
zc,TA304,2012-06-01 09:31:48.250,0.0000,4,0,0.0000,0.0000,0,0,多换,B,7642.0000,0.0000,0.0000,0.0000,0.0000,7844.0000,0.0000,0.0000,0.0000,0.0000,6,0,0,0,0,1,0,0,0,0
zc,TA304,2012-06-01 09:31:49.970,0.0000,4,0,0.0000,0.0000,0,0,多换,B,7642.0000,0.0000,0.0000,0.0000,0.0000,7842.0000,0.0000,0.0000,0.0000,0.0000,6,0,0,0,0,6,0,0,0,0
zc,TA304,2012-06-01 09:33:08.220,0.0000,4,0,0.0000,0.0000,0,0,多换,B,7642.0000,0.0000,0.0000,0.0000,0.0000,7842.0000,0.0000,0.0000,0.0000,0.0000,6,0,0,0,0,6,0,0,0,0
zc,TA304,2012-06-01 09:33:49.470,0.0000,4,0,0.0000,0.0000,0,0,多换,B,7642.0000,0.0000,0.0000,0.0000,0.0000,7844.0000,0.0000,0.0000,0.0000,0.0000,6,0,0,0,0,1,0,0,0,0
zc,TA304,2012-06-01 09:34:29.737,0.0000,4,0,0.0000,0.0000,0,0,多换,B,7642.0000,0.0000,0.0000,0.0000,0.0000,7842.0000,0.0000,0.0000,0.0000,0.0000,6,0,0,0,0,6,0,0,0,0
zc,TA304,2012-06-01 09:35:35.237,0.0000,4,0,0.0000,0.0000,0,0,多换,B,7642.0000,0.0000,0.0000,0.0000,0.0000,7844.0000,0.0000,0.0000,0.0000,0.0000,6,0,0,0,0,1,0,0,0,0
zc,TA304,2012-06-01 09:40:08.203,0.0000,4,0,0.0000,0.0000,0,0,多换,B,7642.0000,0.0000,0.0000,0.0000,0.0000,7854.0000,0.0000,0.0000,0.0000,0.0000,6,0,0,0,0,1,0,0,0,0
zc,TA304,2012-06-01 09:40:09.220,0.0000,4,0,0.0000,0.0000,0,0,多换,B,7642.0000,0.0000,0.0000,0.0000,0.0000,7852.0000,0.0000,0.0000,0.0000,0.0000,6,0,0,0,0,6,0,0,0,0
zc,TA304,2012-06-01 09:41:08.203,0.0000,4,0,0.0000,0.0000,0,0,多换,B,7642.0000,0.0000,0.0000,0.0000,0.0000,7852.0000,0.0000,0.0000,0.0000,0.0000,6,0,0,0,0,6,0,0,0,0
zc,TA304,2012-06-01 09:43:08.190,0.0000,4,0,0.0000,0.0000,0,0,多换,B,7642.0000,0.0000,0.0000,0.0000,0.0000,7852.0000,0.0000,0.0000,0.0000,0.0000,6,0,0,0,0,6,0,0,0,0
zc,TA304,2012-06-01 09:43:55.703,0.0000,4,0,0.0000,0.0000,0,0,多换,B,7642.0000,0.0000,0.0000,0.0000,0.0000,7852.0000,0.0000,0.0000,0.0000,0.0000,6,0,0,0,0,11,0,0,0,0
zc,TA304,2012-06-01 09:44:08.190,0.0000,4,0,0.0000,0.0000,0,0,多换,B,7642.0000,0.0000,0.0000,0.0000,0.0000,7852.0000,0.0000,0.0000,0.0000,0.0000,6,0,0,0,0,11,0,0,0,0
zc,TA304,2012-06-01 09:44:59.487,0.0000,4,0,0.0000,0.0000,0,0,多换,B,7642.0000,0.0000,0.0000,0.0000,0.0000,7852.0000,0.0000,0.0000,0.0000,0.0000,6,0,0,0,0,12,0,0,0,0
zc,TA304,2012-06-01 09:45:24.250,0.0000,4,0,0.0000,0.0000,0,0,多换,B,7642.0000,0.0000,0.0000,0.0000,0.0000,7850.0000,0.0000,0.0000,0.0000,0.0000,6,0,0,0,0,1,0,0,0,0
zc,TA304,2012-06-01 09:45:26.267,0.0000,4,0,0.0000,0.0000,0,0,多换,B,7642.0000,0.0000,0.0000,0.0000,0.0000,7850.0000,0.0000,0.0000,0.0000,0.0000,6,0,0,0,0,6,0,0,0,0
zc,TA304,2012-06-01 09:45:27.250,0.0000,4,0,0.0000,0.0000,0,0,多换,B,7642.0000,0.0000,0.0000,0.0000,0.0000,7844.0000,0.0000,0.0000,0.0000,0.0000,6,0,0,0,0,6,0,0,0,0
zc,TA304,2012-06-01 09:50:08.173,0.0000,4,0,0.0000,0.0000,0,0,多换,B,7642.0000,0.0000,0.0000,0.0000,0.0000,7844.0000,0.0000,0.0000,0.0000,0.0000,6,0,0,0,0,6,0,0,0,0
zc,TA304,2012-06-01 09:50:12.250,0.0000,4,0,0.0000,0.0000,0,0,多换,B,7642.0000,0.0000,0.0000,0.0000,0.0000,7844.0000,0.0000,0.0000,0.0000,0.0000,6,0,0,0,0,7,0,0,0,0
zc,TA304,2012-06-01 09:52:08.190,0.0000,4,0,0.0000,0.0000,0,0,多换,B,7642.0000,0.0000,0.0000,0.0000,0.0000,7844.0000,0.0000,0.0000,0.0000,0.0000,6,0,0,0,0,7,0,0,0,0
zc,TA304,2012-06-01 09:56:08.173,0.0000,4,0,0.0000,0.0000,0,0,多换,B,7642.0000,0.0000,0.0000,0.0000,0.0000,7844.0000,0.0000,0.0000,0.0000,0.0000,6,0,0,0,0,7,0,0,0,0
zc,TA304,2012-06-01 09:57:09.220,0.0000,4,0,0.0000,0.0000,0,0,多换,B,7654.0000,0.0000,0.0000,0.0000,0.0000,7844.0000,0.0000,0.0000,0.0000,0.0000,1,0,0,0,0,7,0,0,0,0
zc,TA304,2012-06-01 09:57:11.737,0.0000,4,0,0.0000,0.0000,0,0,多换,B,7656.0000,0.0000,0.0000,0.0000,0.0000,7844.0000,0.0000,0.0000,0.0000,0.0000,6,0,0,0,0,7,0,0,0,0
zc,TA304,2012-06-01 09:58:56.237,0.0000,4,0,0.0000,0.0000,0,0,多换,B,7656.0000,0.0000,0.0000,0.0000,0.0000,7844.0000,0.0000,0.0000,0.0000,0.0000,6,0,0,0,0,6,0,0,0,0
zc,TA304,2012-06-01 09:59:08.173,0.0000,4,0,0.0000,0.0000,0,0,多换,B,7656.0000,0.0000,0.0000,0.0000,0.0000,7844.0000,0.0000,0.0000,0.0000,0.0000,6,0,0,0,0,6,0,0,0,0
zc,TA304,2012-06-01 10:04:08.173,0.0000,4,0,0.0000,0.0000,0,0,多换,B,7656.0000,0.0000,0.0000,0.0000,0.0000,7844.0000,0.0000,0.0000,0.0000,0.0000,6,0,0,0,0,6,0,0,0,0
zc,TA304,2012-06-01 10:05:08.173,0.0000,4,0,0.0000,0.0000,0,0,多换,B,7656.0000,0.0000,0.0000,0.0000,0.0000,7844.0000,0.0000,0.0000,0.0000,0.0000,6,0,0,0,0,6,0,0,0,0
zc,TA304,2012-06-01 10:06:13.220,0.0000,4,0,0.0000,0.0000,0,0,多换,B,7616.0000,0.0000,0.0000,0.0000,0.0000,7844.0000,0.0000,0.0000,0.0000,0.0000,1,0,0,0,0,6,0,0,0,0
zc,TA304,2012-06-01 10:06:13.690,0.0000,4,0,0.0000,0.0000,0,0,多换,B,7616.0000,0.0000,0.0000,0.0000,0.0000,7844.0000,0.0000,0.0000,0.0000,0.0000,1,0,0,0,0,11,0,0,0,0
zc,TA304,2012-06-01 10:06:14.470,0.0000,4,0,0.0000,0.0000,0,0,多换,B,7622.0000,0.0000,0.0000,0.0000,0.0000,7844.0000,0.0000,0.0000,0.0000,0.0000,6,0,0,0,0,11,0,0,0,0
zc,TA304,2012-06-01 10:07:23.703,0.0000,4,0,0.0000,0.0000,0,0,多换,B,7636.0000,0.0000,0.0000,0.0000,0.0000,7844.0000,0.0000,0.0000,0.0000,0.0000,1,0,0,0,0,11,0,0,0,0
zc,TA304,2012-06-01 10:07:27.157,0.0000,4,0,0.0000,0.0000,0,0,多换,B,7638.0000,0.0000,0.0000,0.0000,0.0000,7844.0000,0.0000,0.0000,0.0000,0.0000,6,0,0,0,0,11,0,0,0,0
zc,TA304,2012-06-01 10:09:42.313,0.0000,4,0,0.0000,0.0000,0,0,多换,B,7638.0000,0.0000,0.0000,0.0000,0.0000,7808.0000,0.0000,0.0000,0.0000,0.0000,6,0,0,0,0,1,0,0,0,0
zc,TA304,2012-06-01 10:10:04.923,0.0000,4,0,0.0000,0.0000,0,0,多换,B,7638.0000,0.0000,0.0000,0.0000,0.0000,7806.0000,0.0000,0.0000,0.0000,0.0000,6,0,0,0,0,6,0,0,0,0
zc,TA304,2012-06-01 10:10:53.923,0.0000,4,0,0.0000,0.0000,0,0,多换,B,7638.0000,0.0000,0.0000,0.0000,0.0000,7806.0000,0.0000,0.0000,0.0000,0.0000,6,0,0,0,0,7,0,0,0,0
zc,TA304,2012-06-01 10:11:13.953,0.0000,4,0,0.0000,0.0000,0,0,多换,B,7632.0000,0.0000,0.0000,0.0000,0.0000,7806.0000,0.0000,0.0000,0.0000,0.0000,1,0,0,0,0,7,0,0,0,0
zc,TA304,2012-06-01 10:11:14.923,0.0000,4,0,0.0000,0.0000,0,0,多换,B,7634.0000,0.0000,0.0000,0.0000,0.0000,7806.0000,0.0000,0.0000,0.0000,0.0000,6,0,0,0,0,7,0,0,0,0
zc,TA304,2012-06-01 10:11:53.440,0.0000,4,0,0.0000,0.0000,0,0,多换,B,7628.0000,0.0000,0.0000,0.0000,0.0000,7806.0000,0.0000,0.0000,0.0000,0.0000,1,0,0,0,0,7,0,0,0,0
zc,TA304,2012-06-01 10:11:54.423,0.0000,4,0,0.0000,0.0000,0,0,多换,B,7630.0000,0.0000,0.0000,0.0000,0.0000,7806.0000,0.0000,0.0000,0.0000,0.0000,6,0,0,0,0,7,0,0,0,0
zc,TA304,2012-06-01 10:12:08.157,0.0000,4,0,0.0000,0.0000,0,0,多换,B,7630.0000,0.0000,0.0000,0.0000,0.0000,7806.0000,0.0000,0.0000,0.0000,0.0000,6,0,0,0,0,7,0,0,0,0
zc,TA304,2012-06-01 10:12:17.907,0.0000,4,0,0.0000,0.0000,0,0,多换,B,7630.0000,0.0000,0.0000,0.0000,0.0000,7800.0000,0.0000,0.0000,0.0000,0.0000,6,0,0,0,0,1,0,0,0,0
zc,TA304,2012-06-01 10:12:20.703,0.0000,4,0,0.0000,0.0000,0,0,多换,B,7630.0000,0.0000,0.0000,0.0000,0.0000,7798.0000,0.0000,0.0000,0.0000,0.0000,6,0,0,0,0,6,0,0,0,0
zc,TA304,2012-06-01 10:16:08.157,0.0000,4,0,0.0000,0.0000,0,0,多换,B,7630.0000,0.0000,0.0000,0.0000,0.0000,7798.0000,0.0000,0.0000,0.0000,0.0000,6,0,0,0,0,6,0,0,0,0
zc,TA304,2012-06-01 10:18:08.157,0.0000,4,0,0.0000,0.0000,0,0,多换,B,7630.0000,0.0000,0.0000,0.0000,0.0000,7798.0000,0.0000,0.0000,0.0000,0.0000,6,0,0,0,0,6,0,0,0,0
zc,TA304,2012-06-01 10:19:08.157,0.0000,4,0,0.0000,0.0000,0,0,多换,B,7630.0000,0.0000,0.0000,0.0000,0.0000,7798.0000,0.0000,0.0000,0.0000,0.0000,6,0,0,0,0,6,0,0,0,0
zc,TA304,2012-06-01 10:20:08.143,0.0000,4,0,0.0000,0.0000,0,0,多换,B,7630.0000,0.0000,0.0000,0.0000,0.0000,7798.0000,0.0000,0.0000,0.0000,0.0000,6,0,0,0,0,6,0,0,0,0
zc,TA304,2012-06-01 10:21:08.143,0.0000,4,0,0.0000,0.0000,0,0,多换,B,7630.0000,0.0000,0.0000,0.0000,0.0000,7798.0000,0.0000,0.0000,0.0000,0.0000,6,0,0,0,0,6,0,0,0,0
zc,TA304,2012-06-01 10:23:08.143,0.0000,4,0,0.0000,0.0000,0,0,多换,B,7630.0000,0.0000,0.0000,0.0000,0.0000,7798.0000,0.0000,0.0000,0.0000,0.0000,6,0,0,0,0,6,0,0,0,0
zc,TA304,2012-06-01 10:24:08.143,0.0000,4,0,0.0000,0.0000,0,0,多换,B,7630.0000,0.0000,0.0000,0.0000,0.0000,7798.0000,0.0000,0.0000,0.0000,0.0000,6,0,0,0,0,6,0,0,0,0
zc,TA304,2012-06-01 10:25:08.143,0.0000,4,0,0.0000,0.0000,0,0,多换,B,7630.0000,0.0000,0.0000,0.0000,0.0000,7798.0000,0.0000,0.0000,0.0000,0.0000,6,0,0,0,0,6,0,0,0,0
zc,TA304,2012-06-01 10:28:08.143,0.0000,4,0,0.0000,0.0000,0,0,多换,B,7630.0000,0.0000,0.0000,0.0000,0.0000,7798.0000,0.0000,0.0000,0.0000,0.0000,6,0,0,0,0,6,0,0,0,0
zc,TA304,2012-06-01 10:29:08.143,0.0000,4,0,0.0000,0.0000,0,0,多换,B,7630.0000,0.0000,0.0000,0.0000,0.0000,7798.0000,0.0000,0.0000,0.0000,0.0000,6,0,0,0,0,6,0,0,0,0
zc,TA304,2012-06-01 10:30:15.203,0.0000,4,0,0.0000,0.0000,0,0,多换,B,7630.0000,0.0000,0.0000,0.0000,0.0000,7794.0000,0.0000,0.0000,0.0000,0.0000,6,0,0,0,0,1,0,0,0,0
zc,TA304,2012-06-01 10:31:05.940,0.0000,4,0,0.0000,0.0000,0,0,多换,B,7630.0000,0.0000,0.0000,0.0000,0.0000,7792.0000,0.0000,0.0000,0.0000,0.0000,6,0,0,0,0,6,0,0,0,0
zc,TA304,2012-06-01 10:31:08.127,0.0000,4,0,0.0000,0.0000,0,0,多换,B,7630.0000,0.0000,0.0000,0.0000,0.0000,7792.0000,0.0000,0.0000,0.0000,0.0000,6,0,0,0,0,6,0,0,0,0
zc,TA304,2012-06-01 10:31:11.423,0.0000,4,0,0.0000,0.0000,0,0,多换,B,7630.0000,0.0000,0.0000,0.0000,0.0000,7794.0000,0.0000,0.0000,0.0000,0.0000,6,0,0,0,0,1,0,0,0,0
zc,TA304,2012-06-01 10:33:22.657,0.0000,4,0,0.0000,0.0000,0,0,多换,B,7630.0000,0.0000,0.0000,0.0000,0.0000,7792.0000,0.0000,0.0000,0.0000,0.0000,6,0,0,0,0,6,0,0,0,0
zc,TA304,2012-06-01 10:34:24.923,0.0000,4,0,0.0000,0.0000,0,0,多换,B,7630.0000,0.0000,0.0000,0.0000,0.0000,7786.0000,0.0000,0.0000,0.0000,0.0000,6,0,0,0,0,1,0,0,0,0
zc,TA304,2012-06-01 10:34:48.953,0.0000,4,0,0.0000,0.0000,0,0,多换,B,7630.0000,0.0000,0.0000,0.0000,0.0000,7798.0000,0.0000,0.0000,0.0000,0.0000,6,0,0,0,0,1,0,0,0,0
zc,TA304,2012-06-01 10:35:08.143,0.0000,4,0,0.0000,0.0000,0,0,多换,B,7630.0000,0.0000,0.0000,0.0000,0.0000,7798.0000,0.0000,0.0000,0.0000,0.0000,6,0,0,0,0,1,0,0,0,0
zc,TA304,2012-06-01 10:35:22.143,0.0000,4,0,0.0000,0.0000,0,0,多换,B,7630.0000,0.0000,0.0000,0.0000,0.0000,7796.0000,0.0000,0.0000,0.0000,0.0000,6,0,0,0,0,6,0,0,0,0
zc,TA304,2012-06-01 10:36:12.440,0.0000,4,0,0.0000,0.0000,0,0,多换,B,7636.0000,0.0000,0.0000,0.0000,0.0000,7796.0000,0.0000,0.0000,0.0000,0.0000,1,0,0,0,0,6,0,0,0,0
zc,TA304,2012-06-01 10:36:53.407,0.0000,4,0,0.0000,0.0000,0,0,多换,B,7580.0000,0.0000,0.0000,0.0000,0.0000,7796.0000,0.0000,0.0000,0.0000,0.0000,1,0,0,0,0,6,0,0,0,0
zc,TA304,2012-06-01 10:36:54.657,0.0000,4,0,0.0000,0.0000,0,0,多换,B,7590.0000,0.0000,0.0000,0.0000,0.0000,7796.0000,0.0000,0.0000,0.0000,0.0000,6,0,0,0,0,6,0,0,0,0
zc,TA304,2012-06-01 10:37:06.407,0.0000,4,0,0.0000,0.0000,0,0,多换,B,7638.0000,0.0000,0.0000,0.0000,0.0000,7796.0000,0.0000,0.0000,0.0000,0.0000,1,0,0,0,0,6,0,0,0,0
zc,TA304,2012-06-01 10:37:13.157,0.0000,4,0,0.0000,0.0000,0,0,多换,B,7580.0000,0.0000,0.0000,0.0000,0.0000,7796.0000,0.0000,0.0000,0.0000,0.0000,1,0,0,0,0,6,0,0,0,0
zc,TA304,2012-06-01 10:37:14.893,0.0000,4,0,0.0000,0.0000,0,0,多换,B,7590.0000,0.0000,0.0000,0.0000,0.0000,7796.0000,0.0000,0.0000,0.0000,0.0000,6,0,0,0,0,6,0,0,0,0
zc,TA304,2012-06-01 10:38:46.157,0.0000,4,0,0.0000,0.0000,0,0,多换,B,7600.0000,0.0000,0.0000,0.0000,0.0000,7796.0000,0.0000,0.0000,0.0000,0.0000,1,0,0,0,0,6,0,0,0,0
zc,TA304,2012-06-01 10:38:48.157,0.0000,4,0,0.0000,0.0000,0,0,多换,B,7606.0000,0.0000,0.0000,0.0000,0.0000,7796.0000,0.0000,0.0000,0.0000,0.0000,6,0,0,0,0,6,0,0,0,0
zc,TA304,2012-06-01 10:38:53.143,0.0000,4,0,0.0000,0.0000,0,0,多换,B,7630.0000,0.0000,0.0000,0.0000,0.0000,7796.0000,0.0000,0.0000,0.0000,0.0000,1,0,0,0,0,6,0,0,0,0
zc,TA304,2012-06-01 10:38:57.627,0.0000,4,0,0.0000,0.0000,0,0,多换,B,7632.0000,0.0000,0.0000,0.0000,0.0000,7796.0000,0.0000,0.0000,0.0000,0.0000,6,0,0,0,0,6,0,0,0,0
zc,TA304,2012-06-01 10:39:44.970,0.0000,4,0,0.0000,0.0000,0,0,多换,B,7640.0000,0.0000,0.0000,0.0000,0.0000,7796.0000,0.0000,0.0000,0.0000,0.0000,1,0,0,0,0,6,0,0,0,0
zc,TA304,2012-06-01 10:39:58.440,0.0000,4,0,0.0000,0.0000,0,0,多换,B,7630.0000,0.0000,0.0000,0.0000,0.0000,7796.0000,0.0000,0.0000,0.0000,0.0000,1,0,0,0,0,6,0,0,0,0
zc,TA304,2012-06-01 10:39:59.423,0.0000,4,0,0.0000,0.0000,0,0,多换,B,7632.0000,0.0000,0.0000,0.0000,0.0000,7796.0000,0.0000,0.0000,0.0000,0.0000,6,0,0,0,0,6,0,0,0,0
zc,TA304,2012-06-01 10:40:08.143,0.0000,4,0,0.0000,0.0000,0,0,多换,B,7632.0000,0.0000,0.0000,0.0000,0.0000,7796.0000,0.0000,0.0000,0.0000,0.0000,6,0,0,0,0,6,0,0,0,0
zc,TA304,2012-06-01 10:40:32.720,0.0000,4,0,0.0000,0.0000,0,0,多换,B,7632.0000,0.0000,0.0000,0.0000,0.0000,7798.0000,0.0000,0.0000,0.0000,0.0000,6,0,0,0,0,1,0,0,0,0
zc,TA304,2012-06-01 10:42:08.143,0.0000,4,0,0.0000,0.0000,0,0,多换,B,7632.0000,0.0000,0.0000,0.0000,0.0000,7798.0000,0.0000,0.0000,0.0000,0.0000,6,0,0,0,0,1,0,0,0,0
zc,TA304,2012-06-01 10:42:08.940,0.0000,4,0,0.0000,0.0000,0,0,多换,B,7632.0000,0.0000,0.0000,0.0000,0.0000,7846.0000,0.0000,0.0000,0.0000,0.0000,6,0,0,0,0,1,0,0,0,0
zc,TA304,2012-06-01 10:42:09.907,0.0000,4,0,0.0000,0.0000,0,0,多换,B,7632.0000,0.0000,0.0000,0.0000,0.0000,7840.0000,0.0000,0.0000,0.0000,0.0000,6,0,0,0,0,6,0,0,0,0
zc,TA304,2012-06-01 10:42:10.453,0.0000,4,0,0.0000,0.0000,0,0,多换,B,7632.0000,0.0000,0.0000,0.0000,0.0000,7828.0000,0.0000,0.0000,0.0000,0.0000,6,0,0,0,0,1,0,0,0,0
zc,TA304,2012-06-01 10:42:16.907,0.0000,4,0,0.0000,0.0000,0,0,多换,B,7632.0000,0.0000,0.0000,0.0000,0.0000,7826.0000,0.0000,0.0000,0.0000,0.0000,6,0,0,0,0,6,0,0,0,0
zc,TA304,2012-06-01 10:43:31.643,0.0000,4,0,0.0000,0.0000,0,0,多换,B,7632.0000,0.0000,0.0000,0.0000,0.0000,7826.0000,0.0000,0.0000,0.0000,0.0000,6,0,0,0,0,7,0,0,0,0
zc,TA304,2012-06-01 10:43:36.657,0.0000,4,0,0.0000,0.0000,0,0,多换,B,7648.0000,0.0000,0.0000,0.0000,0.0000,7826.0000,0.0000,0.0000,0.0000,0.0000,1,0,0,0,0,7,0,0,0,0
zc,TA304,2012-06-01 10:43:41.643,0.0000,4,0,0.0000,0.0000,0,0,多换,B,7648.0000,0.0000,0.0000,0.0000,0.0000,7804.0000,0.0000,0.0000,0.0000,0.0000,1,0,0,0,0,1,0,0,0,0
zc,TA304,2012-06-01 10:43:44.893,0.0000,4,0,0.0000,0.0000,0,0,多换,B,7580.0000,0.0000,0.0000,0.0000,0.0000,7804.0000,0.0000,0.0000,0.0000,0.0000,1,0,0,0,0,1,0,0,0,0
zc,TA304,2012-06-01 10:43:46.643,0.0000,4,0,0.0000,0.0000,0,0,多换,B,7590.0000,0.0000,0.0000,0.0000,0.0000,7804.0000,0.0000,0.0000,0.0000,0.0000,6,0,0,0,0,1,0,0,0,0
zc,TA304,2012-06-01 10:43:47.627,0.0000,4,0,0.0000,0.0000,0,0,多换,B,7648.0000,0.0000,0.0000,0.0000,0.0000,7804.0000,0.0000,0.0000,0.0000,0.0000,1,0,0,0,0,1,0,0,0,0
zc,TA304,2012-06-01 10:44:03.673,0.0000,4,0,0.0000,0.0000,0,0,多换,B,7648.0000,0.0000,0.0000,0.0000,0.0000,7826.0000,0.0000,0.0000,0.0000,0.0000,1,0,0,0,0,1,0,0,0,0
zc,TA304,2012-06-01 10:44:05.440,0.0000,4,0,0.0000,0.0000,0,0,多换,B,7648.0000,0.0000,0.0000,0.0000,0.0000,7820.0000,0.0000,0.0000,0.0000,0.0000,1,0,0,0,0,6,0,0,0,0
zc,TA304,2012-06-01 10:45:08.127,0.0000,4,0,0.0000,0.0000,0,0,多换,B,7648.0000,0.0000,0.0000,0.0000,0.0000,7820.0000,0.0000,0.0000,0.0000,0.0000,1,0,0,0,0,6,0,0,0,0
zc,TA304,2012-06-01 10:46:08.110,0.0000,4,0,0.0000,0.0000,0,0,多换,B,7648.0000,0.0000,0.0000,0.0000,0.0000,7820.0000,0.0000,0.0000,0.0000,0.0000,1,0,0,0,0,6,0,0,0,0
zc,TA304,2012-06-01 10:49:51.877,0.0000,4,0,0.0000,0.0000,0,0,多换,B,7648.0000,0.0000,0.0000,0.0000,0.0000,7820.0000,0.0000,0.0000,0.0000,0.0000,1,0,0,0,0,7,0,0,0,0
zc,TA304,2012-06-01 10:50:34.877,0.0000,4,0,0.0000,0.0000,0,0,多换,B,7596.0000,0.0000,0.0000,0.0000,0.0000,7820.0000,0.0000,0.0000,0.0000,0.0000,1,0,0,0,0,7,0,0,0,0
zc,TA304,2012-06-01 10:50:35.360,0.0000,4,0,0.0000,0.0000,0,0,多换,B,7606.0000,0.0000,0.0000,0.0000,0.0000,7820.0000,0.0000,0.0000,0.0000,0.0000,6,0,0,0,0,7,0,0,0,0
zc,TA304,2012-06-01 10:50:38.643,0.0000,4,0,0.0000,0.0000,0,0,多换,B,7606.0000,0.0000,0.0000,0.0000,0.0000,7820.0000,0.0000,0.0000,0.0000,0.0000,6,0,0,0,0,6,0,0,0,0
zc,TA304,2012-06-01 10:50:42.627,0.0000,4,0,0.0000,0.0000,0,0,多换,B,7606.0000,0.0000,0.0000,0.0000,0.0000,7818.0000,0.0000,0.0000,0.0000,0.0000,6,0,0,0,0,1,0,0,0,0
zc,TA304,2012-06-01 10:50:44.393,0.0000,4,0,0.0000,0.0000,0,0,多换,B,7606.0000,0.0000,0.0000,0.0000,0.0000,7816.0000,0.0000,0.0000,0.0000,0.0000,6,0,0,0,0,6,0,0,0,0
zc,TA304,2012-06-01 10:53:04.643,0.0000,4,0,0.0000,0.0000,0,0,多换,B,7606.0000,0.0000,0.0000,0.0000,0.0000,7816.0000,0.0000,0.0000,0.0000,0.0000,6,0,0,0,0,7,0,0,0,0
zc,TA304,2012-06-01 10:53:37.627,0.0000,4,0,0.0000,0.0000,0,0,多换,B,7606.0000,0.0000,0.0000,0.0000,0.0000,7816.0000,0.0000,0.0000,0.0000,0.0000,6,0,0,0,0,6,0,0,0,0
zc,TA304,2012-06-01 10:55:04.127,0.0000,4,0,0.0000,0.0000,0,0,多换,B,7606.0000,0.0000,0.0000,0.0000,0.0000,7816.0000,0.0000,0.0000,0.0000,0.0000,6,0,0,0,0,11,0,0,0,0
zc,TA304,2012-06-01 10:57:08.110,0.0000,4,0,0.0000,0.0000,0,0,多换,B,7606.0000,0.0000,0.0000,0.0000,0.0000,7816.0000,0.0000,0.0000,0.0000,0.0000,6,0,0,0,0,11,0,0,0,0
zc,TA304,2012-06-01 10:57:13.110,0.0000,4,0,0.0000,0.0000,0,0,多换,B,7606.0000,0.0000,0.0000,0.0000,0.0000,7816.0000,0.0000,0.0000,0.0000,0.0000,6,0,0,0,0,6,0,0,0,0
zc,TA304,2012-06-01 10:57:38.657,0.0000,4,0,0.0000,0.0000,0,0,多换,B,7606.0000,0.0000,0.0000,0.0000,0.0000,7812.0000,0.0000,0.0000,0.0000,0.0000,6,0,0,0,0,1,0,0,0,0
zc,TA304,2012-06-01 10:57:42.360,0.0000,4,0,0.0000,0.0000,0,0,多换,B,7606.0000,0.0000,0.0000,0.0000,0.0000,7810.0000,0.0000,0.0000,0.0000,0.0000,6,0,0,0,0,6,0,0,0,0
zc,TA304,2012-06-01 10:58:08.127,0.0000,4,0,0.0000,0.0000,0,0,多换,B,7606.0000,0.0000,0.0000,0.0000,0.0000,7810.0000,0.0000,0.0000,0.0000,0.0000,6,0,0,0,0,6,0,0,0,0
zc,TA304,2012-06-01 10:58:29.407,0.0000,4,0,0.0000,0.0000,0,0,多换,B,7606.0000,0.0000,0.0000,0.0000,0.0000,7810.0000,0.0000,0.0000,0.0000,0.0000,6,0,0,0,0,7,0,0,0,0
zc,TA304,2012-06-01 10:59:40.393,0.0000,4,0,0.0000,0.0000,0,0,多换,B,7606.0000,0.0000,0.0000,0.0000,0.0000,7810.0000,0.0000,0.0000,0.0000,0.0000,6,0,0,0,0,6,0,0,0,0
zc,TA304,2012-06-01 11:00:02.877,0.0000,4,0,0.0000,0.0000,0,0,多换,B,7608.0000,0.0000,0.0000,0.0000,0.0000,7810.0000,0.0000,0.0000,0.0000,0.0000,1,0,0,0,0,6,0,0,0,0
zc,TA304,2012-06-01 11:00:10.360,0.0000,4,0,0.0000,0.0000,0,0,多换,B,7614.0000,0.0000,0.0000,0.0000,0.0000,7810.0000,0.0000,0.0000,0.0000,0.0000,6,0,0,0,0,6,0,0,0,0
zc,TA304,2012-06-01 11:01:49.953,0.0000,4,0,0.0000,0.0000,0,0,多换,B,7614.0000,0.0000,0.0000,0.0000,0.0000,7782.0000,0.0000,0.0000,0.0000,0.0000,6,0,0,0,0,1,0,0,0,0
zc,TA304,2012-06-01 11:02:07.423,0.0000,4,0,0.0000,0.0000,0,0,多换,B,7614.0000,0.0000,0.0000,0.0000,0.0000,7844.0000,0.0000,0.0000,0.0000,0.0000,6,0,0,0,0,1,0,0,0,0
zc,TA304,2012-06-01 11:02:09.423,0.0000,4,0,0.0000,0.0000,0,0,多换,B,7614.0000,0.0000,0.0000,0.0000,0.0000,7834.0000,0.0000,0.0000,0.0000,0.0000,6,0,0,0,0,6,0,0,0,0
zc,TA304,2012-06-01 11:02:16.393,0.0000,4,0,0.0000,0.0000,0,0,多换,B,7614.0000,0.0000,0.0000,0.0000,0.0000,7834.0000,0.0000,0.0000,0.0000,0.0000,6,0,0,0,0,11,0,0,0,0
zc,TA304,2012-06-01 11:02:18.157,0.0000,4,0,0.0000,0.0000,0,0,多换,B,7636.0000,0.0000,0.0000,0.0000,0.0000,7834.0000,0.0000,0.0000,0.0000,0.0000,1,0,0,0,0,11,0,0,0,0
zc,TA304,2012-06-01 11:03:20.393,0.0000,4,0,0.0000,0.0000,0,0,多换,B,7608.0000,0.0000,0.0000,0.0000,0.0000,7834.0000,0.0000,0.0000,0.0000,0.0000,1,0,0,0,0,11,0,0,0,0
zc,TA304,2012-06-01 11:03:20.657,0.0000,4,0,0.0000,0.0000,0,0,多换,B,7614.0000,0.0000,0.0000,0.0000,0.0000,7834.0000,0.0000,0.0000,0.0000,0.0000,6,0,0,0,0,11,0,0,0,0
zc,TA304,2012-06-01 11:04:02.157,0.0000,4,0,0.0000,0.0000,0,0,多换,B,7642.0000,0.0000,0.0000,0.0000,0.0000,7834.0000,0.0000,0.0000,0.0000,0.0000,1,0,0,0,0,11,0,0,0,0
zc,TA304,2012-06-01 11:05:04.440,0.0000,4,0,0.0000,0.0000,0,0,多换,B,7608.0000,0.0000,0.0000,0.0000,0.0000,7834.0000,0.0000,0.0000,0.0000,0.0000,1,0,0,0,0,11,0,0,0,0
zc,TA304,2012-06-01 11:05:05.673,0.0000,4,0,0.0000,0.0000,0,0,多换,B,7614.0000,0.0000,0.0000,0.0000,0.0000,7834.0000,0.0000,0.0000,0.0000,0.0000,6,0,0,0,0,11,0,0,0,0
zc,TA304,2012-06-01 11:05:48.627,0.0000,4,0,0.0000,0.0000,0,0,多换,B,7640.0000,0.0000,0.0000,0.0000,0.0000,7834.0000,0.0000,0.0000,0.0000,0.0000,1,0,0,0,0,11,0,0,0,0
zc,TA304,2012-06-01 11:06:26.893,0.0000,4,0,0.0000,0.0000,0,0,多换,B,7652.0000,0.0000,0.0000,0.0000,0.0000,7834.0000,0.0000,0.0000,0.0000,0.0000,1,0,0,0,0,11,0,0,0,0
zc,TA304,2012-06-01 11:06:41.643,0.0000,4,0,0.0000,0.0000,0,0,多换,B,7640.0000,0.0000,0.0000,0.0000,0.0000,7834.0000,0.0000,0.0000,0.0000,0.0000,1,0,0,0,0,11,0,0,0,0
zc,TA304,2012-06-01 11:06:47.407,0.0000,4,0,0.0000,0.0000,0,0,多换,B,7642.0000,0.0000,0.0000,0.0000,0.0000,7834.0000,0.0000,0.0000,0.0000,0.0000,6,0,0,0,0,11,0,0,0,0
zc,TA304,2012-06-01 11:16:42.203,0.0000,4,0,0.0000,0.0000,0,0,多换,B,7650.0000,0.0000,0.0000,0.0000,0.0000,7834.0000,0.0000,0.0000,0.0000,0.0000,1,0,0,0,0,11,0,0,0,0
zc,TA304,2012-06-01 11:17:05.627,0.0000,4,0,0.0000,0.0000,0,0,多换,B,7640.0000,0.0000,0.0000,0.0000,0.0000,7834.0000,0.0000,0.0000,0.0000,0.0000,1,0,0,0,0,11,0,0,0,0
zc,TA304,2012-06-01 11:17:07.347,0.0000,4,0,0.0000,0.0000,0,0,多换,B,7642.0000,0.0000,0.0000,0.0000,0.0000,7834.0000,0.0000,0.0000,0.0000,0.0000,6,0,0,0,0,11,0,0,0,0
zc,TA304,2012-06-01 11:19:08.097,0.0000,4,0,0.0000,0.0000,0,0,多换,B,7642.0000,0.0000,0.0000,0.0000,0.0000,7834.0000,0.0000,0.0000,0.0000,0.0000,6,0,0,0,0,11,0,0,0,0
zc,TA304,2012-06-01 11:20:08.080,0.0000,4,0,0.0000,0.0000,0,0,多换,B,7642.0000,0.0000,0.0000,0.0000,0.0000,7834.0000,0.0000,0.0000,0.0000,0.0000,6,0,0,0,0,11,0,0,0,0
zc,TA304,2012-06-01 11:23:41.110,0.0000,4,0,0.0000,0.0000,0,0,多换,B,7640.0000,0.0000,0.0000,0.0000,0.0000,7834.0000,0.0000,0.0000,0.0000,0.0000,1,0,0,0,0,11,0,0,0,0
zc,TA304,2012-06-01 11:27:11.860,0.0000,4,0,0.0000,0.0000,0,0,多换,B,7640.0000,0.0000,0.0000,0.0000,0.0000,7810.0000,0.0000,0.0000,0.0000,0.0000,1,0,0,0,0,1,0,0,0,0
zc,TA304,2012-06-01 11:27:13.893,0.0000,4,0,0.0000,0.0000,0,0,多换,B,7640.0000,0.0000,0.0000,0.0000,0.0000,7808.0000,0.0000,0.0000,0.0000,0.0000,1,0,0,0,0,6,0,0,0,0
zc,TA304,2012-06-01 11:29:31.597,0.0000,4,0,0.0000,0.0000,0,0,多换,B,7640.0000,0.0000,0.0000,0.0000,0.0000,7844.0000,0.0000,0.0000,0.0000,0.0000,1,0,0,0,0,1,0,0,0,0
zc,TA304,2012-06-01 11:31:08.063,0.0000,4,0,0.0000,0.0000,0,0,多换,B,7640.0000,0.0000,0.0000,0.0000,0.0000,7844.0000,0.0000,0.0000,0.0000,0.0000,1,0,0,0,0,1,0,0,0,0
zc,TA304,2012-06-01 11:40:08.047,0.0000,4,0,0.0000,0.0000,0,0,多换,B,7640.0000,0.0000,0.0000,0.0000,0.0000,7844.0000,0.0000,0.0000,0.0000,0.0000,1,0,0,0,0,1,0,0,0,0
zc,TA304,2012-06-01 11:52:08.033,0.0000,4,0,0.0000,0.0000,0,0,多换,B,7640.0000,0.0000,0.0000,0.0000,0.0000,7844.0000,0.0000,0.0000,0.0000,0.0000,1,0,0,0,0,1,0,0,0,0
zc,TA304,2012-06-01 11:53:08.033,0.0000,4,0,0.0000,0.0000,0,0,多换,B,7640.0000,0.0000,0.0000,0.0000,0.0000,7844.0000,0.0000,0.0000,0.0000,0.0000,1,0,0,0,0,1,0,0,0,0
zc,TA304,2012-06-01 12:07:08.033,0.0000,4,0,0.0000,0.0000,0,0,多换,B,7640.0000,0.0000,0.0000,0.0000,0.0000,7844.0000,0.0000,0.0000,0.0000,0.0000,1,0,0,0,0,1,0,0,0,0
zc,TA304,2012-06-01 12:08:08.017,0.0000,4,0,0.0000,0.0000,0,0,多换,B,7640.0000,0.0000,0.0000,0.0000,0.0000,7844.0000,0.0000,0.0000,0.0000,0.0000,1,0,0,0,0,1,0,0,0,0
zc,TA304,2012-06-01 12:09:08.017,0.0000,4,0,0.0000,0.0000,0,0,多换,B,7640.0000,0.0000,0.0000,0.0000,0.0000,7844.0000,0.0000,0.0000,0.0000,0.0000,1,0,0,0,0,1,0,0,0,0
zc,TA304,2012-06-01 12:15:08.017,0.0000,4,0,0.0000,0.0000,0,0,多换,B,7640.0000,0.0000,0.0000,0.0000,0.0000,7844.0000,0.0000,0.0000,0.0000,0.0000,1,0,0,0,0,1,0,0,0,0
zc,TA304,2012-06-01 12:16:08.017,0.0000,4,0,0.0000,0.0000,0,0,多换,B,7640.0000,0.0000,0.0000,0.0000,0.0000,7844.0000,0.0000,0.0000,0.0000,0.0000,1,0,0,0,0,1,0,0,0,0
zc,TA304,2012-06-01 12:19:08.000,0.0000,4,0,0.0000,0.0000,0,0,多换,B,7640.0000,0.0000,0.0000,0.0000,0.0000,7844.0000,0.0000,0.0000,0.0000,0.0000,1,0,0,0,0,1,0,0,0,0
zc,TA304,2012-06-01 12:20:08.017,0.0000,4,0,0.0000,0.0000,0,0,多换,B,7640.0000,0.0000,0.0000,0.0000,0.0000,7844.0000,0.0000,0.0000,0.0000,0.0000,1,0,0,0,0,1,0,0,0,0
zc,TA304,2012-06-01 12:21:08.000,0.0000,4,0,0.0000,0.0000,0,0,多换,B,7640.0000,0.0000,0.0000,0.0000,0.0000,7844.0000,0.0000,0.0000,0.0000,0.0000,1,0,0,0,0,1,0,0,0,0
zc,TA304,2012-06-01 12:22:08.017,0.0000,4,0,0.0000,0.0000,0,0,多换,B,7640.0000,0.0000,0.0000,0.0000,0.0000,7844.0000,0.0000,0.0000,0.0000,0.0000,1,0,0,0,0,1,0,0,0,0
zc,TA304,2012-06-01 12:23:08.000,0.0000,4,0,0.0000,0.0000,0,0,多换,B,7640.0000,0.0000,0.0000,0.0000,0.0000,7844.0000,0.0000,0.0000,0.0000,0.0000,1,0,0,0,0,1,0,0,0,0
zc,TA304,2012-06-01 12:24:08.000,0.0000,4,0,0.0000,0.0000,0,0,多换,B,7640.0000,0.0000,0.0000,0.0000,0.0000,7844.0000,0.0000,0.0000,0.0000,0.0000,1,0,0,0,0,1,0,0,0,0
zc,TA304,2012-06-01 12:26:08.000,0.0000,4,0,0.0000,0.0000,0,0,多换,B,7640.0000,0.0000,0.0000,0.0000,0.0000,7844.0000,0.0000,0.0000,0.0000,0.0000,1,0,0,0,0,1,0,0,0,0
zc,TA304,2012-06-01 12:29:08.000,0.0000,4,0,0.0000,0.0000,0,0,多换,B,7640.0000,0.0000,0.0000,0.0000,0.0000,7844.0000,0.0000,0.0000,0.0000,0.0000,1,0,0,0,0,1,0,0,0,0
zc,TA304,2012-06-01 12:31:08.000,0.0000,4,0,0.0000,0.0000,0,0,多换,B,7640.0000,0.0000,0.0000,0.0000,0.0000,7844.0000,0.0000,0.0000,0.0000,0.0000,1,0,0,0,0,1,0,0,0,0
zc,TA304,2012-06-01 12:32:07.987,0.0000,4,0,0.0000,0.0000,0,0,多换,B,7640.0000,0.0000,0.0000,0.0000,0.0000,7844.0000,0.0000,0.0000,0.0000,0.0000,1,0,0,0,0,1,0,0,0,0
zc,TA304,2012-06-01 12:33:07.987,0.0000,4,0,0.0000,0.0000,0,0,多换,B,7640.0000,0.0000,0.0000,0.0000,0.0000,7844.0000,0.0000,0.0000,0.0000,0.0000,1,0,0,0,0,1,0,0,0,0
zc,TA304,2012-06-01 12:34:07.987,0.0000,4,0,0.0000,0.0000,0,0,多换,B,7640.0000,0.0000,0.0000,0.0000,0.0000,7844.0000,0.0000,0.0000,0.0000,0.0000,1,0,0,0,0,1,0,0,0,0
zc,TA304,2012-06-01 12:35:07.987,0.0000,4,0,0.0000,0.0000,0,0,多换,B,7640.0000,0.0000,0.0000,0.0000,0.0000,7844.0000,0.0000,0.0000,0.0000,0.0000,1,0,0,0,0,1,0,0,0,0
zc,TA304,2012-06-01 12:38:07.987,0.0000,4,0,0.0000,0.0000,0,0,多换,B,7640.0000,0.0000,0.0000,0.0000,0.0000,7844.0000,0.0000,0.0000,0.0000,0.0000,1,0,0,0,0,1,0,0,0,0
zc,TA304,2012-06-01 12:40:07.987,0.0000,4,0,0.0000,0.0000,0,0,多换,B,7640.0000,0.0000,0.0000,0.0000,0.0000,7844.0000,0.0000,0.0000,0.0000,0.0000,1,0,0,0,0,1,0,0,0,0
zc,TA304,2012-06-01 12:42:07.987,0.0000,4,0,0.0000,0.0000,0,0,多换,B,7640.0000,0.0000,0.0000,0.0000,0.0000,7844.0000,0.0000,0.0000,0.0000,0.0000,1,0,0,0,0,1,0,0,0,0
zc,TA304,2012-06-01 12:43:07.987,0.0000,4,0,0.0000,0.0000,0,0,多换,B,7640.0000,0.0000,0.0000,0.0000,0.0000,7844.0000,0.0000,0.0000,0.0000,0.0000,1,0,0,0,0,1,0,0,0,0
zc,TA304,2012-06-01 12:46:07.970,0.0000,4,0,0.0000,0.0000,0,0,多换,B,7640.0000,0.0000,0.0000,0.0000,0.0000,7844.0000,0.0000,0.0000,0.0000,0.0000,1,0,0,0,0,1,0,0,0,0
zc,TA304,2012-06-01 12:47:07.970,0.0000,4,0,0.0000,0.0000,0,0,多换,B,7640.0000,0.0000,0.0000,0.0000,0.0000,7844.0000,0.0000,0.0000,0.0000,0.0000,1,0,0,0,0,1,0,0,0,0
zc,TA304,2012-06-01 12:48:07.970,0.0000,4,0,0.0000,0.0000,0,0,多换,B,7640.0000,0.0000,0.0000,0.0000,0.0000,7844.0000,0.0000,0.0000,0.0000,0.0000,1,0,0,0,0,1,0,0,0,0
zc,TA304,2012-06-01 12:50:07.970,0.0000,4,0,0.0000,0.0000,0,0,多换,B,7640.0000,0.0000,0.0000,0.0000,0.0000,7844.0000,0.0000,0.0000,0.0000,0.0000,1,0,0,0,0,1,0,0,0,0
zc,TA304,2012-06-01 12:53:07.970,0.0000,4,0,0.0000,0.0000,0,0,多换,B,7640.0000,0.0000,0.0000,0.0000,0.0000,7844.0000,0.0000,0.0000,0.0000,0.0000,1,0,0,0,0,1,0,0,0,0
zc,TA304,2012-06-01 12:55:07.970,0.0000,4,0,0.0000,0.0000,0,0,多换,B,7640.0000,0.0000,0.0000,0.0000,0.0000,7844.0000,0.0000,0.0000,0.0000,0.0000,1,0,0,0,0,1,0,0,0,0
zc,TA304,2012-06-01 12:56:07.970,0.0000,4,0,0.0000,0.0000,0,0,多换,B,7640.0000,0.0000,0.0000,0.0000,0.0000,7844.0000,0.0000,0.0000,0.0000,0.0000,1,0,0,0,0,1,0,0,0,0
zc,TA304,2012-06-01 12:57:07.970,0.0000,4,0,0.0000,0.0000,0,0,多换,B,7640.0000,0.0000,0.0000,0.0000,0.0000,7844.0000,0.0000,0.0000,0.0000,0.0000,1,0,0,0,0,1,0,0,0,0
zc,TA304,2012-06-01 12:58:07.953,0.0000,4,0,0.0000,0.0000,0,0,多换,B,7640.0000,0.0000,0.0000,0.0000,0.0000,7844.0000,0.0000,0.0000,0.0000,0.0000,1,0,0,0,0,1,0,0,0,0
zc,TA304,2012-06-01 12:59:07.953,0.0000,4,0,0.0000,0.0000,0,0,多换,B,7640.0000,0.0000,0.0000,0.0000,0.0000,7844.0000,0.0000,0.0000,0.0000,0.0000,1,0,0,0,0,1,0,0,0,0
zc,TA304,2012-06-01 13:01:07.953,0.0000,4,0,0.0000,0.0000,0,0,多换,B,7640.0000,0.0000,0.0000,0.0000,0.0000,7844.0000,0.0000,0.0000,0.0000,0.0000,1,0,0,0,0,1,0,0,0,0
zc,TA304,2012-06-01 13:02:07.953,0.0000,4,0,0.0000,0.0000,0,0,多换,B,7640.0000,0.0000,0.0000,0.0000,0.0000,7844.0000,0.0000,0.0000,0.0000,0.0000,1,0,0,0,0,1,0,0,0,0
zc,TA304,2012-06-01 13:03:07.953,0.0000,4,0,0.0000,0.0000,0,0,多换,B,7640.0000,0.0000,0.0000,0.0000,0.0000,7844.0000,0.0000,0.0000,0.0000,0.0000,1,0,0,0,0,1,0,0,0,0
zc,TA304,2012-06-01 13:05:07.953,0.0000,4,0,0.0000,0.0000,0,0,多换,B,7640.0000,0.0000,0.0000,0.0000,0.0000,7844.0000,0.0000,0.0000,0.0000,0.0000,1,0,0,0,0,1,0,0,0,0
zc,TA304,2012-06-01 13:06:07.953,0.0000,4,0,0.0000,0.0000,0,0,多换,B,7640.0000,0.0000,0.0000,0.0000,0.0000,7844.0000,0.0000,0.0000,0.0000,0.0000,1,0,0,0,0,1,0,0,0,0
zc,TA304,2012-06-01 13:07:07.953,0.0000,4,0,0.0000,0.0000,0,0,多换,B,7640.0000,0.0000,0.0000,0.0000,0.0000,7844.0000,0.0000,0.0000,0.0000,0.0000,1,0,0,0,0,1,0,0,0,0
zc,TA304,2012-06-01 13:09:07.953,0.0000,4,0,0.0000,0.0000,0,0,多换,B,7640.0000,0.0000,0.0000,0.0000,0.0000,7844.0000,0.0000,0.0000,0.0000,0.0000,1,0,0,0,0,1,0,0,0,0
zc,TA304,2012-06-01 13:10:07.953,0.0000,4,0,0.0000,0.0000,0,0,多换,B,7640.0000,0.0000,0.0000,0.0000,0.0000,7844.0000,0.0000,0.0000,0.0000,0.0000,1,0,0,0,0,1,0,0,0,0
zc,TA304,2012-06-01 13:13:07.953,0.0000,4,0,0.0000,0.0000,0,0,多换,B,7640.0000,0.0000,0.0000,0.0000,0.0000,7844.0000,0.0000,0.0000,0.0000,0.0000,1,0,0,0,0,1,0,0,0,0
zc,TA304,2012-06-01 13:15:07.940,0.0000,4,0,0.0000,0.0000,0,0,多换,B,7640.0000,0.0000,0.0000,0.0000,0.0000,7844.0000,0.0000,0.0000,0.0000,0.0000,1,0,0,0,0,1,0,0,0,0
zc,TA304,2012-06-01 13:18:07.940,0.0000,4,0,0.0000,0.0000,0,0,多换,B,7640.0000,0.0000,0.0000,0.0000,0.0000,7844.0000,0.0000,0.0000,0.0000,0.0000,1,0,0,0,0,1,0,0,0,0
zc,TA304,2012-06-01 13:20:07.940,0.0000,4,0,0.0000,0.0000,0,0,多换,B,7640.0000,0.0000,0.0000,0.0000,0.0000,7844.0000,0.0000,0.0000,0.0000,0.0000,1,0,0,0,0,1,0,0,0,0
zc,TA304,2012-06-01 13:21:07.940,0.0000,4,0,0.0000,0.0000,0,0,多换,B,7640.0000,0.0000,0.0000,0.0000,0.0000,7844.0000,0.0000,0.0000,0.0000,0.0000,1,0,0,0,0,1,0,0,0,0
zc,TA304,2012-06-01 13:23:07.940,0.0000,4,0,0.0000,0.0000,0,0,多换,B,7640.0000,0.0000,0.0000,0.0000,0.0000,7844.0000,0.0000,0.0000,0.0000,0.0000,1,0,0,0,0,1,0,0,0,0
zc,TA304,2012-06-01 13:24:07.940,0.0000,4,0,0.0000,0.0000,0,0,多换,B,7640.0000,0.0000,0.0000,0.0000,0.0000,7844.0000,0.0000,0.0000,0.0000,0.0000,1,0,0,0,0,1,0,0,0,0
zc,TA304,2012-06-01 13:26:07.940,0.0000,4,0,0.0000,0.0000,0,0,多换,B,7640.0000,0.0000,0.0000,0.0000,0.0000,7844.0000,0.0000,0.0000,0.0000,0.0000,1,0,0,0,0,1,0,0,0,0
zc,TA304,2012-06-01 13:28:07.940,0.0000,4,0,0.0000,0.0000,0,0,多换,B,7640.0000,0.0000,0.0000,0.0000,0.0000,7844.0000,0.0000,0.0000,0.0000,0.0000,1,0,0,0,0,1,0,0,0,0
zc,TA304,2012-06-01 13:29:07.923,0.0000,4,0,0.0000,0.0000,0,0,多换,B,7640.0000,0.0000,0.0000,0.0000,0.0000,7844.0000,0.0000,0.0000,0.0000,0.0000,1,0,0,0,0,1,0,0,0,0
zc,TA304,2012-06-01 13:30:02.610,0.0000,4,0,0.0000,0.0000,0,0,多换,B,7640.0000,0.0000,0.0000,0.0000,0.0000,7834.0000,0.0000,0.0000,0.0000,0.0000,1,0,0,0,0,6,0,0,0,0
zc,TA304,2012-06-01 13:30:07.283,0.0000,4,0,0.0000,0.0000,0,0,多换,B,7640.0000,0.0000,0.0000,0.0000,0.0000,7834.0000,0.0000,0.0000,0.0000,0.0000,1,0,0,0,0,11,0,0,0,0
zc,TA304,2012-06-01 13:31:07.440,0.0000,4,0,0.0000,0.0000,0,0,多换,B,7640.0000,0.0000,0.0000,0.0000,0.0000,7806.0000,0.0000,0.0000,0.0000,0.0000,1,0,0,0,0,1,0,0,0,0
zc,TA304,2012-06-01 13:31:09.987,0.0000,4,0,0.0000,0.0000,0,0,多换,B,7640.0000,0.0000,0.0000,0.0000,0.0000,7804.0000,0.0000,0.0000,0.0000,0.0000,1,0,0,0,0,6,0,0,0,0
zc,TA304,2012-06-01 13:31:40.487,0.0000,4,0,0.0000,0.0000,0,0,多换,B,7642.0000,0.0000,0.0000,0.0000,0.0000,7804.0000,0.0000,0.0000,0.0000,0.0000,1,0,0,0,0,6,0,0,0,0
zc,TA304,2012-06-01 13:31:47.190,0.0000,4,0,0.0000,0.0000,0,0,多换,B,7642.0000,0.0000,0.0000,0.0000,0.0000,7804.0000,0.0000,0.0000,0.0000,0.0000,1,0,0,0,0,7,0,0,0,0
zc,TA304,2012-06-01 13:37:07.940,0.0000,4,0,0.0000,0.0000,0,0,多换,B,7642.0000,0.0000,0.0000,0.0000,0.0000,7804.0000,0.0000,0.0000,0.0000,0.0000,1,0,0,0,0,7,0,0,0,0
zc,TA304,2012-06-01 13:37:46.487,0.0000,4,0,0.0000,0.0000,0,0,多换,B,7584.0000,0.0000,0.0000,0.0000,0.0000,7804.0000,0.0000,0.0000,0.0000,0.0000,1,0,0,0,0,7,0,0,0,0
zc,TA304,2012-06-01 13:37:48.033,0.0000,4,0,0.0000,0.0000,0,0,多换,B,7594.0000,0.0000,0.0000,0.0000,0.0000,7804.0000,0.0000,0.0000,0.0000,0.0000,6,0,0,0,0,7,0,0,0,0
zc,TA304,2012-06-01 13:38:05.533,0.0000,4,0,0.0000,0.0000,0,0,多换,B,7626.0000,0.0000,0.0000,0.0000,0.0000,7804.0000,0.0000,0.0000,0.0000,0.0000,1,0,0,0,0,7,0,0,0,0
zc,TA304,2012-06-01 13:39:07.940,0.0000,4,0,0.0000,0.0000,0,0,多换,B,7626.0000,0.0000,0.0000,0.0000,0.0000,7804.0000,0.0000,0.0000,0.0000,0.0000,1,0,0,0,0,7,0,0,0,0
zc,TA304,2012-06-01 13:40:07.923,0.0000,4,0,0.0000,0.0000,0,0,多换,B,7626.0000,0.0000,0.0000,0.0000,0.0000,7804.0000,0.0000,0.0000,0.0000,0.0000,1,0,0,0,0,7,0,0,0,0
zc,TA304,2012-06-01 13:41:07.923,0.0000,4,0,0.0000,0.0000,0,0,多换,B,7626.0000,0.0000,0.0000,0.0000,0.0000,7804.0000,0.0000,0.0000,0.0000,0.0000,1,0,0,0,0,7,0,0,0,0
zc,TA304,2012-06-01 13:42:11.487,0.0000,4,0,0.0000,0.0000,0,0,多换,B,7630.0000,0.0000,0.0000,0.0000,0.0000,7804.0000,0.0000,0.0000,0.0000,0.0000,1,0,0,0,0,7,0,0,0,0
zc,TA304,2012-06-01 13:42:50.720,0.0000,4,0,0.0000,0.0000,0,0,多换,B,7632.0000,0.0000,0.0000,0.0000,0.0000,7804.0000,0.0000,0.0000,0.0000,0.0000,6,0,0,0,0,7,0,0,0,0
zc,TA304,2012-06-01 13:44:07.907,0.0000,4,0,0.0000,0.0000,0,0,多换,B,7632.0000,0.0000,0.0000,0.0000,0.0000,7804.0000,0.0000,0.0000,0.0000,0.0000,6,0,0,0,0,7,0,0,0,0
zc,TA304,2012-06-01 13:44:16.237,0.0000,4,0,0.0000,0.0000,0,0,多换,B,7630.0000,0.0000,0.0000,0.0000,0.0000,7804.0000,0.0000,0.0000,0.0000,0.0000,1,0,0,0,0,7,0,0,0,0
zc,TA304,2012-06-01 13:45:04.720,0.0000,4,0,0.0000,0.0000,0,0,多换,B,7632.0000,0.0000,0.0000,0.0000,0.0000,7804.0000,0.0000,0.0000,0.0000,0.0000,1,0,0,0,0,7,0,0,0,0
zc,TA304,2012-06-01 13:45:10.203,0.0000,4,0,0.0000,0.0000,0,0,多换,B,7626.0000,0.0000,0.0000,0.0000,0.0000,7804.0000,0.0000,0.0000,0.0000,0.0000,1,0,0,0,0,7,0,0,0,0
zc,TA304,2012-06-01 13:45:11.673,0.0000,4,0,0.0000,0.0000,0,0,多换,B,7628.0000,0.0000,0.0000,0.0000,0.0000,7804.0000,0.0000,0.0000,0.0000,0.0000,6,0,0,0,0,7,0,0,0,0
zc,TA304,2012-06-01 13:45:19.970,0.0000,4,0,0.0000,0.0000,0,0,多换,B,7634.0000,0.0000,0.0000,0.0000,0.0000,7804.0000,0.0000,0.0000,0.0000,0.0000,1,0,0,0,0,7,0,0,0,0
zc,TA304,2012-06-01 13:45:32.203,0.0000,4,0,0.0000,0.0000,0,0,多换,B,7626.0000,0.0000,0.0000,0.0000,0.0000,7804.0000,0.0000,0.0000,0.0000,0.0000,1,0,0,0,0,7,0,0,0,0
zc,TA304,2012-06-01 13:45:44.190,0.0000,4,0,0.0000,0.0000,0,0,多换,B,7634.0000,0.0000,0.0000,0.0000,0.0000,7804.0000,0.0000,0.0000,0.0000,0.0000,1,0,0,0,0,7,0,0,0,0
zc,TA304,2012-06-01 13:46:31.923,0.0000,4,0,0.0000,0.0000,0,0,多换,B,7632.0000,0.0000,0.0000,0.0000,0.0000,7804.0000,0.0000,0.0000,0.0000,0.0000,1,0,0,0,0,7,0,0,0,0
zc,TA304,2012-06-01 13:47:52.940,0.0000,4,0,0.0000,0.0000,0,0,多换,B,7626.0000,0.0000,0.0000,0.0000,0.0000,7804.0000,0.0000,0.0000,0.0000,0.0000,1,0,0,0,0,7,0,0,0,0
zc,TA304,2012-06-01 13:48:02.220,0.0000,4,0,0.0000,0.0000,0,0,多换,B,7632.0000,0.0000,0.0000,0.0000,0.0000,7804.0000,0.0000,0.0000,0.0000,0.0000,1,0,0,0,0,7,0,0,0,0
zc,TA304,2012-06-01 13:49:07.907,0.0000,4,0,0.0000,0.0000,0,0,多换,B,7632.0000,0.0000,0.0000,0.0000,0.0000,7804.0000,0.0000,0.0000,0.0000,0.0000,1,0,0,0,0,7,0,0,0,0
zc,TA304,2012-06-01 13:51:22.940,0.0000,4,0,0.0000,0.0000,0,0,多换,B,7626.0000,0.0000,0.0000,0.0000,0.0000,7804.0000,0.0000,0.0000,0.0000,0.0000,1,0,0,0,0,7,0,0,0,0
zc,TA304,2012-06-01 13:51:38.720,0.0000,4,0,0.0000,0.0000,0,0,多换,B,7628.0000,0.0000,0.0000,0.0000,0.0000,7804.0000,0.0000,0.0000,0.0000,0.0000,1,0,0,0,0,7,0,0,0,0
zc,TA304,2012-06-01 13:52:03.407,0.0000,4,0,0.0000,0.0000,0,0,多换,B,7628.0000,0.0000,0.0000,0.0000,0.0000,7798.0000,0.0000,0.0000,0.0000,0.0000,1,0,0,0,0,1,0,0,0,0
zc,TA304,2012-06-01 13:52:07.220,0.0000,4,0,0.0000,0.0000,0,0,多换,B,7628.0000,0.0000,0.0000,0.0000,0.0000,7796.0000,0.0000,0.0000,0.0000,0.0000,1,0,0,0,0,6,0,0,0,0
zc,TA304,2012-06-01 13:53:07.923,0.0000,4,0,0.0000,0.0000,0,0,多换,B,7628.0000,0.0000,0.0000,0.0000,0.0000,7796.0000,0.0000,0.0000,0.0000,0.0000,1,0,0,0,0,6,0,0,0,0
zc,TA304,2012-06-01 13:56:55.907,0.0000,4,0,0.0000,0.0000,0,0,多换,B,7626.0000,0.0000,0.0000,0.0000,0.0000,7796.0000,0.0000,0.0000,0.0000,0.0000,1,0,0,0,0,6,0,0,0,0
zc,TA304,2012-06-01 13:57:02.923,0.0000,4,0,0.0000,0.0000,0,0,多换,B,7628.0000,0.0000,0.0000,0.0000,0.0000,7796.0000,0.0000,0.0000,0.0000,0.0000,1,0,0,0,0,6,0,0,0,0
zc,TA304,2012-06-01 13:57:29.737,0.0000,4,0,0.0000,0.0000,0,0,多换,B,7626.0000,0.0000,0.0000,0.0000,0.0000,7796.0000,0.0000,0.0000,0.0000,0.0000,1,0,0,0,0,6,0,0,0,0
zc,TA304,2012-06-01 13:57:30.690,0.0000,4,0,0.0000,0.0000,0,0,多换,B,7584.0000,0.0000,0.0000,0.0000,0.0000,7796.0000,0.0000,0.0000,0.0000,0.0000,1,0,0,0,0,6,0,0,0,0
zc,TA304,2012-06-01 13:57:31.407,0.0000,4,0,0.0000,0.0000,0,0,多换,B,7590.0000,0.0000,0.0000,0.0000,0.0000,7796.0000,0.0000,0.0000,0.0000,0.0000,6,0,0,0,0,6,0,0,0,0
zc,TA304,2012-06-01 13:57:43.703,0.0000,4,0,0.0000,0.0000,0,0,多换,B,7618.0000,0.0000,0.0000,0.0000,0.0000,7796.0000,0.0000,0.0000,0.0000,0.0000,1,0,0,0,0,6,0,0,0,0
zc,TA304,2012-06-01 13:57:54.190,0.0000,4,0,0.0000,0.0000,0,0,多换,B,7618.0000,0.0000,0.0000,0.0000,0.0000,7796.0000,0.0000,0.0000,0.0000,0.0000,1,0,0,0,0,11,0,0,0,0
zc,TA304,2012-06-01 13:57:57.953,0.0000,4,0,0.0000,0.0000,0,0,多换,B,7584.0000,0.0000,0.0000,0.0000,0.0000,7796.0000,0.0000,0.0000,0.0000,0.0000,1,0,0,0,0,11,0,0,0,0
zc,TA304,2012-06-01 13:57:59.157,0.0000,4,0,0.0000,0.0000,0,0,多换,B,7590.0000,0.0000,0.0000,0.0000,0.0000,7796.0000,0.0000,0.0000,0.0000,0.0000,6,0,0,0,0,11,0,0,0,0
zc,TA304,2012-06-01 13:58:07.907,0.0000,4,0,0.0000,0.0000,0,0,多换,B,7590.0000,0.0000,0.0000,0.0000,0.0000,7796.0000,0.0000,0.0000,0.0000,0.0000,6,0,0,0,0,11,0,0,0,0
zc,TA304,2012-06-01 13:58:18.407,0.0000,4,0,0.0000,0.0000,0,0,多换,B,7614.0000,0.0000,0.0000,0.0000,0.0000,7796.0000,0.0000,0.0000,0.0000,0.0000,1,0,0,0,0,11,0,0,0,0
zc,TA304,2012-06-01 13:58:44.690,0.0000,4,0,0.0000,0.0000,0,0,多换,B,7616.0000,0.0000,0.0000,0.0000,0.0000,7796.0000,0.0000,0.0000,0.0000,0.0000,1,0,0,0,0,11,0,0,0,0
zc,TA304,2012-06-01 14:01:07.893,0.0000,4,0,0.0000,0.0000,0,0,多换,B,7616.0000,0.0000,0.0000,0.0000,0.0000,7796.0000,0.0000,0.0000,0.0000,0.0000,1,0,0,0,0,11,0,0,0,0
zc,TA304,2012-06-01 14:01:33.203,0.0000,4,0,0.0000,0.0000,0,0,多换,B,7584.0000,0.0000,0.0000,0.0000,0.0000,7796.0000,0.0000,0.0000,0.0000,0.0000,1,0,0,0,0,11,0,0,0,0
zc,TA304,2012-06-01 14:01:33.657,0.0000,4,0,0.0000,0.0000,0,0,多换,B,7590.0000,0.0000,0.0000,0.0000,0.0000,7796.0000,0.0000,0.0000,0.0000,0.0000,6,0,0,0,0,11,0,0,0,0
zc,TA304,2012-06-01 14:01:58.190,0.0000,4,0,0.0000,0.0000,0,0,多换,B,7606.0000,0.0000,0.0000,0.0000,0.0000,7796.0000,0.0000,0.0000,0.0000,0.0000,1,0,0,0,0,11,0,0,0,0
zc,TA304,2012-06-01 14:03:02.440,0.0000,4,0,0.0000,0.0000,0,0,多换,B,7584.0000,0.0000,0.0000,0.0000,0.0000,7796.0000,0.0000,0.0000,0.0000,0.0000,1,0,0,0,0,11,0,0,0,0
zc,TA304,2012-06-01 14:03:02.907,0.0000,4,0,0.0000,0.0000,0,0,多换,B,7586.0000,0.0000,0.0000,0.0000,0.0000,7796.0000,0.0000,0.0000,0.0000,0.0000,6,0,0,0,0,11,0,0,0,0
zc,TA304,2012-06-01 14:03:12.923,0.0000,4,0,0.0000,0.0000,0,0,多换,B,7598.0000,0.0000,0.0000,0.0000,0.0000,7796.0000,0.0000,0.0000,0.0000,0.0000,1,0,0,0,0,11,0,0,0,0
zc,TA304,2012-06-01 14:03:23.157,0.0000,4,0,0.0000,0.0000,0,0,多换,B,7600.0000,0.0000,0.0000,0.0000,0.0000,7796.0000,0.0000,0.0000,0.0000,0.0000,1,0,0,0,0,11,0,0,0,0
zc,TA304,2012-06-01 14:04:11.203,0.0000,4,0,0.0000,0.0000,0,0,多换,B,7600.0000,0.0000,0.0000,0.0000,0.0000,7758.0000,0.0000,0.0000,0.0000,0.0000,1,0,0,0,0,1,0,0,0,0
zc,TA304,2012-06-01 14:04:13.907,0.0000,4,0,0.0000,0.0000,0,0,多换,B,7600.0000,0.0000,0.0000,0.0000,0.0000,7756.0000,0.0000,0.0000,0.0000,0.0000,1,0,0,0,0,6,0,0,0,0
zc,TA304,2012-06-01 14:04:34.440,0.0000,4,0,0.0000,0.0000,0,0,多换,B,7598.0000,0.0000,0.0000,0.0000,0.0000,7756.0000,0.0000,0.0000,0.0000,0.0000,1,0,0,0,0,6,0,0,0,0
zc,TA304,2012-06-01 14:04:41.643,0.0000,4,0,0.0000,0.0000,0,0,多换,B,7598.0000,0.0000,0.0000,0.0000,0.0000,7754.0000,0.0000,0.0000,0.0000,0.0000,1,0,0,0,0,1,0,0,0,0
zc,TA304,2012-06-01 14:04:44.953,0.0000,4,0,0.0000,0.0000,0,0,多换,B,7598.0000,0.0000,0.0000,0.0000,0.0000,7752.0000,0.0000,0.0000,0.0000,0.0000,1,0,0,0,0,6,0,0,0,0
zc,TA304,2012-06-01 14:05:17.423,0.0000,4,0,0.0000,0.0000,0,0,多换,B,7598.0000,0.0000,0.0000,0.0000,0.0000,7754.0000,0.0000,0.0000,0.0000,0.0000,1,0,0,0,0,1,0,0,0,0
zc,TA304,2012-06-01 14:05:27.047,0.0000,4,0,0.0000,0.0000,0,0,多换,B,7598.0000,0.0000,0.0000,0.0000,0.0000,7764.0000,0.0000,0.0000,0.0000,0.0000,1,0,0,0,0,1,0,0,0,0
zc,TA304,2012-06-01 14:05:55.673,0.0000,4,0,0.0000,0.0000,0,0,多换,B,7598.0000,0.0000,0.0000,0.0000,0.0000,7762.0000,0.0000,0.0000,0.0000,0.0000,1,0,0,0,0,6,0,0,0,0
zc,TA304,2012-06-01 14:07:31.143,0.0000,4,0,0.0000,0.0000,0,0,多换,B,7600.0000,0.0000,0.0000,0.0000,0.0000,7762.0000,0.0000,0.0000,0.0000,0.0000,1,0,0,0,0,6,0,0,0,0
zc,TA304,2012-06-01 14:08:07.877,0.0000,4,0,0.0000,0.0000,0,0,多换,B,7600.0000,0.0000,0.0000,0.0000,0.0000,7762.0000,0.0000,0.0000,0.0000,0.0000,1,0,0,0,0,6,0,0,0,0
zc,TA304,2012-06-01 14:09:09.173,0.0000,4,0,0.0000,0.0000,0,0,多换,B,7598.0000,0.0000,0.0000,0.0000,0.0000,7762.0000,0.0000,0.0000,0.0000,0.0000,1,0,0,0,0,6,0,0,0,0
zc,TA304,2012-06-01 14:09:39.423,0.0000,4,0,0.0000,0.0000,0,0,多换,B,7598.0000,0.0000,0.0000,0.0000,0.0000,7754.0000,0.0000,0.0000,0.0000,0.0000,1,0,0,0,0,1,0,0,0,0
zc,TA304,2012-06-01 14:10:21.143,0.0000,4,0,0.0000,0.0000,0,0,多换,B,7600.0000,0.0000,0.0000,0.0000,0.0000,7754.0000,0.0000,0.0000,0.0000,0.0000,6,0,0,0,0,1,0,0,0,0
zc,TA304,2012-06-01 14:11:07.893,0.0000,4,0,0.0000,0.0000,0,0,多换,B,7600.0000,0.0000,0.0000,0.0000,0.0000,7754.0000,0.0000,0.0000,0.0000,0.0000,6,0,0,0,0,1,0,0,0,0
zc,TA304,2012-06-01 14:11:54.423,0.0000,4,0,0.0000,0.0000,0,0,多换,B,7598.0000,0.0000,0.0000,0.0000,0.0000,7754.0000,0.0000,0.0000,0.0000,0.0000,1,0,0,0,0,1,0,0,0,0
zc,TA304,2012-06-01 14:13:07.877,0.0000,4,0,0.0000,0.0000,0,0,多换,B,7598.0000,0.0000,0.0000,0.0000,0.0000,7754.0000,0.0000,0.0000,0.0000,0.0000,1,0,0,0,0,1,0,0,0,0
zc,TA304,2012-06-01 14:13:16.953,0.0000,4,0,0.0000,0.0000,0,0,多换,B,7600.0000,0.0000,0.0000,0.0000,0.0000,7754.0000,0.0000,0.0000,0.0000,0.0000,6,0,0,0,0,1,0,0,0,0
zc,TA304,2012-06-01 14:13:46.127,0.0000,4,0,0.0000,0.0000,0,0,多换,B,7602.0000,0.0000,0.0000,0.0000,0.0000,7754.0000,0.0000,0.0000,0.0000,0.0000,1,0,0,0,0,1,0,0,0,0
zc,TA304,2012-06-01 14:14:26.157,0.0000,4,0,0.0000,0.0000,0,0,多换,B,7598.0000,0.0000,0.0000,0.0000,0.0000,7754.0000,0.0000,0.0000,0.0000,0.0000,1,0,0,0,0,1,0,0,0,0
zc,TA304,2012-06-01 14:14:27.127,0.0000,4,0,0.0000,0.0000,0,0,多换,B,7600.0000,0.0000,0.0000,0.0000,0.0000,7754.0000,0.0000,0.0000,0.0000,0.0000,6,0,0,0,0,1,0,0,0,0
zc,TA304,2012-06-01 14:15:45.407,0.0000,4,0,0.0000,0.0000,0,0,多换,B,7598.0000,0.0000,0.0000,0.0000,0.0000,7754.0000,0.0000,0.0000,0.0000,0.0000,1,0,0,0,0,1,0,0,0,0
zc,TA304,2012-06-01 14:16:29.657,0.0000,4,0,0.0000,0.0000,0,0,多换,B,7598.0000,0.0000,0.0000,0.0000,0.0000,7746.0000,0.0000,0.0000,0.0000,0.0000,1,0,0,0,0,1,0,0,0,0
zc,TA304,2012-06-01 14:16:37.940,0.0000,4,0,0.0000,0.0000,0,0,多换,B,7598.0000,0.0000,0.0000,0.0000,0.0000,7754.0000,0.0000,0.0000,0.0000,0.0000,1,0,0,0,0,1,0,0,0,0
zc,TA304,2012-06-01 14:16:50.440,0.0000,4,0,0.0000,0.0000,0,0,多换,B,7584.0000,0.0000,0.0000,0.0000,0.0000,7754.0000,0.0000,0.0000,0.0000,0.0000,1,0,0,0,0,1,0,0,0,0
zc,TA304,2012-06-01 14:16:50.923,0.0000,4,0,0.0000,0.0000,0,0,多换,B,7586.0000,0.0000,0.0000,0.0000,0.0000,7754.0000,0.0000,0.0000,0.0000,0.0000,6,0,0,0,0,1,0,0,0,0
zc,TA304,2012-06-01 14:17:22.703,0.0000,4,0,0.0000,0.0000,0,0,多换,B,7590.0000,0.0000,0.0000,0.0000,0.0000,7754.0000,0.0000,0.0000,0.0000,0.0000,1,0,0,0,0,1,0,0,0,0
zc,TA304,2012-06-01 14:17:36.627,0.0000,4,0,0.0000,0.0000,0,0,多换,B,7592.0000,0.0000,0.0000,0.0000,0.0000,7754.0000,0.0000,0.0000,0.0000,0.0000,6,0,0,0,0,1,0,0,0,0
zc,TA304,2012-06-01 14:18:48.173,0.0000,4,0,0.0000,0.0000,0,0,多换,B,7592.0000,0.0000,0.0000,0.0000,0.0000,7754.0000,0.0000,0.0000,0.0000,0.0000,7,0,0,0,0,1,0,0,0,0
zc,TA304,2012-06-01 14:19:07.860,0.0000,4,0,0.0000,0.0000,0,0,多换,B,7592.0000,0.0000,0.0000,0.0000,0.0000,7754.0000,0.0000,0.0000,0.0000,0.0000,7,0,0,0,0,1,0,0,0,0
zc,TA304,2012-06-01 14:20:21.673,0.0000,4,0,0.0000,0.0000,0,0,多换,B,7592.0000,0.0000,0.0000,0.0000,0.0000,7752.0000,0.0000,0.0000,0.0000,0.0000,7,0,0,0,0,1,0,0,0,0
zc,TA304,2012-06-01 14:21:37.143,0.0000,4,0,0.0000,0.0000,0,0,多换,B,7602.0000,0.0000,0.0000,0.0000,0.0000,7752.0000,0.0000,0.0000,0.0000,0.0000,1,0,0,0,0,1,0,0,0,0
zc,TA304,2012-06-01 14:21:56.157,0.0000,4,0,0.0000,0.0000,0,0,多换,B,7592.0000,0.0000,0.0000,0.0000,0.0000,7752.0000,0.0000,0.0000,0.0000,0.0000,1,0,0,0,0,1,0,0,0,0
zc,TA304,2012-06-01 14:21:57.877,0.0000,4,0,0.0000,0.0000,0,0,多换,B,7594.0000,0.0000,0.0000,0.0000,0.0000,7752.0000,0.0000,0.0000,0.0000,0.0000,6,0,0,0,0,1,0,0,0,0
zc,TA304,2012-06-01 14:22:07.893,0.0000,4,0,0.0000,0.0000,0,0,多换,B,7594.0000,0.0000,0.0000,0.0000,0.0000,7752.0000,0.0000,0.0000,0.0000,0.0000,6,0,0,0,0,1,0,0,0,0
zc,TA304,2012-06-01 14:24:39.127,0.0000,4,0,0.0000,0.0000,0,0,多换,B,7594.0000,0.0000,0.0000,0.0000,0.0000,7750.0000,0.0000,0.0000,0.0000,0.0000,6,0,0,0,0,1,0,0,0,0
zc,TA304,2012-06-01 14:25:07.860,0.0000,4,0,0.0000,0.0000,0,0,多换,B,7594.0000,0.0000,0.0000,0.0000,0.0000,7750.0000,0.0000,0.0000,0.0000,0.0000,6,0,0,0,0,1,0,0,0,0
zc,TA304,2012-06-01 14:27:07.860,0.0000,4,0,0.0000,0.0000,0,0,多换,B,7594.0000,0.0000,0.0000,0.0000,0.0000,7750.0000,0.0000,0.0000,0.0000,0.0000,6,0,0,0,0,1,0,0,0,0
zc,TA304,2012-06-01 14:27:27.127,0.0000,4,0,0.0000,0.0000,0,0,多换,B,7612.0000,0.0000,0.0000,0.0000,0.0000,7750.0000,0.0000,0.0000,0.0000,0.0000,1,0,0,0,0,1,0,0,0,0
zc,TA304,2012-06-01 14:32:41.143,0.0000,4,0,0.0000,0.0000,0,0,多换,B,7592.0000,0.0000,0.0000,0.0000,0.0000,7750.0000,0.0000,0.0000,0.0000,0.0000,1,0,0,0,0,1,0,0,0,0
zc,TA304,2012-06-01 14:32:41.907,0.0000,4,0,0.0000,0.0000,0,0,多换,B,7594.0000,0.0000,0.0000,0.0000,0.0000,7750.0000,0.0000,0.0000,0.0000,0.0000,6,0,0,0,0,1,0,0,0,0
zc,TA304,2012-06-01 14:32:43.643,0.0000,4,0,0.0000,0.0000,0,0,多换,B,7594.0000,0.0000,0.0000,0.0000,0.0000,7762.0000,0.0000,0.0000,0.0000,0.0000,6,0,0,0,0,1,0,0,0,0
zc,TA304,2012-06-01 14:34:07.847,0.0000,4,0,0.0000,0.0000,0,0,多换,B,7594.0000,0.0000,0.0000,0.0000,0.0000,7762.0000,0.0000,0.0000,0.0000,0.0000,6,0,0,0,0,1,0,0,0,0
zc,TA304,2012-06-01 14:36:30.377,0.0000,4,0,0.0000,0.0000,0,0,多换,B,7612.0000,0.0000,0.0000,0.0000,0.0000,7762.0000,0.0000,0.0000,0.0000,0.0000,1,0,0,0,0,1,0,0,0,0
zc,TA304,2012-06-01 14:37:24.393,0.0000,4,0,0.0000,0.0000,0,0,多换,B,7612.0000,0.0000,0.0000,0.0000,0.0000,7752.0000,0.0000,0.0000,0.0000,0.0000,1,0,0,0,0,1,0,0,0,0
zc,TA304,2012-06-01 14:38:55.643,0.0000,4,0,0.0000,0.0000,0,0,多换,B,7592.0000,0.0000,0.0000,0.0000,0.0000,7752.0000,0.0000,0.0000,0.0000,0.0000,1,0,0,0,0,1,0,0,0,0
zc,TA304,2012-06-01 14:38:56.923,0.0000,4,0,0.0000,0.0000,0,0,多换,B,7594.0000,0.0000,0.0000,0.0000,0.0000,7752.0000,0.0000,0.0000,0.0000,0.0000,6,0,0,0,0,1,0,0,0,0
zc,TA304,2012-06-01 14:39:57.487,0.0000,4,0,0.0000,0.0000,0,0,多换,B,7592.0000,0.0000,0.0000,0.0000,0.0000,7752.0000,0.0000,0.0000,0.0000,0.0000,1,0,0,0,0,1,0,0,0,0
zc,TA304,2012-06-01 14:40:53.127,0.0000,4,0,0.0000,0.0000,0,0,多换,B,7598.0000,0.0000,0.0000,0.0000,0.0000,7752.0000,0.0000,0.0000,0.0000,0.0000,1,0,0,0,0,1,0,0,0,0
zc,TA304,2012-06-01 14:41:08.610,0.0000,4,0,0.0000,0.0000,0,0,多换,B,7598.0000,0.0000,0.0000,0.0000,0.0000,7750.0000,0.0000,0.0000,0.0000,0.0000,1,0,0,0,0,1,0,0,0,0
zc,TA304,2012-06-01 14:42:06.360,0.0000,4,0,0.0000,0.0000,0,0,多换,B,7592.0000,0.0000,0.0000,0.0000,0.0000,7750.0000,0.0000,0.0000,0.0000,0.0000,1,0,0,0,0,1,0,0,0,0
zc,TA304,2012-06-01 14:47:02.143,0.0000,4,0,0.0000,0.0000,0,0,多换,B,7594.0000,0.0000,0.0000,0.0000,0.0000,7750.0000,0.0000,0.0000,0.0000,0.0000,6,0,0,0,0,1,0,0,0,0
zc,TA304,2012-06-01 14:47:07.830,0.0000,4,0,0.0000,0.0000,0,0,多换,B,7594.0000,0.0000,0.0000,0.0000,0.0000,7750.0000,0.0000,0.0000,0.0000,0.0000,6,0,0,0,0,1,0,0,0,0
zc,TA304,2012-06-01 14:48:42.627,0.0000,4,0,0.0000,0.0000,0,0,多换,B,7594.0000,0.0000,0.0000,0.0000,0.0000,7800.0000,0.0000,0.0000,0.0000,0.0000,6,0,0,0,0,1,0,0,0,0
zc,TA304,2012-06-01 14:48:43.097,0.0000,4,0,0.0000,0.0000,0,0,多换,B,7594.0000,0.0000,0.0000,0.0000,0.0000,7790.0000,0.0000,0.0000,0.0000,0.0000,6,0,0,0,0,6,0,0,0,0
zc,TA304,2012-06-01 14:48:50.923,0.0000,4,0,0.0000,0.0000,0,0,多换,B,7594.0000,0.0000,0.0000,0.0000,0.0000,7790.0000,0.0000,0.0000,0.0000,0.0000,6,0,0,0,0,11,0,0,0,0
zc,TA304,2012-06-01 14:48:54.360,0.0000,4,0,0.0000,0.0000,0,0,多换,B,7594.0000,0.0000,0.0000,0.0000,0.0000,7748.0000,0.0000,0.0000,0.0000,0.0000,6,0,0,0,0,1,0,0,0,0
zc,TA304,2012-06-01 14:52:32.377,0.0000,4,0,0.0000,0.0000,0,0,多换,B,7592.0000,0.0000,0.0000,0.0000,0.0000,7748.0000,0.0000,0.0000,0.0000,0.0000,1,0,0,0,0,1,0,0,0,0
zc,TA304,2012-06-01 14:53:50.110,0.0000,4,0,0.0000,0.0000,0,0,多换,B,7592.0000,0.0000,0.0000,0.0000,0.0000,7746.0000,0.0000,0.0000,0.0000,0.0000,1,0,0,0,0,6,0,0,0,0
zc,TA304,2012-06-01 14:57:07.847,0.0000,4,0,0.0000,0.0000,0,0,多换,B,7592.0000,0.0000,0.0000,0.0000,0.0000,7746.0000,0.0000,0.0000,0.0000,0.0000,1,0,0,0,0,6,0,0,0,0
zc,TA304,2012-06-01 14:58:48.173,0.0000,4,0,0.0000,0.0000,0,0,多换,B,7600.0000,0.0000,0.0000,0.0000,0.0000,7746.0000,0.0000,0.0000,0.0000,0.0000,1,0,0,0,0,6,0,0,0,0
zc,TA304,2012-06-01 14:58:56.923,0.0000,4,0,0.0000,0.0000,0,0,多换,B,7592.0000,0.0000,0.0000,0.0000,0.0000,7746.0000,0.0000,0.0000,0.0000,0.0000,1,0,0,0,0,6,0,0,0,0
zc,TA304,2012-06-01 14:59:07.860,0.0000,4,0,0.0000,0.0000,0,0,多换,B,7592.0000,0.0000,0.0000,0.0000,0.0000,7746.0000,0.0000,0.0000,0.0000,0.0000,1,0,0,0,0,6,0,0,0,0
zc,TA304,2012-06-01 14:59:22.453,0.0000,4,0,0.0000,0.0000,0,0,多换,B,7592.0000,0.0000,0.0000,0.0000,0.0000,7748.0000,0.0000,0.0000,0.0000,0.0000,1,0,0,0,0,1,0,0,0,0
zc,TA304,2012-06-01 15:00:05.313,0.0000,4,0,0.0000,0.0000,0,0,多换,B,7592.0000,0.0000,0.0000,0.0000,0.0000,7748.0000,0.0000,0.0000,0.0000,0.0000,1,0,0,0,0,1,0,0,0,0
zc,TA304,2012-06-01 15:01:07.813,0.0000,4,0,0.0000,0.0000,0,0,多换,B,7592.0000,0.0000,0.0000,0.0000,0.0000,7748.0000,0.0000,0.0000,0.0000,0.0000,1,0,0,0,0,1,0,0,0,0
zc,TA304,2012-06-01 15:02:07.813,0.0000,4,0,0.0000,0.0000,0,0,多换,B,7592.0000,0.0000,0.0000,0.0000,0.0000,7748.0000,0.0000,0.0000,0.0000,0.0000,1,0,0,0,0,1,0,0,0,0
zc,TA304,2012-06-01 15:03:07.813,0.0000,4,0,0.0000,0.0000,0,0,多换,B,7592.0000,0.0000,0.0000,0.0000,0.0000,7748.0000,0.0000,0.0000,0.0000,0.0000,1,0,0,0,0,1,0,0,0,0
zc,TA304,2012-06-01 15:04:07.813,0.0000,4,0,0.0000,0.0000,0,0,多换,B,7592.0000,0.0000,0.0000,0.0000,0.0000,7748.0000,0.0000,0.0000,0.0000,0.0000,1,0,0,0,0,1,0,0,0,0
zc,TA304,2012-06-01 15:05:07.813,0.0000,4,0,0.0000,0.0000,0,0,多换,B,7592.0000,0.0000,0.0000,0.0000,0.0000,7748.0000,0.0000,0.0000,0.0000,0.0000,1,0,0,0,0,1,0,0,0,0
zc,TA304,2012-06-01 15:06:07.813,0.0000,4,0,0.0000,0.0000,0,0,多换,B,7592.0000,0.0000,0.0000,0.0000,0.0000,7748.0000,0.0000,0.0000,0.0000,0.0000,1,0,0,0,0,1,0,0,0,0
zc,TA304,2012-06-01 15:07:07.813,0.0000,4,0,0.0000,0.0000,0,0,多换,B,7592.0000,0.0000,0.0000,0.0000,0.0000,7748.0000,0.0000,0.0000,0.0000,0.0000,1,0,0,0,0,1,0,0,0,0
zc,TA304,2012-06-01 15:09:07.813,0.0000,4,0,0.0000,0.0000,0,0,多换,B,7592.0000,0.0000,0.0000,0.0000,0.0000,7748.0000,0.0000,0.0000,0.0000,0.0000,1,0,0,0,0,1,0,0,0,0
zc,TA304,2012-06-01 15:30:08.283,0.0000,4,0,0.0000,0.0000,0,0,多换,B,7592.0000,0.0000,0.0000,0.0000,0.0000,7748.0000,0.0000,0.0000,0.0000,0.0000,1,0,0,0,0,1,0,0,0,0
zc,TA304,2012-06-01 15:32:07.783,0.0000,4,0,0.0000,0.0000,0,0,多换,B,7592.0000,0.0000,0.0000,0.0000,0.0000,7748.0000,0.0000,0.0000,0.0000,0.0000,1,0,0,0,0,1,0,0,0,0
zc,TA304,2012-06-01 15:33:08.283,0.0000,4,0,0.0000,0.0000,0,0,多换,B,7592.0000,0.0000,0.0000,0.0000,0.0000,7748.0000,0.0000,0.0000,0.0000,0.0000,1,0,0,0,0,1,0,0,0,0
zc,TA304,2012-06-01 15:34:07.783,0.0000,4,0,0.0000,0.0000,0,0,多换,B,7592.0000,0.0000,0.0000,0.0000,0.0000,7748.0000,0.0000,0.0000,0.0000,0.0000,1,0,0,0,0,1,0,0,0,0
zc,TA304,2012-06-01 15:36:07.783,0.0000,4,0,0.0000,0.0000,0,0,多换,B,7592.0000,0.0000,0.0000,0.0000,0.0000,7748.0000,0.0000,0.0000,0.0000,0.0000,1,0,0,0,0,1,0,0,0,0
zc,TA304,2012-06-01 15:38:07.783,0.0000,4,0,0.0000,0.0000,0,0,多换,B,7592.0000,0.0000,0.0000,0.0000,0.0000,7748.0000,0.0000,0.0000,0.0000,0.0000,1,0,0,0,0,1,0,0,0,0
zc,TA304,2012-06-01 15:40:08.033,0.0000,4,0,0.0000,0.0000,0,0,多换,B,7592.0000,0.0000,0.0000,0.0000,0.0000,7748.0000,0.0000,0.0000,0.0000,0.0000,1,0,0,0,0,1,0,0,0,0
zc,TA304,2012-06-01 15:41:07.767,0.0000,4,0,0.0000,0.0000,0,0,多换,B,7592.0000,0.0000,0.0000,0.0000,0.0000,7748.0000,0.0000,0.0000,0.0000,0.0000,1,0,0,0,0,1,0,0,0,0
