市场代码,合约代码,时间,最新,持仓,增仓,成交额,成交量,开仓,平仓,成交类型,方向,买一价,买二价,买三价,买四价,买五价,卖一价,卖二价,卖三价,卖四价,卖五价,买一量,买二量,买三量,买四量,买五量,卖一量,卖二量,卖三量,卖四量,卖五量
zc,WS209,2012-06-01 07:45:29.330,0.0000,323452,0,0.0000,0.0000,0,0,空换,S,0.0000,0.0000,0.0000,0.0000,0.0000,0.0000,0.0000,0.0000,0.0000,0.0000,0,0,0,0,0,0,0,0,0,0
zc,WS209,2012-06-01 08:15:08.297,0.0000,323452,0,0.0000,0.0000,0,0,空换,S,0.0000,0.0000,0.0000,0.0000,0.0000,0.0000,0.0000,0.0000,0.0000,0.0000,0,0,0,0,0,0,0,0,0,0
zc,WS209,2012-06-01 08:45:08.267,0.0000,323452,0,0.0000,0.0000,0,0,空换,S,0.0000,0.0000,0.0000,0.0000,0.0000,0.0000,0.0000,0.0000,0.0000,0.0000,0,0,0,0,0,0,0,0,0,0
zc,WS209,2012-06-01 08:55:05.487,0.0000,323452,0,0.0000,0.0000,0,0,空换,S,0.0000,0.0000,0.0000,0.0000,0.0000,0.0000,0.0000,0.0000,0.0000,0.0000,0,0,0,0,0,0,0,0,0,0
zc,WS209,2012-06-01 08:55:21.487,0.0000,323452,0,0.0000,0.0000,0,0,空换,S,0.0000,0.0000,0.0000,0.0000,0.0000,0.0000,0.0000,0.0000,0.0000,0.0000,0,0,0,0,0,0,0,0,0,0
zc,WS209,2012-06-01 08:55:47.487,0.0000,323452,0,0.0000,0.0000,0,0,空换,S,0.0000,0.0000,0.0000,0.0000,0.0000,0.0000,0.0000,0.0000,0.0000,0.0000,0,0,0,0,0,0,0,0,0,0
zc,WS209,2012-06-01 08:57:17.487,0.0000,323452,0,0.0000,0.0000,0,0,空换,S,0.0000,0.0000,0.0000,0.0000,0.0000,0.0000,0.0000,0.0000,0.0000,0.0000,0,0,0,0,0,0,0,0,0,0
zc,WS209,2012-06-01 08:57:21.987,0.0000,323452,0,0.0000,0.0000,0,0,空换,S,0.0000,0.0000,0.0000,0.0000,0.0000,0.0000,0.0000,0.0000,0.0000,0.0000,0,0,0,0,0,0,0,0,0,0
zc,WS209,2012-06-01 08:58:13.487,0.0000,323452,0,0.0000,0.0000,0,0,空换,S,0.0000,0.0000,0.0000,0.0000,0.0000,0.0000,0.0000,0.0000,0.0000,0.0000,0,0,0,0,0,0,0,0,0,0
zc,WS209,2012-06-01 08:58:23.237,0.0000,323452,0,0.0000,0.0000,0,0,空换,S,0.0000,0.0000,0.0000,0.0000,0.0000,0.0000,0.0000,0.0000,0.0000,0.0000,0,0,0,0,0,0,0,0,0,0
zc,WS209,2012-06-01 09:00:01.453,2383.0000,322982,-470,0.0000,564.0000,47,517,空平,B,2383.0000,0.0000,0.0000,0.0000,0.0000,2384.0000,0.0000,0.0000,0.0000,0.0000,1,0,0,0,0,13,0,0,0,0
zc,WS209,2012-06-01 09:00:03.487,2383.0000,322710,-272,0.0000,318.0000,23,295,空平,B,2382.0000,0.0000,0.0000,0.0000,0.0000,2383.0000,0.0000,0.0000,0.0000,0.0000,13,0,0,0,0,3,0,0,0,0
zc,WS209,2012-06-01 09:00:04.203,2381.0000,322730,20,0.0000,42.0000,31,11,空开,S,2381.0000,0.0000,0.0000,0.0000,0.0000,2383.0000,0.0000,0.0000,0.0000,0.0000,28,0,0,0,0,5,0,0,0,0
zc,WS209,2012-06-01 09:00:04.703,2383.0000,322736,6,0.0000,8.0000,7,1,多开,B,2381.0000,0.0000,0.0000,0.0000,0.0000,2384.0000,0.0000,0.0000,0.0000,0.0000,29,0,0,0,0,9,0,0,0,0
zc,WS209,2012-06-01 09:00:05.453,2382.0000,322738,2,0.0000,2.0000,2,0,双开,S,2381.0000,0.0000,0.0000,0.0000,0.0000,2384.0000,0.0000,0.0000,0.0000,0.0000,29,0,0,0,0,3,0,0,0,0
zc,WS209,2012-06-01 09:00:06.673,2384.0000,322732,-6,0.0000,6.0000,0,6,双平,B,2384.0000,0.0000,0.0000,0.0000,0.0000,2385.0000,0.0000,0.0000,0.0000,0.0000,32,0,0,0,0,23,0,0,0,0
zc,WS209,2012-06-01 09:00:07.440,2384.0000,322728,-4,0.0000,4.0000,0,4,双平,B,2384.0000,0.0000,0.0000,0.0000,0.0000,2385.0000,0.0000,0.0000,0.0000,0.0000,30,0,0,0,0,31,0,0,0,0
zc,WS209,2012-06-01 09:00:07.877,2385.0000,322732,4,0.0000,16.0000,10,6,多开,B,2384.0000,0.0000,0.0000,0.0000,0.0000,2385.0000,0.0000,0.0000,0.0000,0.0000,30,0,0,0,0,43,0,0,0,0
zc,WS209,2012-06-01 09:00:08.267,2385.0000,322732,0,0.0000,0.0000,0,0,多换,B,2384.0000,0.0000,0.0000,0.0000,0.0000,2385.0000,0.0000,0.0000,0.0000,0.0000,30,0,0,0,0,43,0,0,0,0
zc,WS209,2012-06-01 09:00:08.440,2381.0000,322958,226,0.0000,328.0000,277,51,空开,S,2380.0000,0.0000,0.0000,0.0000,0.0000,2381.0000,0.0000,0.0000,0.0000,0.0000,179,0,0,0,0,23,0,0,0,0
zc,WS209,2012-06-01 09:00:08.893,2381.0000,322960,2,0.0000,2.0000,2,0,双开,S,2380.0000,0.0000,0.0000,0.0000,0.0000,2381.0000,0.0000,0.0000,0.0000,0.0000,178,0,0,0,0,22,0,0,0,0
zc,WS209,2012-06-01 09:00:09.737,2382.0000,322984,24,0.0000,48.0000,36,12,多开,B,2380.0000,0.0000,0.0000,0.0000,0.0000,2384.0000,0.0000,0.0000,0.0000,0.0000,169,0,0,0,0,7,0,0,0,0
zc,WS209,2012-06-01 09:00:10.157,2385.0000,322986,2,0.0000,16.0000,9,7,多开,B,2383.0000,0.0000,0.0000,0.0000,0.0000,2384.0000,0.0000,0.0000,0.0000,0.0000,10,0,0,0,0,1,0,0,0,0
zc,WS209,2012-06-01 09:00:10.877,2384.0000,322986,0,0.0000,2.0000,1,1,空换,S,2384.0000,0.0000,0.0000,0.0000,0.0000,2385.0000,0.0000,0.0000,0.0000,0.0000,1,0,0,0,0,45,0,0,0,0
zc,WS209,2012-06-01 09:00:11.597,2384.0000,322986,0,0.0000,0.0000,0,0,空换,S,2384.0000,0.0000,0.0000,0.0000,0.0000,2385.0000,0.0000,0.0000,0.0000,0.0000,1,0,0,0,0,47,0,0,0,0
zc,WS209,2012-06-01 09:00:12.143,2384.0000,322988,2,0.0000,6.0000,4,2,空开,S,2383.0000,0.0000,0.0000,0.0000,0.0000,2385.0000,0.0000,0.0000,0.0000,0.0000,20,0,0,0,0,44,0,0,0,0
zc,WS209,2012-06-01 09:00:12.953,2384.0000,322988,0,0.0000,0.0000,0,0,空换,S,2383.0000,0.0000,0.0000,0.0000,0.0000,2385.0000,0.0000,0.0000,0.0000,0.0000,28,0,0,0,0,44,0,0,0,0
zc,WS209,2012-06-01 09:00:13.487,2384.0000,322988,0,0.0000,0.0000,0,0,空换,S,2383.0000,0.0000,0.0000,0.0000,0.0000,2384.0000,0.0000,0.0000,0.0000,0.0000,28,0,0,0,0,4,0,0,0,0
zc,WS209,2012-06-01 09:00:13.847,2384.0000,322988,0,0.0000,4.0000,2,2,空换,S,2383.0000,0.0000,0.0000,0.0000,0.0000,2384.0000,0.0000,0.0000,0.0000,0.0000,28,0,0,0,0,2,0,0,0,0
zc,WS209,2012-06-01 09:00:14.360,2384.0000,322988,0,0.0000,0.0000,0,0,空换,S,2383.0000,0.0000,0.0000,0.0000,0.0000,2384.0000,0.0000,0.0000,0.0000,0.0000,28,0,0,0,0,4,0,0,0,0
zc,WS209,2012-06-01 09:00:15.893,2384.0000,322988,0,0.0000,0.0000,0,0,空换,S,2383.0000,0.0000,0.0000,0.0000,0.0000,2384.0000,0.0000,0.0000,0.0000,0.0000,28,0,0,0,0,5,0,0,0,0
zc,WS209,2012-06-01 09:00:16.643,2383.0000,322994,6,0.0000,6.0000,6,0,双开,S,2383.0000,0.0000,0.0000,0.0000,0.0000,2384.0000,0.0000,0.0000,0.0000,0.0000,25,0,0,0,0,5,0,0,0,0
zc,WS209,2012-06-01 09:00:17.143,2384.0000,322994,0,0.0000,2.0000,1,1,多换,B,2383.0000,0.0000,0.0000,0.0000,0.0000,2384.0000,0.0000,0.0000,0.0000,0.0000,25,0,0,0,0,5,0,0,0,0
zc,WS209,2012-06-01 09:00:17.940,2383.0000,322996,2,0.0000,6.0000,4,2,空开,S,2383.0000,0.0000,0.0000,0.0000,0.0000,2384.0000,0.0000,0.0000,0.0000,0.0000,23,0,0,0,0,4,0,0,0,0
zc,WS209,2012-06-01 09:00:18.423,2383.0000,323000,4,0.0000,6.0000,5,1,空开,S,2383.0000,0.0000,0.0000,0.0000,0.0000,2384.0000,0.0000,0.0000,0.0000,0.0000,27,0,0,0,0,11,0,0,0,0
zc,WS209,2012-06-01 09:00:19.377,2384.0000,323010,10,0.0000,12.0000,11,1,多开,B,2383.0000,0.0000,0.0000,0.0000,0.0000,2384.0000,0.0000,0.0000,0.0000,0.0000,31,0,0,0,0,6,0,0,0,0
zc,WS209,2012-06-01 09:00:19.907,2384.0000,323010,0,0.0000,0.0000,0,0,多换,B,2383.0000,0.0000,0.0000,0.0000,0.0000,2384.0000,0.0000,0.0000,0.0000,0.0000,31,0,0,0,0,7,0,0,0,0
zc,WS209,2012-06-01 09:00:20.673,2384.0000,323010,0,0.0000,0.0000,0,0,多换,B,2383.0000,0.0000,0.0000,0.0000,0.0000,2384.0000,0.0000,0.0000,0.0000,0.0000,32,0,0,0,0,28,0,0,0,0
zc,WS209,2012-06-01 09:00:21.347,2383.0000,323014,4,0.0000,10.0000,7,3,空开,S,2383.0000,0.0000,0.0000,0.0000,0.0000,2384.0000,0.0000,0.0000,0.0000,0.0000,35,0,0,0,0,44,0,0,0,0
zc,WS209,2012-06-01 09:00:22.157,2383.0000,323014,0,0.0000,0.0000,0,0,空换,S,2383.0000,0.0000,0.0000,0.0000,0.0000,2384.0000,0.0000,0.0000,0.0000,0.0000,35,0,0,0,0,27,0,0,0,0
zc,WS209,2012-06-01 09:00:22.657,2383.0000,323004,-10,0.0000,36.0000,13,23,多平,S,2383.0000,0.0000,0.0000,0.0000,0.0000,2384.0000,0.0000,0.0000,0.0000,0.0000,18,0,0,0,0,75,0,0,0,0
zc,WS209,2012-06-01 09:00:23.377,2383.0000,322990,-14,0.0000,48.0000,17,31,多平,S,2382.0000,0.0000,0.0000,0.0000,0.0000,2383.0000,0.0000,0.0000,0.0000,0.0000,8,0,0,0,0,37,0,0,0,0
zc,WS209,2012-06-01 09:00:23.860,2383.0000,322990,0,0.0000,0.0000,0,0,空换,S,2382.0000,0.0000,0.0000,0.0000,0.0000,2383.0000,0.0000,0.0000,0.0000,0.0000,10,0,0,0,0,37,0,0,0,0
zc,WS209,2012-06-01 09:00:25.097,2383.0000,322980,-10,0.0000,12.0000,1,11,多平,S,2382.0000,0.0000,0.0000,0.0000,0.0000,2383.0000,0.0000,0.0000,0.0000,0.0000,10,0,0,0,0,31,0,0,0,0
zc,WS209,2012-06-01 09:00:25.893,2382.0000,322980,0,0.0000,2.0000,1,1,空换,S,2382.0000,0.0000,0.0000,0.0000,0.0000,2383.0000,0.0000,0.0000,0.0000,0.0000,9,0,0,0,0,32,0,0,0,0
zc,WS209,2012-06-01 09:00:26.423,2383.0000,322942,-38,0.0000,62.0000,12,50,空平,B,2382.0000,0.0000,0.0000,0.0000,0.0000,2383.0000,0.0000,0.0000,0.0000,0.0000,8,0,0,0,0,2,0,0,0,0
zc,WS209,2012-06-01 09:00:26.813,2383.0000,322942,0,0.0000,6.0000,3,3,多换,B,2383.0000,0.0000,0.0000,0.0000,0.0000,2384.0000,0.0000,0.0000,0.0000,0.0000,9,0,0,0,0,46,0,0,0,0
zc,WS209,2012-06-01 09:00:27.330,2383.0000,322942,0,0.0000,2.0000,1,1,多换,B,2383.0000,0.0000,0.0000,0.0000,0.0000,2384.0000,0.0000,0.0000,0.0000,0.0000,8,0,0,0,0,46,0,0,0,0
zc,WS209,2012-06-01 09:00:28.143,2384.0000,322958,16,0.0000,64.0000,40,24,多开,B,2383.0000,0.0000,0.0000,0.0000,0.0000,2384.0000,0.0000,0.0000,0.0000,0.0000,6,0,0,0,0,18,0,0,0,0
zc,WS209,2012-06-01 09:00:28.643,2384.0000,322958,0,0.0000,2.0000,1,1,多换,B,2383.0000,0.0000,0.0000,0.0000,0.0000,2384.0000,0.0000,0.0000,0.0000,0.0000,6,0,0,0,0,25,0,0,0,0
zc,WS209,2012-06-01 09:00:29.360,2383.0000,322958,0,0.0000,10.0000,5,5,空换,S,2383.0000,0.0000,0.0000,0.0000,0.0000,2384.0000,0.0000,0.0000,0.0000,0.0000,1,0,0,0,0,25,0,0,0,0
zc,WS209,2012-06-01 09:00:29.847,2383.0000,322958,0,0.0000,0.0000,0,0,空换,S,2383.0000,0.0000,0.0000,0.0000,0.0000,2384.0000,0.0000,0.0000,0.0000,0.0000,21,0,0,0,0,25,0,0,0,0
zc,WS209,2012-06-01 09:00:30.610,2383.0000,322960,2,0.0000,4.0000,3,1,空开,S,2383.0000,0.0000,0.0000,0.0000,0.0000,2384.0000,0.0000,0.0000,0.0000,0.0000,19,0,0,0,0,25,0,0,0,0
zc,WS209,2012-06-01 09:00:31.097,2383.0000,322960,0,0.0000,40.0000,20,20,空换,S,2382.0000,0.0000,0.0000,0.0000,0.0000,2384.0000,0.0000,0.0000,0.0000,0.0000,12,0,0,0,0,25,0,0,0,0
zc,WS209,2012-06-01 09:00:31.860,2383.0000,322960,0,0.0000,0.0000,0,0,空换,S,2382.0000,0.0000,0.0000,0.0000,0.0000,2384.0000,0.0000,0.0000,0.0000,0.0000,15,0,0,0,0,25,0,0,0,0
zc,WS209,2012-06-01 09:00:33.923,2384.0000,322960,0,0.0000,4.0000,2,2,多换,B,2383.0000,0.0000,0.0000,0.0000,0.0000,2384.0000,0.0000,0.0000,0.0000,0.0000,7,0,0,0,0,23,0,0,0,0
zc,WS209,2012-06-01 09:00:35.610,2383.0000,322958,-2,0.0000,4.0000,1,3,多平,S,2383.0000,0.0000,0.0000,0.0000,0.0000,2384.0000,0.0000,0.0000,0.0000,0.0000,9,0,0,0,0,12,0,0,0,0
zc,WS209,2012-06-01 09:00:36.347,2383.0000,322942,-16,0.0000,28.0000,6,22,多平,S,2382.0000,0.0000,0.0000,0.0000,0.0000,2383.0000,0.0000,0.0000,0.0000,0.0000,31,0,0,0,0,36,0,0,0,0
zc,WS209,2012-06-01 09:00:36.597,2383.0000,322942,0,0.0000,2.0000,1,1,空换,S,2382.0000,0.0000,0.0000,0.0000,0.0000,2383.0000,0.0000,0.0000,0.0000,0.0000,30,0,0,0,0,35,0,0,0,0
zc,WS209,2012-06-01 09:00:37.377,2383.0000,322942,0,0.0000,10.0000,5,5,空换,S,2382.0000,0.0000,0.0000,0.0000,0.0000,2383.0000,0.0000,0.0000,0.0000,0.0000,41,0,0,0,0,30,0,0,0,0
zc,WS209,2012-06-01 09:00:37.847,2383.0000,322942,0,0.0000,6.0000,3,3,空换,S,2382.0000,0.0000,0.0000,0.0000,0.0000,2383.0000,0.0000,0.0000,0.0000,0.0000,43,0,0,0,0,27,0,0,0,0
zc,WS209,2012-06-01 09:00:38.597,2383.0000,322942,0,0.0000,54.0000,27,27,空换,S,2383.0000,0.0000,0.0000,0.0000,0.0000,2384.0000,0.0000,0.0000,0.0000,0.0000,11,0,0,0,0,13,0,0,0,0
zc,WS209,2012-06-01 09:00:39.110,2384.0000,322942,0,0.0000,4.0000,2,2,多换,B,2383.0000,0.0000,0.0000,0.0000,0.0000,2384.0000,0.0000,0.0000,0.0000,0.0000,12,0,0,0,0,11,0,0,0,0
zc,WS209,2012-06-01 09:00:40.330,2384.0000,322942,0,0.0000,0.0000,0,0,多换,B,2383.0000,0.0000,0.0000,0.0000,0.0000,2384.0000,0.0000,0.0000,0.0000,0.0000,15,0,0,0,0,11,0,0,0,0
zc,WS209,2012-06-01 09:00:41.657,2384.0000,322942,0,0.0000,14.0000,7,7,多换,B,2383.0000,0.0000,0.0000,0.0000,0.0000,2384.0000,0.0000,0.0000,0.0000,0.0000,16,0,0,0,0,4,0,0,0,0
zc,WS209,2012-06-01 09:00:42.173,2384.0000,322942,0,0.0000,6.0000,3,3,多换,B,2383.0000,0.0000,0.0000,0.0000,0.0000,2384.0000,0.0000,0.0000,0.0000,0.0000,16,0,0,0,0,1,0,0,0,0
zc,WS209,2012-06-01 09:00:42.830,2384.0000,322942,0,0.0000,0.0000,0,0,多换,B,2383.0000,0.0000,0.0000,0.0000,0.0000,2384.0000,0.0000,0.0000,0.0000,0.0000,17,0,0,0,0,1,0,0,0,0
zc,WS209,2012-06-01 09:00:43.377,2383.0000,322940,-2,0.0000,6.0000,2,4,多平,S,2383.0000,0.0000,0.0000,0.0000,0.0000,2385.0000,0.0000,0.0000,0.0000,0.0000,15,0,0,0,0,45,0,0,0,0
zc,WS209,2012-06-01 09:00:44.080,2383.0000,322940,0,0.0000,0.0000,0,0,空换,S,2383.0000,0.0000,0.0000,0.0000,0.0000,2385.0000,0.0000,0.0000,0.0000,0.0000,19,0,0,0,0,35,0,0,0,0
zc,WS209,2012-06-01 09:00:44.610,2383.0000,322940,0,0.0000,6.0000,3,3,空换,S,2383.0000,0.0000,0.0000,0.0000,0.0000,2385.0000,0.0000,0.0000,0.0000,0.0000,24,0,0,0,0,35,0,0,0,0
zc,WS209,2012-06-01 09:00:45.393,2383.0000,322940,0,0.0000,0.0000,0,0,空换,S,2384.0000,0.0000,0.0000,0.0000,0.0000,2385.0000,0.0000,0.0000,0.0000,0.0000,5,0,0,0,0,35,0,0,0,0
zc,WS209,2012-06-01 09:00:46.360,2384.0000,322948,8,0.0000,10.0000,9,1,多开,B,2383.0000,0.0000,0.0000,0.0000,0.0000,2385.0000,0.0000,0.0000,0.0000,0.0000,102,0,0,0,0,35,0,0,0,0
zc,WS209,2012-06-01 09:00:46.830,2384.0000,322948,0,0.0000,0.0000,0,0,多换,B,2383.0000,0.0000,0.0000,0.0000,0.0000,2385.0000,0.0000,0.0000,0.0000,0.0000,103,0,0,0,0,34,0,0,0,0
zc,WS209,2012-06-01 09:00:47.597,2384.0000,322948,0,0.0000,0.0000,0,0,多换,B,2384.0000,0.0000,0.0000,0.0000,0.0000,2385.0000,0.0000,0.0000,0.0000,0.0000,15,0,0,0,0,34,0,0,0,0
zc,WS209,2012-06-01 09:00:48.283,2383.0000,322918,-30,0.0000,48.0000,9,39,多平,S,2384.0000,0.0000,0.0000,0.0000,0.0000,2385.0000,0.0000,0.0000,0.0000,0.0000,2,0,0,0,0,19,0,0,0,0
zc,WS209,2012-06-01 09:00:48.907,2383.0000,322918,0,0.0000,0.0000,0,0,空换,S,2384.0000,0.0000,0.0000,0.0000,0.0000,2385.0000,0.0000,0.0000,0.0000,0.0000,11,0,0,0,0,19,0,0,0,0
zc,WS209,2012-06-01 09:00:49.580,2383.0000,322918,0,0.0000,0.0000,0,0,空换,S,2384.0000,0.0000,0.0000,0.0000,0.0000,2385.0000,0.0000,0.0000,0.0000,0.0000,33,0,0,0,0,19,0,0,0,0
zc,WS209,2012-06-01 09:00:50.097,2383.0000,322918,0,0.0000,0.0000,0,0,空换,S,2384.0000,0.0000,0.0000,0.0000,0.0000,2385.0000,0.0000,0.0000,0.0000,0.0000,34,0,0,0,0,19,0,0,0,0
zc,WS209,2012-06-01 09:00:50.907,2385.0000,322932,14,0.0000,44.0000,29,15,多开,B,2385.0000,0.0000,0.0000,0.0000,0.0000,2386.0000,0.0000,0.0000,0.0000,0.0000,80,0,0,0,0,104,0,0,0,0
zc,WS209,2012-06-01 09:00:51.110,2385.0000,322932,0,0.0000,14.0000,7,7,多换,B,2385.0000,0.0000,0.0000,0.0000,0.0000,2386.0000,0.0000,0.0000,0.0000,0.0000,73,0,0,0,0,104,0,0,0,0
zc,WS209,2012-06-01 09:00:51.830,2385.0000,322934,2,0.0000,2.0000,2,0,双开,B,2385.0000,0.0000,0.0000,0.0000,0.0000,2386.0000,0.0000,0.0000,0.0000,0.0000,81,0,0,0,0,104,0,0,0,0
zc,WS209,2012-06-01 09:00:52.347,2386.0000,322930,-4,0.0000,4.0000,0,4,双平,B,2385.0000,0.0000,0.0000,0.0000,0.0000,2386.0000,0.0000,0.0000,0.0000,0.0000,81,0,0,0,0,102,0,0,0,0
zc,WS209,2012-06-01 09:00:53.597,2386.0000,322928,-2,0.0000,6.0000,2,4,空平,B,2385.0000,0.0000,0.0000,0.0000,0.0000,2386.0000,0.0000,0.0000,0.0000,0.0000,79,0,0,0,0,99,0,0,0,0
zc,WS209,2012-06-01 09:00:54.063,2386.0000,322924,-4,0.0000,62.0000,29,33,空平,B,2385.0000,0.0000,0.0000,0.0000,0.0000,2386.0000,0.0000,0.0000,0.0000,0.0000,75,0,0,0,0,68,0,0,0,0
zc,WS209,2012-06-01 09:00:54.813,2385.0000,322924,0,0.0000,12.0000,6,6,空换,S,2385.0000,0.0000,0.0000,0.0000,0.0000,2386.0000,0.0000,0.0000,0.0000,0.0000,91,0,0,0,0,65,0,0,0,0
zc,WS209,2012-06-01 09:00:55.360,2386.0000,322924,0,0.0000,130.0000,65,65,多换,B,2386.0000,0.0000,0.0000,0.0000,0.0000,2387.0000,0.0000,0.0000,0.0000,0.0000,35,0,0,0,0,123,0,0,0,0
zc,WS209,2012-06-01 09:00:56.143,2386.0000,322926,2,0.0000,2.0000,2,0,双开,B,2386.0000,0.0000,0.0000,0.0000,0.0000,2387.0000,0.0000,0.0000,0.0000,0.0000,37,0,0,0,0,124,0,0,0,0
zc,WS209,2012-06-01 09:00:56.627,2386.0000,322926,0,0.0000,2.0000,1,1,多换,B,2386.0000,0.0000,0.0000,0.0000,0.0000,2387.0000,0.0000,0.0000,0.0000,0.0000,35,0,0,0,0,124,0,0,0,0
zc,WS209,2012-06-01 09:00:57.360,2387.0000,322926,0,0.0000,4.0000,2,2,多换,B,2386.0000,0.0000,0.0000,0.0000,0.0000,2387.0000,0.0000,0.0000,0.0000,0.0000,35,0,0,0,0,123,0,0,0,0
zc,WS209,2012-06-01 09:00:58.360,2387.0000,322924,-2,0.0000,6.0000,2,4,空平,B,2386.0000,0.0000,0.0000,0.0000,0.0000,2387.0000,0.0000,0.0000,0.0000,0.0000,35,0,0,0,0,120,0,0,0,0
zc,WS209,2012-06-01 09:00:58.847,2387.0000,322924,0,0.0000,0.0000,0,0,多换,B,2386.0000,0.0000,0.0000,0.0000,0.0000,2387.0000,0.0000,0.0000,0.0000,0.0000,40,0,0,0,0,121,0,0,0,0
zc,WS209,2012-06-01 09:00:59.813,2386.0000,322924,0,0.0000,4.0000,2,2,空换,S,2386.0000,0.0000,0.0000,0.0000,0.0000,2387.0000,0.0000,0.0000,0.0000,0.0000,38,0,0,0,0,120,0,0,0,0
zc,WS209,2012-06-01 09:01:00.347,2387.0000,322926,2,0.0000,12.0000,7,5,多开,B,2386.0000,0.0000,0.0000,0.0000,0.0000,2387.0000,0.0000,0.0000,0.0000,0.0000,35,0,0,0,0,117,0,0,0,0
zc,WS209,2012-06-01 09:01:01.080,2387.0000,322926,0,0.0000,2.0000,1,1,多换,B,2386.0000,0.0000,0.0000,0.0000,0.0000,2387.0000,0.0000,0.0000,0.0000,0.0000,37,0,0,0,0,116,0,0,0,0
zc,WS209,2012-06-01 09:01:01.643,2387.0000,322932,6,0.0000,12.0000,9,3,多开,B,2386.0000,0.0000,0.0000,0.0000,0.0000,2387.0000,0.0000,0.0000,0.0000,0.0000,34,0,0,0,0,113,0,0,0,0
zc,WS209,2012-06-01 09:01:02.313,2387.0000,322932,0,0.0000,6.0000,3,3,多换,B,2386.0000,0.0000,0.0000,0.0000,0.0000,2387.0000,0.0000,0.0000,0.0000,0.0000,34,0,0,0,0,5,0,0,0,0
zc,WS209,2012-06-01 09:01:02.893,2387.0000,322932,0,0.0000,8.0000,4,4,多换,B,2386.0000,0.0000,0.0000,0.0000,0.0000,2387.0000,0.0000,0.0000,0.0000,0.0000,36,0,0,0,0,3,0,0,0,0
zc,WS209,2012-06-01 09:01:03.627,2387.0000,322932,0,0.0000,6.0000,3,3,多换,B,2386.0000,0.0000,0.0000,0.0000,0.0000,2388.0000,0.0000,0.0000,0.0000,0.0000,40,0,0,0,0,20,0,0,0,0
zc,WS209,2012-06-01 09:01:04.080,2387.0000,322932,0,0.0000,0.0000,0,0,多换,B,2387.0000,0.0000,0.0000,0.0000,0.0000,2388.0000,0.0000,0.0000,0.0000,0.0000,1,0,0,0,0,12,0,0,0,0
zc,WS209,2012-06-01 09:01:04.877,2387.0000,322914,-18,0.0000,24.0000,3,21,空平,B,2387.0000,0.0000,0.0000,0.0000,0.0000,2388.0000,0.0000,0.0000,0.0000,0.0000,5,0,0,0,0,2,0,0,0,0
zc,WS209,2012-06-01 09:01:06.047,2387.0000,322916,2,0.0000,4.0000,3,1,多开,B,2387.0000,0.0000,0.0000,0.0000,0.0000,2388.0000,0.0000,0.0000,0.0000,0.0000,3,0,0,0,0,2,0,0,0,0
zc,WS209,2012-06-01 09:01:07.360,2387.0000,322916,0,0.0000,0.0000,0,0,多换,B,2387.0000,0.0000,0.0000,0.0000,0.0000,2388.0000,0.0000,0.0000,0.0000,0.0000,4,0,0,0,0,4,0,0,0,0
zc,WS209,2012-06-01 09:01:07.893,2387.0000,322914,-2,0.0000,4.0000,1,3,空平,B,2387.0000,0.0000,0.0000,0.0000,0.0000,2388.0000,0.0000,0.0000,0.0000,0.0000,4,0,0,0,0,4,0,0,0,0
zc,WS209,2012-06-01 09:01:08.597,2387.0000,322914,0,0.0000,4.0000,2,2,多换,B,2387.0000,0.0000,0.0000,0.0000,0.0000,2388.0000,0.0000,0.0000,0.0000,0.0000,2,0,0,0,0,4,0,0,0,0
zc,WS209,2012-06-01 09:01:09.127,2388.0000,322914,0,0.0000,8.0000,4,4,多换,B,2387.0000,0.0000,0.0000,0.0000,0.0000,2388.0000,0.0000,0.0000,0.0000,0.0000,103,0,0,0,0,1,0,0,0,0
zc,WS209,2012-06-01 09:01:09.847,2388.0000,322916,2,0.0000,2.0000,2,0,双开,B,2387.0000,0.0000,0.0000,0.0000,0.0000,2389.0000,0.0000,0.0000,0.0000,0.0000,109,0,0,0,0,24,0,0,0,0
zc,WS209,2012-06-01 09:01:10.360,2388.0000,322916,0,0.0000,0.0000,0,0,多换,B,2387.0000,0.0000,0.0000,0.0000,0.0000,2388.0000,0.0000,0.0000,0.0000,0.0000,110,0,0,0,0,1,0,0,0,0
zc,WS209,2012-06-01 09:01:10.797,2389.0000,322900,-16,0.0000,22.0000,3,19,空平,B,2387.0000,0.0000,0.0000,0.0000,0.0000,2389.0000,0.0000,0.0000,0.0000,0.0000,108,0,0,0,0,15,0,0,0,0
zc,WS209,2012-06-01 09:01:12.110,2388.0000,322900,0,0.0000,6.0000,3,3,空换,S,2388.0000,0.0000,0.0000,0.0000,0.0000,2389.0000,0.0000,0.0000,0.0000,0.0000,2,0,0,0,0,17,0,0,0,0
zc,WS209,2012-06-01 09:01:12.847,2389.0000,322898,-2,0.0000,34.0000,16,18,空平,B,2388.0000,0.0000,0.0000,0.0000,0.0000,2389.0000,0.0000,0.0000,0.0000,0.0000,4,0,0,0,0,15,0,0,0,0
zc,WS209,2012-06-01 09:01:13.330,2388.0000,322896,-2,0.0000,8.0000,3,5,多平,S,2387.0000,0.0000,0.0000,0.0000,0.0000,2388.0000,0.0000,0.0000,0.0000,0.0000,96,0,0,0,0,16,0,0,0,0
zc,WS209,2012-06-01 09:01:13.830,2388.0000,322896,0,0.0000,0.0000,0,0,空换,S,2387.0000,0.0000,0.0000,0.0000,0.0000,2388.0000,0.0000,0.0000,0.0000,0.0000,118,0,0,0,0,46,0,0,0,0
zc,WS209,2012-06-01 09:01:14.377,2388.0000,322896,0,0.0000,6.0000,3,3,空换,S,2387.0000,0.0000,0.0000,0.0000,0.0000,2388.0000,0.0000,0.0000,0.0000,0.0000,94,0,0,0,0,45,0,0,0,0
zc,WS209,2012-06-01 09:01:15.097,2387.0000,322900,4,0.0000,4.0000,4,0,双开,S,2387.0000,0.0000,0.0000,0.0000,0.0000,2388.0000,0.0000,0.0000,0.0000,0.0000,94,0,0,0,0,45,0,0,0,0
zc,WS209,2012-06-01 09:01:15.830,2387.0000,322900,0,0.0000,0.0000,0,0,空换,S,2387.0000,0.0000,0.0000,0.0000,0.0000,2388.0000,0.0000,0.0000,0.0000,0.0000,95,0,0,0,0,45,0,0,0,0
zc,WS209,2012-06-01 09:01:16.347,2388.0000,322882,-18,0.0000,20.0000,1,19,空平,B,2387.0000,0.0000,0.0000,0.0000,0.0000,2388.0000,0.0000,0.0000,0.0000,0.0000,109,0,0,0,0,35,0,0,0,0
zc,WS209,2012-06-01 09:01:17.110,2388.0000,322882,0,0.0000,2.0000,1,1,多换,B,2387.0000,0.0000,0.0000,0.0000,0.0000,2388.0000,0.0000,0.0000,0.0000,0.0000,108,0,0,0,0,35,0,0,0,0
zc,WS209,2012-06-01 09:01:17.330,2387.0000,322882,0,0.0000,2.0000,1,1,空换,S,2387.0000,0.0000,0.0000,0.0000,0.0000,2388.0000,0.0000,0.0000,0.0000,0.0000,115,0,0,0,0,35,0,0,0,0
zc,WS209,2012-06-01 09:01:18.097,2388.0000,322934,52,0.0000,60.0000,56,4,多开,B,2387.0000,0.0000,0.0000,0.0000,0.0000,2388.0000,0.0000,0.0000,0.0000,0.0000,113,0,0,0,0,6,0,0,0,0
zc,WS209,2012-06-01 09:01:18.597,2388.0000,322934,0,0.0000,2.0000,1,1,多换,B,2387.0000,0.0000,0.0000,0.0000,0.0000,2388.0000,0.0000,0.0000,0.0000,0.0000,120,0,0,0,0,5,0,0,0,0
zc,WS209,2012-06-01 09:01:19.377,2387.0000,322940,6,0.0000,12.0000,9,3,空开,S,2387.0000,0.0000,0.0000,0.0000,0.0000,2388.0000,0.0000,0.0000,0.0000,0.0000,121,0,0,0,0,20,0,0,0,0
zc,WS209,2012-06-01 09:01:19.893,2387.0000,322940,0,0.0000,2.0000,1,1,空换,S,2387.0000,0.0000,0.0000,0.0000,0.0000,2388.0000,0.0000,0.0000,0.0000,0.0000,120,0,0,0,0,20,0,0,0,0
zc,WS209,2012-06-01 09:01:20.377,2388.0000,322924,-16,0.0000,16.0000,0,16,双平,B,2387.0000,0.0000,0.0000,0.0000,0.0000,2388.0000,0.0000,0.0000,0.0000,0.0000,120,0,0,0,0,13,0,0,0,0
zc,WS209,2012-06-01 09:01:21.143,2388.0000,322924,0,0.0000,2.0000,1,1,多换,B,2387.0000,0.0000,0.0000,0.0000,0.0000,2388.0000,0.0000,0.0000,0.0000,0.0000,121,0,0,0,0,12,0,0,0,0
zc,WS209,2012-06-01 09:01:21.563,2388.0000,322922,-2,0.0000,6.0000,2,4,空平,B,2387.0000,0.0000,0.0000,0.0000,0.0000,2388.0000,0.0000,0.0000,0.0000,0.0000,119,0,0,0,0,11,0,0,0,0
zc,WS209,2012-06-01 09:01:22.347,2388.0000,322918,-4,0.0000,6.0000,1,5,空平,B,2387.0000,0.0000,0.0000,0.0000,0.0000,2388.0000,0.0000,0.0000,0.0000,0.0000,119,0,0,0,0,8,0,0,0,0
zc,WS209,2012-06-01 09:01:22.830,2388.0000,322918,0,0.0000,0.0000,0,0,多换,B,2387.0000,0.0000,0.0000,0.0000,0.0000,2388.0000,0.0000,0.0000,0.0000,0.0000,119,0,0,0,0,9,0,0,0,0
zc,WS209,2012-06-01 09:01:23.347,2387.0000,322918,0,0.0000,6.0000,3,3,空换,S,2387.0000,0.0000,0.0000,0.0000,0.0000,2388.0000,0.0000,0.0000,0.0000,0.0000,119,0,0,0,0,8,0,0,0,0
zc,WS209,2012-06-01 09:01:23.893,2388.0000,322946,28,0.0000,68.0000,48,20,多开,B,2387.0000,0.0000,0.0000,0.0000,0.0000,2388.0000,0.0000,0.0000,0.0000,0.0000,119,0,0,0,0,76,0,0,0,0
zc,WS209,2012-06-01 09:01:24.597,2388.0000,322960,14,0.0000,16.0000,15,1,多开,B,2387.0000,0.0000,0.0000,0.0000,0.0000,2388.0000,0.0000,0.0000,0.0000,0.0000,111,0,0,0,0,223,0,0,0,0
zc,WS209,2012-06-01 09:01:25.080,2388.0000,323052,92,0.0000,92.0000,92,0,双开,B,2387.0000,0.0000,0.0000,0.0000,0.0000,2388.0000,0.0000,0.0000,0.0000,0.0000,97,0,0,0,0,178,0,0,0,0
zc,WS209,2012-06-01 09:01:25.813,2388.0000,323054,2,0.0000,2.0000,2,0,双开,B,2387.0000,0.0000,0.0000,0.0000,0.0000,2388.0000,0.0000,0.0000,0.0000,0.0000,101,0,0,0,0,177,0,0,0,0
zc,WS209,2012-06-01 09:01:26.360,2388.0000,323044,-10,0.0000,216.0000,103,113,空平,B,2387.0000,0.0000,0.0000,0.0000,0.0000,2388.0000,0.0000,0.0000,0.0000,0.0000,3,0,0,0,0,176,0,0,0,0
zc,WS209,2012-06-01 09:01:27.097,2387.0000,323048,4,0.0000,6.0000,5,1,空开,S,2386.0000,0.0000,0.0000,0.0000,0.0000,2387.0000,0.0000,0.0000,0.0000,0.0000,51,0,0,0,0,28,0,0,0,0
zc,WS209,2012-06-01 09:01:27.580,2387.0000,323054,6,0.0000,6.0000,6,0,双开,S,2386.0000,0.0000,0.0000,0.0000,0.0000,2387.0000,0.0000,0.0000,0.0000,0.0000,59,0,0,0,0,25,0,0,0,0
zc,WS209,2012-06-01 09:01:28.440,2387.0000,323108,54,0.0000,56.0000,55,1,空开,S,2386.0000,0.0000,0.0000,0.0000,0.0000,2388.0000,0.0000,0.0000,0.0000,0.0000,54,0,0,0,0,179,0,0,0,0
zc,WS209,2012-06-01 09:01:28.830,2388.0000,323128,20,0.0000,22.0000,21,1,多开,B,2386.0000,0.0000,0.0000,0.0000,0.0000,2388.0000,0.0000,0.0000,0.0000,0.0000,50,0,0,0,0,170,0,0,0,0
zc,WS209,2012-06-01 09:01:29.313,2388.0000,323128,0,0.0000,0.0000,0,0,多换,B,2386.0000,0.0000,0.0000,0.0000,0.0000,2387.0000,0.0000,0.0000,0.0000,0.0000,50,0,0,0,0,2,0,0,0,0
zc,WS209,2012-06-01 09:01:30.063,2388.0000,323128,0,0.0000,0.0000,0,0,多换,B,2386.0000,0.0000,0.0000,0.0000,0.0000,2387.0000,0.0000,0.0000,0.0000,0.0000,27,0,0,0,0,2,0,0,0,0
zc,WS209,2012-06-01 09:01:30.563,2387.0000,323128,0,0.0000,2.0000,1,1,空换,S,2386.0000,0.0000,0.0000,0.0000,0.0000,2387.0000,0.0000,0.0000,0.0000,0.0000,27,0,0,0,0,22,0,0,0,0
zc,WS209,2012-06-01 09:01:31.047,2387.0000,323130,2,0.0000,2.0000,2,0,双开,S,2386.0000,0.0000,0.0000,0.0000,0.0000,2387.0000,0.0000,0.0000,0.0000,0.0000,27,0,0,0,0,26,0,0,0,0
zc,WS209,2012-06-01 09:01:31.610,2387.0000,323130,0,0.0000,2.0000,1,1,空换,S,2386.0000,0.0000,0.0000,0.0000,0.0000,2387.0000,0.0000,0.0000,0.0000,0.0000,33,0,0,0,0,26,0,0,0,0
zc,WS209,2012-06-01 09:01:32.297,2387.0000,323130,0,0.0000,4.0000,2,2,空换,S,2386.0000,0.0000,0.0000,0.0000,0.0000,2387.0000,0.0000,0.0000,0.0000,0.0000,33,0,0,0,0,24,0,0,0,0
zc,WS209,2012-06-01 09:01:32.830,2387.0000,323130,0,0.0000,0.0000,0,0,空换,S,2386.0000,0.0000,0.0000,0.0000,0.0000,2387.0000,0.0000,0.0000,0.0000,0.0000,34,0,0,0,0,24,0,0,0,0
zc,WS209,2012-06-01 09:01:33.563,2387.0000,323130,0,0.0000,0.0000,0,0,空换,S,2386.0000,0.0000,0.0000,0.0000,0.0000,2387.0000,0.0000,0.0000,0.0000,0.0000,35,0,0,0,0,24,0,0,0,0
zc,WS209,2012-06-01 09:01:34.080,2387.0000,323130,0,0.0000,0.0000,0,0,空换,S,2386.0000,0.0000,0.0000,0.0000,0.0000,2387.0000,0.0000,0.0000,0.0000,0.0000,35,0,0,0,0,26,0,0,0,0
zc,WS209,2012-06-01 09:01:34.580,2387.0000,323130,0,0.0000,0.0000,0,0,空换,S,2386.0000,0.0000,0.0000,0.0000,0.0000,2387.0000,0.0000,0.0000,0.0000,0.0000,35,0,0,0,0,27,0,0,0,0
zc,WS209,2012-06-01 09:01:35.267,2387.0000,323124,-6,0.0000,6.0000,0,6,双平,S,2386.0000,0.0000,0.0000,0.0000,0.0000,2387.0000,0.0000,0.0000,0.0000,0.0000,35,0,0,0,0,24,0,0,0,0
zc,WS209,2012-06-01 09:01:35.830,2387.0000,323120,-4,0.0000,4.0000,0,4,双平,S,2386.0000,0.0000,0.0000,0.0000,0.0000,2387.0000,0.0000,0.0000,0.0000,0.0000,36,0,0,0,0,22,0,0,0,0
zc,WS209,2012-06-01 09:01:36.533,2387.0000,323120,0,0.0000,8.0000,4,4,空换,S,2386.0000,0.0000,0.0000,0.0000,0.0000,2387.0000,0.0000,0.0000,0.0000,0.0000,36,0,0,0,0,19,0,0,0,0
zc,WS209,2012-06-01 09:01:38.047,2387.0000,323112,-8,0.0000,8.0000,0,8,双平,S,2386.0000,0.0000,0.0000,0.0000,0.0000,2387.0000,0.0000,0.0000,0.0000,0.0000,36,0,0,0,0,15,0,0,0,0
zc,WS209,2012-06-01 09:01:38.813,2387.0000,323112,0,0.0000,6.0000,3,3,空换,S,2386.0000,0.0000,0.0000,0.0000,0.0000,2387.0000,0.0000,0.0000,0.0000,0.0000,34,0,0,0,0,12,0,0,0,0
zc,WS209,2012-06-01 09:01:40.033,2387.0000,323112,0,0.0000,2.0000,1,1,空换,S,2386.0000,0.0000,0.0000,0.0000,0.0000,2387.0000,0.0000,0.0000,0.0000,0.0000,47,0,0,0,0,11,0,0,0,0
zc,WS209,2012-06-01 09:01:40.767,2387.0000,323112,0,0.0000,0.0000,0,0,空换,S,2386.0000,0.0000,0.0000,0.0000,0.0000,2387.0000,0.0000,0.0000,0.0000,0.0000,47,0,0,0,0,12,0,0,0,0
zc,WS209,2012-06-01 09:01:42.313,2387.0000,323108,-4,0.0000,12.0000,4,8,多平,S,2386.0000,0.0000,0.0000,0.0000,0.0000,2387.0000,0.0000,0.0000,0.0000,0.0000,47,0,0,0,0,6,0,0,0,0
zc,WS209,2012-06-01 09:01:43.063,2387.0000,323108,0,0.0000,0.0000,0,0,空换,S,2386.0000,0.0000,0.0000,0.0000,0.0000,2387.0000,0.0000,0.0000,0.0000,0.0000,57,0,0,0,0,6,0,0,0,0
zc,WS209,2012-06-01 09:01:43.610,2387.0000,323108,0,0.0000,0.0000,0,0,空换,S,2386.0000,0.0000,0.0000,0.0000,0.0000,2387.0000,0.0000,0.0000,0.0000,0.0000,58,0,0,0,0,6,0,0,0,0
zc,WS209,2012-06-01 09:01:44.267,2387.0000,323110,2,0.0000,2.0000,2,0,双开,S,2386.0000,0.0000,0.0000,0.0000,0.0000,2387.0000,0.0000,0.0000,0.0000,0.0000,58,0,0,0,0,5,0,0,0,0
zc,WS209,2012-06-01 09:01:45.547,2386.0000,323112,2,0.0000,6.0000,4,2,空开,S,2386.0000,0.0000,0.0000,0.0000,0.0000,2387.0000,0.0000,0.0000,0.0000,0.0000,57,0,0,0,0,3,0,0,0,0
zc,WS209,2012-06-01 09:01:46.080,2387.0000,323116,4,0.0000,12.0000,8,4,多开,B,2386.0000,0.0000,0.0000,0.0000,0.0000,2387.0000,0.0000,0.0000,0.0000,0.0000,54,0,0,0,0,3,0,0,0,0
zc,WS209,2012-06-01 09:01:46.847,2386.0000,323208,92,0.0000,118.0000,105,13,空开,S,2385.0000,0.0000,0.0000,0.0000,0.0000,2386.0000,0.0000,0.0000,0.0000,0.0000,18,0,0,0,0,96,0,0,0,0
zc,WS209,2012-06-01 09:01:47.877,2386.0000,323214,6,0.0000,20.0000,13,7,空开,S,2385.0000,0.0000,0.0000,0.0000,0.0000,2386.0000,0.0000,0.0000,0.0000,0.0000,26,0,0,0,0,86,0,0,0,0
zc,WS209,2012-06-01 09:01:48.643,2386.0000,323214,0,0.0000,0.0000,0,0,空换,S,2385.0000,0.0000,0.0000,0.0000,0.0000,2386.0000,0.0000,0.0000,0.0000,0.0000,19,0,0,0,0,86,0,0,0,0
zc,WS209,2012-06-01 09:01:48.847,2386.0000,323220,6,0.0000,6.0000,6,0,双开,S,2385.0000,0.0000,0.0000,0.0000,0.0000,2386.0000,0.0000,0.0000,0.0000,0.0000,16,0,0,0,0,83,0,0,0,0
zc,WS209,2012-06-01 09:01:50.097,2385.0000,323220,0,0.0000,2.0000,1,1,空换,S,2385.0000,0.0000,0.0000,0.0000,0.0000,2386.0000,0.0000,0.0000,0.0000,0.0000,15,0,0,0,0,83,0,0,0,0
zc,WS209,2012-06-01 09:01:50.597,2385.0000,323220,0,0.0000,0.0000,0,0,空换,S,2385.0000,0.0000,0.0000,0.0000,0.0000,2386.0000,0.0000,0.0000,0.0000,0.0000,14,0,0,0,0,83,0,0,0,0
zc,WS209,2012-06-01 09:01:51.347,2385.0000,323220,0,0.0000,2.0000,1,1,空换,S,2385.0000,0.0000,0.0000,0.0000,0.0000,2386.0000,0.0000,0.0000,0.0000,0.0000,13,0,0,0,0,83,0,0,0,0
zc,WS209,2012-06-01 09:01:52.627,2386.0000,323230,10,0.0000,12.0000,11,1,多开,B,2385.0000,0.0000,0.0000,0.0000,0.0000,2386.0000,0.0000,0.0000,0.0000,0.0000,12,0,0,0,0,78,0,0,0,0
zc,WS209,2012-06-01 09:01:52.893,2386.0000,323230,0,0.0000,0.0000,0,0,多换,B,2385.0000,0.0000,0.0000,0.0000,0.0000,2386.0000,0.0000,0.0000,0.0000,0.0000,16,0,0,0,0,78,0,0,0,0
zc,WS209,2012-06-01 09:01:53.830,2386.0000,323230,0,0.0000,2.0000,1,1,多换,B,2385.0000,0.0000,0.0000,0.0000,0.0000,2386.0000,0.0000,0.0000,0.0000,0.0000,21,0,0,0,0,77,0,0,0,0
zc,WS209,2012-06-01 09:01:54.063,2385.0000,323230,0,0.0000,2.0000,1,1,空换,S,2385.0000,0.0000,0.0000,0.0000,0.0000,2386.0000,0.0000,0.0000,0.0000,0.0000,21,0,0,0,0,77,0,0,0,0
zc,WS209,2012-06-01 09:01:54.847,2386.0000,323232,2,0.0000,22.0000,12,10,多开,B,2385.0000,0.0000,0.0000,0.0000,0.0000,2386.0000,0.0000,0.0000,0.0000,0.0000,21,0,0,0,0,66,0,0,0,0
zc,WS209,2012-06-01 09:01:55.330,2385.0000,323242,10,0.0000,10.0000,10,0,双开,S,2385.0000,0.0000,0.0000,0.0000,0.0000,2386.0000,0.0000,0.0000,0.0000,0.0000,16,0,0,0,0,66,0,0,0,0
zc,WS209,2012-06-01 09:01:55.847,2386.0000,323246,4,0.0000,4.0000,4,0,双开,B,2385.0000,0.0000,0.0000,0.0000,0.0000,2386.0000,0.0000,0.0000,0.0000,0.0000,15,0,0,0,0,65,0,0,0,0
zc,WS209,2012-06-01 09:01:56.563,2386.0000,323252,6,0.0000,10.0000,8,2,多开,B,2385.0000,0.0000,0.0000,0.0000,0.0000,2386.0000,0.0000,0.0000,0.0000,0.0000,46,0,0,0,0,61,0,0,0,0
zc,WS209,2012-06-01 09:01:57.063,2386.0000,323260,8,0.0000,8.0000,8,0,双开,B,2385.0000,0.0000,0.0000,0.0000,0.0000,2386.0000,0.0000,0.0000,0.0000,0.0000,42,0,0,0,0,58,0,0,0,0
zc,WS209,2012-06-01 09:01:58.047,2386.0000,323266,6,0.0000,6.0000,6,0,双开,B,2385.0000,0.0000,0.0000,0.0000,0.0000,2386.0000,0.0000,0.0000,0.0000,0.0000,51,0,0,0,0,55,0,0,0,0
zc,WS209,2012-06-01 09:01:58.830,2386.0000,323062,-204,0.0000,402.0000,99,303,空平,B,2384.0000,0.0000,0.0000,0.0000,0.0000,2386.0000,0.0000,0.0000,0.0000,0.0000,197,0,0,0,0,9,0,0,0,0
zc,WS209,2012-06-01 09:01:59.360,2386.0000,323062,0,0.0000,6.0000,3,3,多换,B,2384.0000,0.0000,0.0000,0.0000,0.0000,2386.0000,0.0000,0.0000,0.0000,0.0000,197,0,0,0,0,6,0,0,0,0
zc,WS209,2012-06-01 09:02:00.017,2386.0000,323062,0,0.0000,0.0000,0,0,多换,B,2385.0000,0.0000,0.0000,0.0000,0.0000,2386.0000,0.0000,0.0000,0.0000,0.0000,1,0,0,0,0,6,0,0,0,0
zc,WS209,2012-06-01 09:02:01.063,2385.0000,323064,2,0.0000,4.0000,3,1,空开,S,2385.0000,0.0000,0.0000,0.0000,0.0000,2386.0000,0.0000,0.0000,0.0000,0.0000,3,0,0,0,0,5,0,0,0,0
zc,WS209,2012-06-01 09:02:03.143,2385.0000,323064,0,0.0000,0.0000,0,0,空换,S,2385.0000,0.0000,0.0000,0.0000,0.0000,2386.0000,0.0000,0.0000,0.0000,0.0000,4,0,0,0,0,5,0,0,0,0
zc,WS209,2012-06-01 09:02:03.893,2386.0000,323048,-16,0.0000,24.0000,4,20,空平,B,2385.0000,0.0000,0.0000,0.0000,0.0000,2386.0000,0.0000,0.0000,0.0000,0.0000,1,0,0,0,0,2,0,0,0,0
zc,WS209,2012-06-01 09:02:04.330,2386.0000,323048,0,0.0000,0.0000,0,0,多换,B,2384.0000,0.0000,0.0000,0.0000,0.0000,2386.0000,0.0000,0.0000,0.0000,0.0000,150,0,0,0,0,5,0,0,0,0
zc,WS209,2012-06-01 09:02:05.097,2386.0000,323048,0,0.0000,0.0000,0,0,多换,B,2384.0000,0.0000,0.0000,0.0000,0.0000,2386.0000,0.0000,0.0000,0.0000,0.0000,150,0,0,0,0,6,0,0,0,0
zc,WS209,2012-06-01 09:02:06.847,2386.0000,323048,0,0.0000,0.0000,0,0,多换,B,2384.0000,0.0000,0.0000,0.0000,0.0000,2386.0000,0.0000,0.0000,0.0000,0.0000,159,0,0,0,0,8,0,0,0,0
zc,WS209,2012-06-01 09:02:07.283,2384.0000,323046,-2,0.0000,2.0000,0,2,双平,S,2384.0000,0.0000,0.0000,0.0000,0.0000,2386.0000,0.0000,0.0000,0.0000,0.0000,158,0,0,0,0,8,0,0,0,0
zc,WS209,2012-06-01 09:02:08.407,2386.0000,323044,-2,0.0000,4.0000,1,3,空平,B,2385.0000,0.0000,0.0000,0.0000,0.0000,2386.0000,0.0000,0.0000,0.0000,0.0000,44,0,0,0,0,6,0,0,0,0
zc,WS209,2012-06-01 09:02:09.047,2386.0000,323044,0,0.0000,0.0000,0,0,多换,B,2385.0000,0.0000,0.0000,0.0000,0.0000,2386.0000,0.0000,0.0000,0.0000,0.0000,36,0,0,0,0,6,0,0,0,0
zc,WS209,2012-06-01 09:02:09.517,2386.0000,323044,0,0.0000,0.0000,0,0,多换,B,2385.0000,0.0000,0.0000,0.0000,0.0000,2386.0000,0.0000,0.0000,0.0000,0.0000,38,0,0,0,0,7,0,0,0,0
zc,WS209,2012-06-01 09:02:10.783,2386.0000,323044,0,0.0000,0.0000,0,0,多换,B,2385.0000,0.0000,0.0000,0.0000,0.0000,2386.0000,0.0000,0.0000,0.0000,0.0000,37,0,0,0,0,8,0,0,0,0
zc,WS209,2012-06-01 09:02:11.330,2385.0000,323040,-4,0.0000,4.0000,0,4,双平,S,2385.0000,0.0000,0.0000,0.0000,0.0000,2386.0000,0.0000,0.0000,0.0000,0.0000,35,0,0,0,0,8,0,0,0,0
zc,WS209,2012-06-01 09:02:12.110,2385.0000,323036,-4,0.0000,4.0000,0,4,双平,S,2385.0000,0.0000,0.0000,0.0000,0.0000,2386.0000,0.0000,0.0000,0.0000,0.0000,33,0,0,0,0,8,0,0,0,0
zc,WS209,2012-06-01 09:02:12.533,2385.0000,323036,0,0.0000,0.0000,0,0,空换,S,2385.0000,0.0000,0.0000,0.0000,0.0000,2386.0000,0.0000,0.0000,0.0000,0.0000,22,0,0,0,0,8,0,0,0,0
zc,WS209,2012-06-01 09:02:13.047,2385.0000,323036,0,0.0000,0.0000,0,0,空换,S,2385.0000,0.0000,0.0000,0.0000,0.0000,2386.0000,0.0000,0.0000,0.0000,0.0000,24,0,0,0,0,8,0,0,0,0
zc,WS209,2012-06-01 09:02:13.563,2386.0000,323014,-22,0.0000,38.0000,8,30,空平,B,2386.0000,0.0000,0.0000,0.0000,0.0000,2387.0000,0.0000,0.0000,0.0000,0.0000,6,0,0,0,0,131,0,0,0,0
zc,WS209,2012-06-01 09:02:14.330,2386.0000,323002,-12,0.0000,12.0000,0,12,双平,B,2385.0000,0.0000,0.0000,0.0000,0.0000,2387.0000,0.0000,0.0000,0.0000,0.0000,4,0,0,0,0,132,0,0,0,0
zc,WS209,2012-06-01 09:02:14.797,2386.0000,323002,0,0.0000,0.0000,0,0,多换,B,2385.0000,0.0000,0.0000,0.0000,0.0000,2387.0000,0.0000,0.0000,0.0000,0.0000,22,0,0,0,0,131,0,0,0,0
zc,WS209,2012-06-01 09:02:15.283,2386.0000,323002,0,0.0000,2.0000,1,1,多换,B,2385.0000,0.0000,0.0000,0.0000,0.0000,2387.0000,0.0000,0.0000,0.0000,0.0000,21,0,0,0,0,131,0,0,0,0
zc,WS209,2012-06-01 09:02:16.097,2385.0000,323000,-2,0.0000,2.0000,0,2,双平,S,2385.0000,0.0000,0.0000,0.0000,0.0000,2387.0000,0.0000,0.0000,0.0000,0.0000,20,0,0,0,0,131,0,0,0,0
zc,WS209,2012-06-01 09:02:16.547,2385.0000,323000,0,0.0000,0.0000,0,0,空换,S,2385.0000,0.0000,0.0000,0.0000,0.0000,2387.0000,0.0000,0.0000,0.0000,0.0000,12,0,0,0,0,131,0,0,0,0
zc,WS209,2012-06-01 09:02:17.063,2387.0000,322998,-2,0.0000,38.0000,18,20,空平,B,2386.0000,0.0000,0.0000,0.0000,0.0000,2387.0000,0.0000,0.0000,0.0000,0.0000,2,0,0,0,0,119,0,0,0,0
zc,WS209,2012-06-01 09:02:17.580,2386.0000,322998,0,0.0000,2.0000,1,1,空换,S,2386.0000,0.0000,0.0000,0.0000,0.0000,2387.0000,0.0000,0.0000,0.0000,0.0000,1,0,0,0,0,119,0,0,0,0
zc,WS209,2012-06-01 09:02:18.313,2386.0000,323000,2,0.0000,2.0000,2,0,双开,S,2385.0000,0.0000,0.0000,0.0000,0.0000,2387.0000,0.0000,0.0000,0.0000,0.0000,6,0,0,0,0,119,0,0,0,0
zc,WS209,2012-06-01 09:02:19.110,2386.0000,323000,0,0.0000,0.0000,0,0,空换,S,2385.0000,0.0000,0.0000,0.0000,0.0000,2386.0000,0.0000,0.0000,0.0000,0.0000,6,0,0,0,0,3,0,0,0,0
zc,WS209,2012-06-01 09:02:19.580,2386.0000,323000,0,0.0000,0.0000,0,0,空换,S,2385.0000,0.0000,0.0000,0.0000,0.0000,2386.0000,0.0000,0.0000,0.0000,0.0000,7,0,0,0,0,3,0,0,0,0
zc,WS209,2012-06-01 09:02:20.813,2386.0000,323000,0,0.0000,0.0000,0,0,空换,S,2385.0000,0.0000,0.0000,0.0000,0.0000,2386.0000,0.0000,0.0000,0.0000,0.0000,8,0,0,0,0,3,0,0,0,0
zc,WS209,2012-06-01 09:02:22.143,2386.0000,323000,0,0.0000,2.0000,1,1,空换,S,2385.0000,0.0000,0.0000,0.0000,0.0000,2386.0000,0.0000,0.0000,0.0000,0.0000,8,0,0,0,0,2,0,0,0,0
zc,WS209,2012-06-01 09:02:22.517,2386.0000,323000,0,0.0000,0.0000,0,0,空换,S,2385.0000,0.0000,0.0000,0.0000,0.0000,2386.0000,0.0000,0.0000,0.0000,0.0000,9,0,0,0,0,2,0,0,0,0
zc,WS209,2012-06-01 09:02:23.017,2386.0000,323000,0,0.0000,0.0000,0,0,空换,S,2385.0000,0.0000,0.0000,0.0000,0.0000,2386.0000,0.0000,0.0000,0.0000,0.0000,10,0,0,0,0,2,0,0,0,0
zc,WS209,2012-06-01 09:02:23.797,2386.0000,322996,-4,0.0000,4.0000,0,4,双平,S,2386.0000,0.0000,0.0000,0.0000,0.0000,2387.0000,0.0000,0.0000,0.0000,0.0000,98,0,0,0,0,119,0,0,0,0
zc,WS209,2012-06-01 09:02:26.080,2386.0000,322986,-10,0.0000,10.0000,0,10,双平,S,2386.0000,0.0000,0.0000,0.0000,0.0000,2387.0000,0.0000,0.0000,0.0000,0.0000,93,0,0,0,0,119,0,0,0,0
zc,WS209,2012-06-01 09:02:26.597,2386.0000,322984,-2,0.0000,2.0000,0,2,双平,S,2386.0000,0.0000,0.0000,0.0000,0.0000,2387.0000,0.0000,0.0000,0.0000,0.0000,92,0,0,0,0,119,0,0,0,0
zc,WS209,2012-06-01 09:02:27.080,2386.0000,322980,-4,0.0000,4.0000,0,4,双平,S,2386.0000,0.0000,0.0000,0.0000,0.0000,2387.0000,0.0000,0.0000,0.0000,0.0000,90,0,0,0,0,119,0,0,0,0
zc,WS209,2012-06-01 09:02:27.813,2386.0000,322978,-2,0.0000,2.0000,0,2,双平,S,2386.0000,0.0000,0.0000,0.0000,0.0000,2387.0000,0.0000,0.0000,0.0000,0.0000,89,0,0,0,0,119,0,0,0,0
zc,WS209,2012-06-01 09:02:28.313,2386.0000,322978,0,0.0000,0.0000,0,0,空换,S,2386.0000,0.0000,0.0000,0.0000,0.0000,2387.0000,0.0000,0.0000,0.0000,0.0000,89,0,0,0,0,133,0,0,0,0
zc,WS209,2012-06-01 09:02:29.547,2386.0000,322974,-4,0.0000,4.0000,0,4,双平,S,2386.0000,0.0000,0.0000,0.0000,0.0000,2387.0000,0.0000,0.0000,0.0000,0.0000,89,0,0,0,0,133,0,0,0,0
zc,WS209,2012-06-01 09:02:30.017,2386.0000,322972,-2,0.0000,2.0000,0,2,双平,S,2386.0000,0.0000,0.0000,0.0000,0.0000,2387.0000,0.0000,0.0000,0.0000,0.0000,88,0,0,0,0,135,0,0,0,0
zc,WS209,2012-06-01 09:02:30.547,2386.0000,322972,0,0.0000,0.0000,0,0,空换,S,2386.0000,0.0000,0.0000,0.0000,0.0000,2387.0000,0.0000,0.0000,0.0000,0.0000,88,0,0,0,0,137,0,0,0,0
zc,WS209,2012-06-01 09:02:31.283,2386.0000,322972,0,0.0000,2.0000,1,1,空换,S,2386.0000,0.0000,0.0000,0.0000,0.0000,2387.0000,0.0000,0.0000,0.0000,0.0000,87,0,0,0,0,137,0,0,0,0
zc,WS209,2012-06-01 09:02:33.110,2386.0000,322970,-2,0.0000,2.0000,0,2,双平,S,2386.0000,0.0000,0.0000,0.0000,0.0000,2387.0000,0.0000,0.0000,0.0000,0.0000,86,0,0,0,0,137,0,0,0,0
zc,WS209,2012-06-01 09:02:33.533,2386.0000,322890,-80,0.0000,80.0000,0,80,双平,S,2386.0000,0.0000,0.0000,0.0000,0.0000,2387.0000,0.0000,0.0000,0.0000,0.0000,46,0,0,0,0,137,0,0,0,0
zc,WS209,2012-06-01 09:02:34.313,2387.0000,322890,0,0.0000,2.0000,1,1,多换,B,2386.0000,0.0000,0.0000,0.0000,0.0000,2387.0000,0.0000,0.0000,0.0000,0.0000,46,0,0,0,0,137,0,0,0,0
zc,WS209,2012-06-01 09:02:34.860,2387.0000,322890,0,0.0000,0.0000,0,0,多换,B,2386.0000,0.0000,0.0000,0.0000,0.0000,2387.0000,0.0000,0.0000,0.0000,0.0000,46,0,0,0,0,138,0,0,0,0
zc,WS209,2012-06-01 09:02:35.767,2387.0000,322890,0,0.0000,0.0000,0,0,多换,B,2386.0000,0.0000,0.0000,0.0000,0.0000,2387.0000,0.0000,0.0000,0.0000,0.0000,51,0,0,0,0,138,0,0,0,0
zc,WS209,2012-06-01 09:02:36.547,2386.0000,322842,-48,0.0000,48.0000,0,48,双平,S,2386.0000,0.0000,0.0000,0.0000,0.0000,2387.0000,0.0000,0.0000,0.0000,0.0000,27,0,0,0,0,138,0,0,0,0
zc,WS209,2012-06-01 09:02:37.097,2386.0000,322838,-4,0.0000,4.0000,0,4,双平,S,2386.0000,0.0000,0.0000,0.0000,0.0000,2387.0000,0.0000,0.0000,0.0000,0.0000,25,0,0,0,0,138,0,0,0,0
zc,WS209,2012-06-01 09:02:37.877,2386.0000,322838,0,0.0000,0.0000,0,0,空换,S,2386.0000,0.0000,0.0000,0.0000,0.0000,2387.0000,0.0000,0.0000,0.0000,0.0000,27,0,0,0,0,139,0,0,0,0
zc,WS209,2012-06-01 09:02:38.797,2386.0000,322836,-2,0.0000,2.0000,0,2,双平,S,2386.0000,0.0000,0.0000,0.0000,0.0000,2387.0000,0.0000,0.0000,0.0000,0.0000,26,0,0,0,0,139,0,0,0,0
zc,WS209,2012-06-01 09:02:39.563,2386.0000,322836,0,0.0000,0.0000,0,0,空换,S,2386.0000,0.0000,0.0000,0.0000,0.0000,2387.0000,0.0000,0.0000,0.0000,0.0000,27,0,0,0,0,139,0,0,0,0
zc,WS209,2012-06-01 09:02:41.377,2386.0000,322836,0,0.0000,0.0000,0,0,空换,S,2386.0000,0.0000,0.0000,0.0000,0.0000,2387.0000,0.0000,0.0000,0.0000,0.0000,27,0,0,0,0,140,0,0,0,0
zc,WS209,2012-06-01 09:02:41.830,2386.0000,322856,20,0.0000,54.0000,37,17,空开,S,2385.0000,0.0000,0.0000,0.0000,0.0000,2386.0000,0.0000,0.0000,0.0000,0.0000,85,0,0,0,0,18,0,0,0,0
zc,WS209,2012-06-01 09:02:44.313,2386.0000,322858,2,0.0000,2.0000,2,0,双开,S,2385.0000,0.0000,0.0000,0.0000,0.0000,2386.0000,0.0000,0.0000,0.0000,0.0000,87,0,0,0,0,18,0,0,0,0
zc,WS209,2012-06-01 09:02:45.097,2386.0000,322858,0,0.0000,0.0000,0,0,空换,S,2385.0000,0.0000,0.0000,0.0000,0.0000,2386.0000,0.0000,0.0000,0.0000,0.0000,88,0,0,0,0,23,0,0,0,0
zc,WS209,2012-06-01 09:02:46.047,2386.0000,322858,0,0.0000,0.0000,0,0,空换,S,2385.0000,0.0000,0.0000,0.0000,0.0000,2386.0000,0.0000,0.0000,0.0000,0.0000,108,0,0,0,0,23,0,0,0,0
zc,WS209,2012-06-01 09:02:46.533,2386.0000,322862,4,0.0000,4.0000,4,0,双开,S,2385.0000,0.0000,0.0000,0.0000,0.0000,2386.0000,0.0000,0.0000,0.0000,0.0000,107,0,0,0,0,21,0,0,0,0
zc,WS209,2012-06-01 09:02:47.330,2386.0000,322864,2,0.0000,2.0000,2,0,双开,S,2385.0000,0.0000,0.0000,0.0000,0.0000,2386.0000,0.0000,0.0000,0.0000,0.0000,107,0,0,0,0,21,0,0,0,0
zc,WS209,2012-06-01 09:02:47.547,2386.0000,322866,2,0.0000,4.0000,3,1,空开,S,2385.0000,0.0000,0.0000,0.0000,0.0000,2386.0000,0.0000,0.0000,0.0000,0.0000,109,0,0,0,0,21,0,0,0,0
zc,WS209,2012-06-01 09:02:49.017,2386.0000,322866,0,0.0000,0.0000,0,0,空换,S,2385.0000,0.0000,0.0000,0.0000,0.0000,2386.0000,0.0000,0.0000,0.0000,0.0000,109,0,0,0,0,31,0,0,0,0
zc,WS209,2012-06-01 09:02:49.517,2385.0000,322866,0,0.0000,2.0000,1,1,空换,S,2385.0000,0.0000,0.0000,0.0000,0.0000,2386.0000,0.0000,0.0000,0.0000,0.0000,108,0,0,0,0,31,0,0,0,0
zc,WS209,2012-06-01 09:02:50.330,2386.0000,322890,24,0.0000,24.0000,24,0,双开,B,2385.0000,0.0000,0.0000,0.0000,0.0000,2386.0000,0.0000,0.0000,0.0000,0.0000,107,0,0,0,0,14,0,0,0,0
zc,WS209,2012-06-01 09:02:50.517,2386.0000,322894,4,0.0000,4.0000,4,0,双开,B,2385.0000,0.0000,0.0000,0.0000,0.0000,2386.0000,0.0000,0.0000,0.0000,0.0000,105,0,0,0,0,12,0,0,0,0
zc,WS209,2012-06-01 09:02:51.297,2386.0000,322894,0,0.0000,2.0000,1,1,多换,B,2385.0000,0.0000,0.0000,0.0000,0.0000,2386.0000,0.0000,0.0000,0.0000,0.0000,105,0,0,0,0,11,0,0,0,0
zc,WS209,2012-06-01 09:02:51.813,2386.0000,322894,0,0.0000,0.0000,0,0,多换,B,2385.0000,0.0000,0.0000,0.0000,0.0000,2386.0000,0.0000,0.0000,0.0000,0.0000,105,0,0,0,0,21,0,0,0,0
zc,WS209,2012-06-01 09:02:53.143,2386.0000,322894,0,0.0000,42.0000,21,21,多换,B,2386.0000,0.0000,0.0000,0.0000,0.0000,2387.0000,0.0000,0.0000,0.0000,0.0000,5,0,0,0,0,148,0,0,0,0
zc,WS209,2012-06-01 09:02:53.783,2386.0000,322894,0,0.0000,0.0000,0,0,多换,B,2385.0000,0.0000,0.0000,0.0000,0.0000,2387.0000,0.0000,0.0000,0.0000,0.0000,95,0,0,0,0,148,0,0,0,0
zc,WS209,2012-06-01 09:02:55.783,2386.0000,322894,0,0.0000,0.0000,0,0,多换,B,2385.0000,0.0000,0.0000,0.0000,0.0000,2387.0000,0.0000,0.0000,0.0000,0.0000,90,0,0,0,0,158,0,0,0,0
zc,WS209,2012-06-01 09:02:56.517,2386.0000,322894,0,0.0000,0.0000,0,0,多换,B,2385.0000,0.0000,0.0000,0.0000,0.0000,2387.0000,0.0000,0.0000,0.0000,0.0000,91,0,0,0,0,148,0,0,0,0
zc,WS209,2012-06-01 09:02:57.157,2386.0000,322894,0,0.0000,0.0000,0,0,多换,B,2385.0000,0.0000,0.0000,0.0000,0.0000,2387.0000,0.0000,0.0000,0.0000,0.0000,91,0,0,0,0,147,0,0,0,0
zc,WS209,2012-06-01 09:02:57.797,2387.0000,322874,-20,0.0000,20.0000,0,20,双平,B,2385.0000,0.0000,0.0000,0.0000,0.0000,2387.0000,0.0000,0.0000,0.0000,0.0000,91,0,0,0,0,137,0,0,0,0
zc,WS209,2012-06-01 09:02:58.097,2385.0000,322874,0,0.0000,2.0000,1,1,空换,S,2385.0000,0.0000,0.0000,0.0000,0.0000,2387.0000,0.0000,0.0000,0.0000,0.0000,90,0,0,0,0,147,0,0,0,0
zc,WS209,2012-06-01 09:02:58.797,2385.0000,322874,0,0.0000,0.0000,0,0,空换,S,2385.0000,0.0000,0.0000,0.0000,0.0000,2386.0000,0.0000,0.0000,0.0000,0.0000,92,0,0,0,0,1,0,0,0,0
zc,WS209,2012-06-01 09:03:00.627,2385.0000,322874,0,0.0000,0.0000,0,0,空换,S,2385.0000,0.0000,0.0000,0.0000,0.0000,2386.0000,0.0000,0.0000,0.0000,0.0000,92,0,0,0,0,2,0,0,0,0
zc,WS209,2012-06-01 09:03:01.813,2385.0000,322874,0,0.0000,0.0000,0,0,空换,S,2385.0000,0.0000,0.0000,0.0000,0.0000,2386.0000,0.0000,0.0000,0.0000,0.0000,92,0,0,0,0,5,0,0,0,0
zc,WS209,2012-06-01 09:03:02.047,2385.0000,322874,0,0.0000,0.0000,0,0,空换,S,2385.0000,0.0000,0.0000,0.0000,0.0000,2386.0000,0.0000,0.0000,0.0000,0.0000,92,0,0,0,0,6,0,0,0,0
zc,WS209,2012-06-01 09:03:02.783,2385.0000,322866,-8,0.0000,20.0000,6,14,多平,S,2385.0000,0.0000,0.0000,0.0000,0.0000,2386.0000,0.0000,0.0000,0.0000,0.0000,83,0,0,0,0,7,0,0,0,0
zc,WS209,2012-06-01 09:03:03.297,2385.0000,322866,0,0.0000,0.0000,0,0,空换,S,2385.0000,0.0000,0.0000,0.0000,0.0000,2386.0000,0.0000,0.0000,0.0000,0.0000,82,0,0,0,0,5,0,0,0,0
zc,WS209,2012-06-01 09:03:04.047,2385.0000,322852,-14,0.0000,16.0000,1,15,多平,S,2385.0000,0.0000,0.0000,0.0000,0.0000,2386.0000,0.0000,0.0000,0.0000,0.0000,75,0,0,0,0,4,0,0,0,0
zc,WS209,2012-06-01 09:03:04.563,2385.0000,322852,0,0.0000,0.0000,0,0,空换,S,2385.0000,0.0000,0.0000,0.0000,0.0000,2386.0000,0.0000,0.0000,0.0000,0.0000,75,0,0,0,0,8,0,0,0,0
zc,WS209,2012-06-01 09:03:05.033,2386.0000,322852,0,0.0000,2.0000,1,1,多换,B,2385.0000,0.0000,0.0000,0.0000,0.0000,2386.0000,0.0000,0.0000,0.0000,0.0000,75,0,0,0,0,8,0,0,0,0
zc,WS209,2012-06-01 09:03:05.830,2386.0000,322856,4,0.0000,32.0000,18,14,多开,B,2385.0000,0.0000,0.0000,0.0000,0.0000,2387.0000,0.0000,0.0000,0.0000,0.0000,123,0,0,0,0,141,0,0,0,0
zc,WS209,2012-06-01 09:03:06.347,2386.0000,322856,0,0.0000,0.0000,0,0,多换,B,2385.0000,0.0000,0.0000,0.0000,0.0000,2386.0000,0.0000,0.0000,0.0000,0.0000,123,0,0,0,0,3,0,0,0,0
zc,WS209,2012-06-01 09:03:07.033,2385.0000,322856,0,0.0000,2.0000,1,1,空换,S,2385.0000,0.0000,0.0000,0.0000,0.0000,2386.0000,0.0000,0.0000,0.0000,0.0000,122,0,0,0,0,3,0,0,0,0
zc,WS209,2012-06-01 09:03:08.610,2386.0000,322856,0,0.0000,6.0000,3,3,多换,B,2385.0000,0.0000,0.0000,0.0000,0.0000,2386.0000,0.0000,0.0000,0.0000,0.0000,123,0,0,0,0,21,0,0,0,0
zc,WS209,2012-06-01 09:03:09.313,2386.0000,322856,0,0.0000,0.0000,0,0,多换,B,2385.0000,0.0000,0.0000,0.0000,0.0000,2386.0000,0.0000,0.0000,0.0000,0.0000,123,0,0,0,0,22,0,0,0,0
zc,WS209,2012-06-01 09:03:10.063,2386.0000,322856,0,0.0000,0.0000,0,0,多换,B,2385.0000,0.0000,0.0000,0.0000,0.0000,2386.0000,0.0000,0.0000,0.0000,0.0000,124,0,0,0,0,22,0,0,0,0
zc,WS209,2012-06-01 09:03:10.563,2386.0000,322856,0,0.0000,4.0000,2,2,多换,B,2385.0000,0.0000,0.0000,0.0000,0.0000,2386.0000,0.0000,0.0000,0.0000,0.0000,124,0,0,0,0,20,0,0,0,0
zc,WS209,2012-06-01 09:03:11.080,2386.0000,322856,0,0.0000,2.0000,1,1,多换,B,2385.0000,0.0000,0.0000,0.0000,0.0000,2386.0000,0.0000,0.0000,0.0000,0.0000,124,0,0,0,0,19,0,0,0,0
zc,WS209,2012-06-01 09:03:11.580,2386.0000,322856,0,0.0000,0.0000,0,0,多换,B,2385.0000,0.0000,0.0000,0.0000,0.0000,2386.0000,0.0000,0.0000,0.0000,0.0000,124,0,0,0,0,20,0,0,0,0
zc,WS209,2012-06-01 09:03:12.330,2386.0000,322856,0,0.0000,0.0000,0,0,多换,B,2385.0000,0.0000,0.0000,0.0000,0.0000,2386.0000,0.0000,0.0000,0.0000,0.0000,124,0,0,0,0,19,0,0,0,0
zc,WS209,2012-06-01 09:03:12.797,2385.0000,322854,-2,0.0000,2.0000,0,2,双平,S,2385.0000,0.0000,0.0000,0.0000,0.0000,2386.0000,0.0000,0.0000,0.0000,0.0000,123,0,0,0,0,21,0,0,0,0
zc,WS209,2012-06-01 09:03:13.797,2385.0000,322814,-40,0.0000,40.0000,0,40,双平,S,2385.0000,0.0000,0.0000,0.0000,0.0000,2386.0000,0.0000,0.0000,0.0000,0.0000,103,0,0,0,0,21,0,0,0,0
zc,WS209,2012-06-01 09:03:14.610,2386.0000,322814,0,0.0000,2.0000,1,1,多换,B,2385.0000,0.0000,0.0000,0.0000,0.0000,2386.0000,0.0000,0.0000,0.0000,0.0000,103,0,0,0,0,20,0,0,0,0
zc,WS209,2012-06-01 09:03:15.407,2386.0000,322814,0,0.0000,0.0000,0,0,多换,B,2385.0000,0.0000,0.0000,0.0000,0.0000,2386.0000,0.0000,0.0000,0.0000,0.0000,103,0,0,0,0,21,0,0,0,0
zc,WS209,2012-06-01 09:03:15.783,2385.0000,322810,-4,0.0000,4.0000,0,4,双平,S,2385.0000,0.0000,0.0000,0.0000,0.0000,2386.0000,0.0000,0.0000,0.0000,0.0000,102,0,0,0,0,69,0,0,0,0
zc,WS209,2012-06-01 09:03:16.330,2385.0000,322802,-8,0.0000,8.0000,0,8,双平,S,2385.0000,0.0000,0.0000,0.0000,0.0000,2386.0000,0.0000,0.0000,0.0000,0.0000,98,0,0,0,0,65,0,0,0,0
zc,WS209,2012-06-01 09:03:17.627,2385.0000,322786,-16,0.0000,16.0000,0,16,双平,S,2385.0000,0.0000,0.0000,0.0000,0.0000,2386.0000,0.0000,0.0000,0.0000,0.0000,91,0,0,0,0,59,0,0,0,0
zc,WS209,2012-06-01 09:03:18.063,2385.0000,322788,2,0.0000,20.0000,11,9,空开,S,2385.0000,0.0000,0.0000,0.0000,0.0000,2386.0000,0.0000,0.0000,0.0000,0.0000,81,0,0,0,0,54,0,0,0,0
zc,WS209,2012-06-01 09:03:19.110,2385.0000,322848,60,0.0000,60.0000,60,0,双开,S,2385.0000,0.0000,0.0000,0.0000,0.0000,2386.0000,0.0000,0.0000,0.0000,0.0000,53,0,0,0,0,54,0,0,0,0
zc,WS209,2012-06-01 09:03:20.297,2385.0000,322764,-84,0.0000,88.0000,2,86,多平,S,2385.0000,0.0000,0.0000,0.0000,0.0000,2386.0000,0.0000,0.0000,0.0000,0.0000,9,0,0,0,0,31,0,0,0,0
zc,WS209,2012-06-01 09:03:20.797,2385.0000,322758,-6,0.0000,8.0000,1,7,多平,S,2385.0000,0.0000,0.0000,0.0000,0.0000,2386.0000,0.0000,0.0000,0.0000,0.0000,5,0,0,0,0,28,0,0,0,0
zc,WS209,2012-06-01 09:03:21.547,2385.0000,322766,8,0.0000,10.0000,9,1,空开,S,2384.0000,0.0000,0.0000,0.0000,0.0000,2385.0000,0.0000,0.0000,0.0000,0.0000,15,0,0,0,0,26,0,0,0,0
zc,WS209,2012-06-01 09:03:21.847,2385.0000,322768,2,0.0000,2.0000,2,0,双开,S,2384.0000,0.0000,0.0000,0.0000,0.0000,2385.0000,0.0000,0.0000,0.0000,0.0000,14,0,0,0,0,25,0,0,0,0
zc,WS209,2012-06-01 09:03:22.547,2385.0000,322768,0,0.0000,2.0000,1,1,空换,S,2384.0000,0.0000,0.0000,0.0000,0.0000,2385.0000,0.0000,0.0000,0.0000,0.0000,14,0,0,0,0,24,0,0,0,0
zc,WS209,2012-06-01 09:03:24.063,2385.0000,322770,2,0.0000,2.0000,2,0,双开,S,2384.0000,0.0000,0.0000,0.0000,0.0000,2385.0000,0.0000,0.0000,0.0000,0.0000,15,0,0,0,0,103,0,0,0,0
zc,WS209,2012-06-01 09:03:25.080,2385.0000,322772,2,0.0000,2.0000,2,0,双开,S,2384.0000,0.0000,0.0000,0.0000,0.0000,2385.0000,0.0000,0.0000,0.0000,0.0000,15,0,0,0,0,102,0,0,0,0
zc,WS209,2012-06-01 09:03:25.847,2385.0000,322816,44,0.0000,140.0000,92,48,空开,S,2384.0000,0.0000,0.0000,0.0000,0.0000,2385.0000,0.0000,0.0000,0.0000,0.0000,15,0,0,0,0,32,0,0,0,0
zc,WS209,2012-06-01 09:03:26.283,2385.0000,322816,0,0.0000,0.0000,0,0,空换,S,2384.0000,0.0000,0.0000,0.0000,0.0000,2385.0000,0.0000,0.0000,0.0000,0.0000,16,0,0,0,0,32,0,0,0,0
zc,WS209,2012-06-01 09:03:26.783,2384.0000,322814,-2,0.0000,2.0000,0,2,双平,S,2384.0000,0.0000,0.0000,0.0000,0.0000,2385.0000,0.0000,0.0000,0.0000,0.0000,15,0,0,0,0,32,0,0,0,0
zc,WS209,2012-06-01 09:03:27.267,2384.0000,322814,0,0.0000,0.0000,0,0,空换,S,2384.0000,0.0000,0.0000,0.0000,0.0000,2385.0000,0.0000,0.0000,0.0000,0.0000,10,0,0,0,0,32,0,0,0,0
zc,WS209,2012-06-01 09:03:28.547,2384.0000,322814,0,0.0000,2.0000,1,1,空换,S,2384.0000,0.0000,0.0000,0.0000,0.0000,2385.0000,0.0000,0.0000,0.0000,0.0000,59,0,0,0,0,33,0,0,0,0
zc,WS209,2012-06-01 09:03:30.657,2384.0000,322814,0,0.0000,0.0000,0,0,空换,S,2384.0000,0.0000,0.0000,0.0000,0.0000,2385.0000,0.0000,0.0000,0.0000,0.0000,59,0,0,0,0,40,0,0,0,0
zc,WS209,2012-06-01 09:03:31.097,2384.0000,322816,2,0.0000,2.0000,2,0,双开,S,2384.0000,0.0000,0.0000,0.0000,0.0000,2385.0000,0.0000,0.0000,0.0000,0.0000,58,0,0,0,0,40,0,0,0,0
zc,WS209,2012-06-01 09:03:31.580,2384.0000,322812,-4,0.0000,62.0000,29,33,多平,S,2384.0000,0.0000,0.0000,0.0000,0.0000,2385.0000,0.0000,0.0000,0.0000,0.0000,27,0,0,0,0,39,0,0,0,0
zc,WS209,2012-06-01 09:03:32.313,2384.0000,322818,6,0.0000,6.0000,6,0,双开,S,2384.0000,0.0000,0.0000,0.0000,0.0000,2385.0000,0.0000,0.0000,0.0000,0.0000,24,0,0,0,0,39,0,0,0,0
zc,WS209,2012-06-01 09:03:32.783,2384.0000,322818,0,0.0000,14.0000,7,7,空换,S,2384.0000,0.0000,0.0000,0.0000,0.0000,2385.0000,0.0000,0.0000,0.0000,0.0000,17,0,0,0,0,38,0,0,0,0
zc,WS209,2012-06-01 09:03:33.283,2384.0000,322818,0,0.0000,30.0000,15,15,空换,S,2384.0000,0.0000,0.0000,0.0000,0.0000,2385.0000,0.0000,0.0000,0.0000,0.0000,3,0,0,0,0,48,0,0,0,0
zc,WS209,2012-06-01 09:03:34.110,2384.0000,322820,2,0.0000,6.0000,4,2,空开,S,2383.0000,0.0000,0.0000,0.0000,0.0000,2385.0000,0.0000,0.0000,0.0000,0.0000,69,0,0,0,0,55,0,0,0,0
zc,WS209,2012-06-01 09:03:34.597,2384.0000,322820,0,0.0000,0.0000,0,0,空换,S,2383.0000,0.0000,0.0000,0.0000,0.0000,2384.0000,0.0000,0.0000,0.0000,0.0000,119,0,0,0,0,1,0,0,0,0
zc,WS209,2012-06-01 09:03:35.830,2384.0000,322820,0,0.0000,2.0000,1,1,空换,S,2383.0000,0.0000,0.0000,0.0000,0.0000,2385.0000,0.0000,0.0000,0.0000,0.0000,120,0,0,0,0,55,0,0,0,0
zc,WS209,2012-06-01 09:03:36.347,2383.0000,322822,2,0.0000,16.0000,9,7,空开,S,2383.0000,0.0000,0.0000,0.0000,0.0000,2384.0000,0.0000,0.0000,0.0000,0.0000,112,0,0,0,0,8,0,0,0,0
zc,WS209,2012-06-01 09:03:37.080,2384.0000,322820,-2,0.0000,4.0000,1,3,空平,B,2383.0000,0.0000,0.0000,0.0000,0.0000,2384.0000,0.0000,0.0000,0.0000,0.0000,113,0,0,0,0,7,0,0,0,0
zc,WS209,2012-06-01 09:03:37.580,2383.0000,322818,-2,0.0000,2.0000,0,2,双平,S,2383.0000,0.0000,0.0000,0.0000,0.0000,2384.0000,0.0000,0.0000,0.0000,0.0000,112,0,0,0,0,1,0,0,0,0
zc,WS209,2012-06-01 09:03:38.797,2383.0000,322818,0,0.0000,0.0000,0,0,空换,S,2383.0000,0.0000,0.0000,0.0000,0.0000,2384.0000,0.0000,0.0000,0.0000,0.0000,162,0,0,0,0,1,0,0,0,0
zc,WS209,2012-06-01 09:03:40.080,2383.0000,322818,0,0.0000,2.0000,1,1,空换,S,2383.0000,0.0000,0.0000,0.0000,0.0000,2384.0000,0.0000,0.0000,0.0000,0.0000,161,0,0,0,0,1,0,0,0,0
zc,WS209,2012-06-01 09:03:40.563,2384.0000,322820,2,0.0000,4.0000,3,1,多开,B,2384.0000,0.0000,0.0000,0.0000,0.0000,2385.0000,0.0000,0.0000,0.0000,0.0000,3,0,0,0,0,40,0,0,0,0
zc,WS209,2012-06-01 09:03:41.047,2384.0000,322828,8,0.0000,10.0000,9,1,多开,B,2383.0000,0.0000,0.0000,0.0000,0.0000,2384.0000,0.0000,0.0000,0.0000,0.0000,160,0,0,0,0,4,0,0,0,0
zc,WS209,2012-06-01 09:03:41.547,2383.0000,322828,0,0.0000,20.0000,10,10,空换,S,2383.0000,0.0000,0.0000,0.0000,0.0000,2384.0000,0.0000,0.0000,0.0000,0.0000,152,0,0,0,0,4,0,0,0,0
zc,WS209,2012-06-01 09:03:42.847,2383.0000,322822,-6,0.0000,10.0000,2,8,多平,S,2383.0000,0.0000,0.0000,0.0000,0.0000,2384.0000,0.0000,0.0000,0.0000,0.0000,157,0,0,0,0,4,0,0,0,0
zc,WS209,2012-06-01 09:03:43.533,2383.0000,322822,0,0.0000,4.0000,2,2,空换,S,2383.0000,0.0000,0.0000,0.0000,0.0000,2384.0000,0.0000,0.0000,0.0000,0.0000,155,0,0,0,0,4,0,0,0,0
zc,WS209,2012-06-01 09:03:44.047,2383.0000,322812,-10,0.0000,10.0000,0,10,双平,S,2383.0000,0.0000,0.0000,0.0000,0.0000,2384.0000,0.0000,0.0000,0.0000,0.0000,152,0,0,0,0,4,0,0,0,0
zc,WS209,2012-06-01 09:03:46.143,2384.0000,322808,-4,0.0000,8.0000,2,6,空平,B,2384.0000,0.0000,0.0000,0.0000,0.0000,2385.0000,0.0000,0.0000,0.0000,0.0000,6,0,0,0,0,39,0,0,0,0
zc,WS209,2012-06-01 09:03:47.313,2384.0000,322808,0,0.0000,2.0000,1,1,多换,B,2384.0000,0.0000,0.0000,0.0000,0.0000,2385.0000,0.0000,0.0000,0.0000,0.0000,5,0,0,0,0,39,0,0,0,0
zc,WS209,2012-06-01 09:03:48.097,2384.0000,322806,-2,0.0000,2.0000,0,2,双平,B,2384.0000,0.0000,0.0000,0.0000,0.0000,2385.0000,0.0000,0.0000,0.0000,0.0000,4,0,0,0,0,39,0,0,0,0
zc,WS209,2012-06-01 09:03:49.580,2385.0000,322806,0,0.0000,4.0000,2,2,多换,B,2384.0000,0.0000,0.0000,0.0000,0.0000,2385.0000,0.0000,0.0000,0.0000,0.0000,4,0,0,0,0,37,0,0,0,0
zc,WS209,2012-06-01 09:03:50.360,2384.0000,322804,-2,0.0000,6.0000,2,4,多平,S,2384.0000,0.0000,0.0000,0.0000,0.0000,2385.0000,0.0000,0.0000,0.0000,0.0000,2,0,0,0,0,37,0,0,0,0
zc,WS209,2012-06-01 09:03:50.877,2385.0000,322826,22,0.0000,92.0000,57,35,多开,B,2384.0000,0.0000,0.0000,0.0000,0.0000,2385.0000,0.0000,0.0000,0.0000,0.0000,6,0,0,0,0,1,0,0,0,0
zc,WS209,2012-06-01 09:03:52.610,2385.0000,322826,0,0.0000,0.0000,0,0,多换,B,2384.0000,0.0000,0.0000,0.0000,0.0000,2385.0000,0.0000,0.0000,0.0000,0.0000,7,0,0,0,0,1,0,0,0,0
zc,WS209,2012-06-01 09:03:53.893,2385.0000,322826,0,0.0000,0.0000,0,0,多换,B,2384.0000,0.0000,0.0000,0.0000,0.0000,2385.0000,0.0000,0.0000,0.0000,0.0000,11,0,0,0,0,1,0,0,0,0
zc,WS209,2012-06-01 09:03:54.580,2385.0000,322826,0,0.0000,0.0000,0,0,多换,B,2384.0000,0.0000,0.0000,0.0000,0.0000,2385.0000,0.0000,0.0000,0.0000,0.0000,12,0,0,0,0,1,0,0,0,0
zc,WS209,2012-06-01 09:03:54.797,2385.0000,322826,0,0.0000,0.0000,0,0,多换,B,2384.0000,0.0000,0.0000,0.0000,0.0000,2385.0000,0.0000,0.0000,0.0000,0.0000,12,0,0,0,0,2,0,0,0,0
zc,WS209,2012-06-01 09:03:56.783,2385.0000,322826,0,0.0000,0.0000,0,0,多换,B,2384.0000,0.0000,0.0000,0.0000,0.0000,2385.0000,0.0000,0.0000,0.0000,0.0000,32,0,0,0,0,3,0,0,0,0
zc,WS209,2012-06-01 09:03:58.627,2384.0000,322824,-2,0.0000,2.0000,0,2,双平,S,2384.0000,0.0000,0.0000,0.0000,0.0000,2385.0000,0.0000,0.0000,0.0000,0.0000,31,0,0,0,0,3,0,0,0,0
zc,WS209,2012-06-01 09:03:59.063,2384.0000,322824,0,0.0000,0.0000,0,0,空换,S,2384.0000,0.0000,0.0000,0.0000,0.0000,2385.0000,0.0000,0.0000,0.0000,0.0000,35,0,0,0,0,3,0,0,0,0
zc,WS209,2012-06-01 09:03:59.830,2385.0000,322826,2,0.0000,6.0000,4,2,多开,B,2385.0000,0.0000,0.0000,0.0000,0.0000,2386.0000,0.0000,0.0000,0.0000,0.0000,8,0,0,0,0,34,0,0,0,0
zc,WS209,2012-06-01 09:04:00.347,2385.0000,322826,0,0.0000,2.0000,1,1,多换,B,2385.0000,0.0000,0.0000,0.0000,0.0000,2386.0000,0.0000,0.0000,0.0000,0.0000,7,0,0,0,0,34,0,0,0,0
zc,WS209,2012-06-01 09:04:01.127,2385.0000,322826,0,0.0000,8.0000,4,4,多换,B,2385.0000,0.0000,0.0000,0.0000,0.0000,2386.0000,0.0000,0.0000,0.0000,0.0000,3,0,0,0,0,34,0,0,0,0
zc,WS209,2012-06-01 09:04:01.627,2385.0000,322828,2,0.0000,6.0000,4,2,多开,B,2384.0000,0.0000,0.0000,0.0000,0.0000,2385.0000,0.0000,0.0000,0.0000,0.0000,44,0,0,0,0,1,0,0,0,0
zc,WS209,2012-06-01 09:04:02.063,2385.0000,322828,0,0.0000,2.0000,1,1,多换,B,2384.0000,0.0000,0.0000,0.0000,0.0000,2386.0000,0.0000,0.0000,0.0000,0.0000,43,0,0,0,0,34,0,0,0,0
zc,WS209,2012-06-01 09:04:02.580,2385.0000,322820,-8,0.0000,8.0000,0,8,双平,B,2385.0000,0.0000,0.0000,0.0000,0.0000,2386.0000,0.0000,0.0000,0.0000,0.0000,46,0,0,0,0,34,0,0,0,0
zc,WS209,2012-06-01 09:04:03.297,2385.0000,322808,-12,0.0000,12.0000,0,12,双平,B,2385.0000,0.0000,0.0000,0.0000,0.0000,2386.0000,0.0000,0.0000,0.0000,0.0000,90,0,0,0,0,34,0,0,0,0
zc,WS209,2012-06-01 09:04:04.563,2385.0000,322796,-12,0.0000,12.0000,0,12,双平,B,2385.0000,0.0000,0.0000,0.0000,0.0000,2386.0000,0.0000,0.0000,0.0000,0.0000,86,0,0,0,0,32,0,0,0,0
zc,WS209,2012-06-01 09:04:05.830,2385.0000,322774,-22,0.0000,22.0000,0,22,双平,B,2385.0000,0.0000,0.0000,0.0000,0.0000,2386.0000,0.0000,0.0000,0.0000,0.0000,75,0,0,0,0,29,0,0,0,0
zc,WS209,2012-06-01 09:04:07.563,2385.0000,322774,0,0.0000,0.0000,0,0,多换,B,2385.0000,0.0000,0.0000,0.0000,0.0000,2386.0000,0.0000,0.0000,0.0000,0.0000,75,0,0,0,0,34,0,0,0,0
zc,WS209,2012-06-01 09:04:07.847,2385.0000,322708,-66,0.0000,66.0000,0,66,双平,B,2385.0000,0.0000,0.0000,0.0000,0.0000,2386.0000,0.0000,0.0000,0.0000,0.0000,43,0,0,0,0,50,0,0,0,0
zc,WS209,2012-06-01 09:04:09.330,2386.0000,322708,0,0.0000,10.0000,5,5,多换,B,2385.0000,0.0000,0.0000,0.0000,0.0000,2386.0000,0.0000,0.0000,0.0000,0.0000,43,0,0,0,0,65,0,0,0,0
zc,WS209,2012-06-01 09:04:10.330,2385.0000,322696,-12,0.0000,12.0000,0,12,双平,S,2385.0000,0.0000,0.0000,0.0000,0.0000,2386.0000,0.0000,0.0000,0.0000,0.0000,37,0,0,0,0,65,0,0,0,0
zc,WS209,2012-06-01 09:04:11.047,2385.0000,322694,-2,0.0000,2.0000,0,2,双平,S,2385.0000,0.0000,0.0000,0.0000,0.0000,2386.0000,0.0000,0.0000,0.0000,0.0000,38,0,0,0,0,47,0,0,0,0
zc,WS209,2012-06-01 09:04:12.877,2386.0000,322692,-2,0.0000,2.0000,0,2,双平,B,2385.0000,0.0000,0.0000,0.0000,0.0000,2386.0000,0.0000,0.0000,0.0000,0.0000,88,0,0,0,0,46,0,0,0,0
zc,WS209,2012-06-01 09:04:14.563,2386.0000,322690,-2,0.0000,2.0000,0,2,双平,B,2385.0000,0.0000,0.0000,0.0000,0.0000,2386.0000,0.0000,0.0000,0.0000,0.0000,88,0,0,0,0,104,0,0,0,0
zc,WS209,2012-06-01 09:04:15.297,2386.0000,322690,0,0.0000,0.0000,0,0,多换,B,2385.0000,0.0000,0.0000,0.0000,0.0000,2386.0000,0.0000,0.0000,0.0000,0.0000,89,0,0,0,0,105,0,0,0,0
zc,WS209,2012-06-01 09:04:15.580,2385.0000,322678,-12,0.0000,12.0000,0,12,双平,S,2385.0000,0.0000,0.0000,0.0000,0.0000,2386.0000,0.0000,0.0000,0.0000,0.0000,81,0,0,0,0,105,0,0,0,0
zc,WS209,2012-06-01 09:04:16.767,2385.0000,322678,0,0.0000,0.0000,0,0,空换,S,2385.0000,0.0000,0.0000,0.0000,0.0000,2386.0000,0.0000,0.0000,0.0000,0.0000,82,0,0,0,0,105,0,0,0,0
zc,WS209,2012-06-01 09:04:17.313,2386.0000,322678,0,0.0000,2.0000,1,1,多换,B,2385.0000,0.0000,0.0000,0.0000,0.0000,2386.0000,0.0000,0.0000,0.0000,0.0000,92,0,0,0,0,104,0,0,0,0
zc,WS209,2012-06-01 09:04:19.047,2386.0000,322678,0,0.0000,0.0000,0,0,多换,B,2385.0000,0.0000,0.0000,0.0000,0.0000,2386.0000,0.0000,0.0000,0.0000,0.0000,109,0,0,0,0,104,0,0,0,0
zc,WS209,2012-06-01 09:04:19.627,2385.0000,322670,-8,0.0000,8.0000,0,8,双平,S,2385.0000,0.0000,0.0000,0.0000,0.0000,2386.0000,0.0000,0.0000,0.0000,0.0000,105,0,0,0,0,104,0,0,0,0
zc,WS209,2012-06-01 09:04:20.877,2385.0000,322670,0,0.0000,0.0000,0,0,空换,S,2385.0000,0.0000,0.0000,0.0000,0.0000,2386.0000,0.0000,0.0000,0.0000,0.0000,106,0,0,0,0,105,0,0,0,0
zc,WS209,2012-06-01 09:04:21.610,2385.0000,322670,0,0.0000,0.0000,0,0,空换,S,2385.0000,0.0000,0.0000,0.0000,0.0000,2386.0000,0.0000,0.0000,0.0000,0.0000,108,0,0,0,0,105,0,0,0,0
zc,WS209,2012-06-01 09:04:22.033,2385.0000,322670,0,0.0000,2.0000,1,1,空换,S,2385.0000,0.0000,0.0000,0.0000,0.0000,2386.0000,0.0000,0.0000,0.0000,0.0000,107,0,0,0,0,105,0,0,0,0
zc,WS209,2012-06-01 09:04:22.547,2385.0000,322598,-72,0.0000,200.0000,64,136,多平,S,2385.0000,0.0000,0.0000,0.0000,0.0000,2386.0000,0.0000,0.0000,0.0000,0.0000,9,0,0,0,0,106,0,0,0,0
zc,WS209,2012-06-01 09:04:23.313,2385.0000,322598,0,0.0000,0.0000,0,0,空换,S,2385.0000,0.0000,0.0000,0.0000,0.0000,2386.0000,0.0000,0.0000,0.0000,0.0000,9,0,0,0,0,107,0,0,0,0
zc,WS209,2012-06-01 09:04:25.830,2385.0000,322598,0,0.0000,2.0000,1,1,空换,S,2385.0000,0.0000,0.0000,0.0000,0.0000,2386.0000,0.0000,0.0000,0.0000,0.0000,8,0,0,0,0,107,0,0,0,0
zc,WS209,2012-06-01 09:04:28.063,2385.0000,322594,-4,0.0000,14.0000,5,9,多平,S,2385.0000,0.0000,0.0000,0.0000,0.0000,2386.0000,0.0000,0.0000,0.0000,0.0000,1,0,0,0,0,106,0,0,0,0
zc,WS209,2012-06-01 09:04:28.563,2385.0000,322594,0,0.0000,2.0000,1,1,空换,S,2384.0000,0.0000,0.0000,0.0000,0.0000,2385.0000,0.0000,0.0000,0.0000,0.0000,40,0,0,0,0,1,0,0,0,0
zc,WS209,2012-06-01 09:04:29.047,2385.0000,322594,0,0.0000,0.0000,0,0,空换,S,2384.0000,0.0000,0.0000,0.0000,0.0000,2385.0000,0.0000,0.0000,0.0000,0.0000,40,0,0,0,0,5,0,0,0,0
zc,WS209,2012-06-01 09:04:29.813,2385.0000,322594,0,0.0000,0.0000,0,0,空换,S,2384.0000,0.0000,0.0000,0.0000,0.0000,2385.0000,0.0000,0.0000,0.0000,0.0000,40,0,0,0,0,10,0,0,0,0
zc,WS209,2012-06-01 09:04:31.063,2385.0000,322604,10,0.0000,20.0000,15,5,空开,S,2384.0000,0.0000,0.0000,0.0000,0.0000,2386.0000,0.0000,0.0000,0.0000,0.0000,40,0,0,0,0,106,0,0,0,0
zc,WS209,2012-06-01 09:04:31.313,2384.0000,322604,0,0.0000,102.0000,51,51,空换,S,2384.0000,0.0000,0.0000,0.0000,0.0000,2386.0000,0.0000,0.0000,0.0000,0.0000,42,0,0,0,0,107,0,0,0,0
zc,WS209,2012-06-01 09:04:32.047,2384.0000,322604,0,0.0000,2.0000,1,1,空换,S,2384.0000,0.0000,0.0000,0.0000,0.0000,2385.0000,0.0000,0.0000,0.0000,0.0000,41,0,0,0,0,1,0,0,0,0
zc,WS209,2012-06-01 09:04:32.547,2385.0000,322604,0,0.0000,4.0000,2,2,多换,B,2385.0000,0.0000,0.0000,0.0000,0.0000,2386.0000,0.0000,0.0000,0.0000,0.0000,4,0,0,0,0,107,0,0,0,0
zc,WS209,2012-06-01 09:04:33.797,2385.0000,322604,0,0.0000,4.0000,2,2,多换,B,2385.0000,0.0000,0.0000,0.0000,0.0000,2386.0000,0.0000,0.0000,0.0000,0.0000,2,0,0,0,0,107,0,0,0,0
zc,WS209,2012-06-01 09:04:34.347,2385.0000,322606,2,0.0000,2.0000,2,0,双开,B,2385.0000,0.0000,0.0000,0.0000,0.0000,2386.0000,0.0000,0.0000,0.0000,0.0000,1,0,0,0,0,106,0,0,0,0
zc,WS209,2012-06-01 09:04:35.347,2385.0000,322508,-98,0.0000,104.0000,3,101,空平,B,2384.0000,0.0000,0.0000,0.0000,0.0000,2385.0000,0.0000,0.0000,0.0000,0.0000,87,0,0,0,0,79,0,0,0,0
zc,WS209,2012-06-01 09:04:36.047,2385.0000,322508,0,0.0000,0.0000,0,0,多换,B,2384.0000,0.0000,0.0000,0.0000,0.0000,2385.0000,0.0000,0.0000,0.0000,0.0000,88,0,0,0,0,80,0,0,0,0
zc,WS209,2012-06-01 09:04:36.563,2385.0000,322508,0,0.0000,0.0000,0,0,多换,B,2384.0000,0.0000,0.0000,0.0000,0.0000,2385.0000,0.0000,0.0000,0.0000,0.0000,88,0,0,0,0,81,0,0,0,0
zc,WS209,2012-06-01 09:04:37.047,2385.0000,322508,0,0.0000,4.0000,2,2,多换,B,2384.0000,0.0000,0.0000,0.0000,0.0000,2385.0000,0.0000,0.0000,0.0000,0.0000,87,0,0,0,0,79,0,0,0,0
zc,WS209,2012-06-01 09:04:37.813,2385.0000,322508,0,0.0000,4.0000,2,2,多换,B,2384.0000,0.0000,0.0000,0.0000,0.0000,2385.0000,0.0000,0.0000,0.0000,0.0000,85,0,0,0,0,78,0,0,0,0
zc,WS209,2012-06-01 09:04:38.297,2385.0000,322506,-2,0.0000,16.0000,7,9,空平,B,2384.0000,0.0000,0.0000,0.0000,0.0000,2385.0000,0.0000,0.0000,0.0000,0.0000,81,0,0,0,0,73,0,0,0,0
zc,WS209,2012-06-01 09:04:39.063,2385.0000,322506,0,0.0000,24.0000,12,12,多换,B,2384.0000,0.0000,0.0000,0.0000,0.0000,2385.0000,0.0000,0.0000,0.0000,0.0000,69,0,0,0,0,61,0,0,0,0
zc,WS209,2012-06-01 09:04:40.813,2385.0000,322506,0,0.0000,2.0000,1,1,多换,B,2384.0000,0.0000,0.0000,0.0000,0.0000,2385.0000,0.0000,0.0000,0.0000,0.0000,68,0,0,0,0,61,0,0,0,0
zc,WS209,2012-06-01 09:04:41.783,2385.0000,322386,-120,0.0000,122.0000,1,121,空平,B,2385.0000,0.0000,0.0000,0.0000,0.0000,2386.0000,0.0000,0.0000,0.0000,0.0000,39,0,0,0,0,119,0,0,0,0
zc,WS209,2012-06-01 09:04:42.533,2385.0000,322382,-4,0.0000,4.0000,0,4,双平,B,2385.0000,0.0000,0.0000,0.0000,0.0000,2386.0000,0.0000,0.0000,0.0000,0.0000,37,0,0,0,0,121,0,0,0,0
zc,WS209,2012-06-01 09:04:43.033,2385.0000,322382,0,0.0000,2.0000,1,1,多换,B,2385.0000,0.0000,0.0000,0.0000,0.0000,2386.0000,0.0000,0.0000,0.0000,0.0000,45,0,0,0,0,106,0,0,0,0
zc,WS209,2012-06-01 09:04:44.297,2385.0000,322382,0,0.0000,0.0000,0,0,多换,B,2385.0000,0.0000,0.0000,0.0000,0.0000,2386.0000,0.0000,0.0000,0.0000,0.0000,50,0,0,0,0,106,0,0,0,0
zc,WS209,2012-06-01 09:04:44.610,2385.0000,322382,0,0.0000,0.0000,0,0,多换,B,2385.0000,0.0000,0.0000,0.0000,0.0000,2386.0000,0.0000,0.0000,0.0000,0.0000,55,0,0,0,0,106,0,0,0,0
zc,WS209,2012-06-01 09:04:45.283,2385.0000,322382,0,0.0000,0.0000,0,0,多换,B,2385.0000,0.0000,0.0000,0.0000,0.0000,2386.0000,0.0000,0.0000,0.0000,0.0000,54,0,0,0,0,105,0,0,0,0
zc,WS209,2012-06-01 09:04:46.563,2386.0000,322382,0,0.0000,10.0000,5,5,多换,B,2385.0000,0.0000,0.0000,0.0000,0.0000,2386.0000,0.0000,0.0000,0.0000,0.0000,54,0,0,0,0,100,0,0,0,0
zc,WS209,2012-06-01 09:04:47.143,2386.0000,322382,0,0.0000,0.0000,0,0,多换,B,2385.0000,0.0000,0.0000,0.0000,0.0000,2386.0000,0.0000,0.0000,0.0000,0.0000,52,0,0,0,0,100,0,0,0,0
zc,WS209,2012-06-01 09:04:47.580,2386.0000,322382,0,0.0000,0.0000,0,0,多换,B,2385.0000,0.0000,0.0000,0.0000,0.0000,2386.0000,0.0000,0.0000,0.0000,0.0000,54,0,0,0,0,100,0,0,0,0
zc,WS209,2012-06-01 09:04:48.330,2386.0000,322382,0,0.0000,0.0000,0,0,多换,B,2385.0000,0.0000,0.0000,0.0000,0.0000,2386.0000,0.0000,0.0000,0.0000,0.0000,36,0,0,0,0,112,0,0,0,0
zc,WS209,2012-06-01 09:04:48.813,2386.0000,322382,0,0.0000,0.0000,0,0,多换,B,2385.0000,0.0000,0.0000,0.0000,0.0000,2386.0000,0.0000,0.0000,0.0000,0.0000,36,0,0,0,0,110,0,0,0,0
zc,WS209,2012-06-01 09:04:49.830,2386.0000,322382,0,0.0000,0.0000,0,0,多换,B,2385.0000,0.0000,0.0000,0.0000,0.0000,2386.0000,0.0000,0.0000,0.0000,0.0000,37,0,0,0,0,108,0,0,0,0
zc,WS209,2012-06-01 09:04:50.563,2386.0000,322382,0,0.0000,0.0000,0,0,多换,B,2385.0000,0.0000,0.0000,0.0000,0.0000,2386.0000,0.0000,0.0000,0.0000,0.0000,38,0,0,0,0,110,0,0,0,0
zc,WS209,2012-06-01 09:04:51.080,2386.0000,322382,0,0.0000,0.0000,0,0,多换,B,2385.0000,0.0000,0.0000,0.0000,0.0000,2386.0000,0.0000,0.0000,0.0000,0.0000,38,0,0,0,0,115,0,0,0,0
zc,WS209,2012-06-01 09:04:52.347,2386.0000,322382,0,0.0000,0.0000,0,0,多换,B,2385.0000,0.0000,0.0000,0.0000,0.0000,2386.0000,0.0000,0.0000,0.0000,0.0000,39,0,0,0,0,115,0,0,0,0
zc,WS209,2012-06-01 09:04:54.097,2386.0000,322382,0,0.0000,0.0000,0,0,多换,B,2385.0000,0.0000,0.0000,0.0000,0.0000,2386.0000,0.0000,0.0000,0.0000,0.0000,39,0,0,0,0,109,0,0,0,0
zc,WS209,2012-06-01 09:04:54.847,2386.0000,322382,0,0.0000,0.0000,0,0,多换,B,2385.0000,0.0000,0.0000,0.0000,0.0000,2386.0000,0.0000,0.0000,0.0000,0.0000,39,0,0,0,0,108,0,0,0,0
zc,WS209,2012-06-01 09:04:55.313,2386.0000,322382,0,0.0000,0.0000,0,0,多换,B,2385.0000,0.0000,0.0000,0.0000,0.0000,2386.0000,0.0000,0.0000,0.0000,0.0000,39,0,0,0,0,107,0,0,0,0
zc,WS209,2012-06-01 09:04:55.783,2386.0000,322380,-2,0.0000,2.0000,0,2,双平,B,2385.0000,0.0000,0.0000,0.0000,0.0000,2386.0000,0.0000,0.0000,0.0000,0.0000,67,0,0,0,0,99,0,0,0,0
zc,WS209,2012-06-01 09:04:57.110,2386.0000,322396,16,0.0000,198.0000,107,91,多开,B,2386.0000,0.0000,0.0000,0.0000,0.0000,2387.0000,0.0000,0.0000,0.0000,0.0000,101,0,0,0,0,140,0,0,0,0
zc,WS209,2012-06-01 09:04:57.563,2386.0000,322396,0,0.0000,0.0000,0,0,多换,B,2386.0000,0.0000,0.0000,0.0000,0.0000,2387.0000,0.0000,0.0000,0.0000,0.0000,211,0,0,0,0,140,0,0,0,0
zc,WS209,2012-06-01 09:04:58.047,2386.0000,322396,0,0.0000,0.0000,0,0,多换,B,2386.0000,0.0000,0.0000,0.0000,0.0000,2387.0000,0.0000,0.0000,0.0000,0.0000,211,0,0,0,0,139,0,0,0,0
zc,WS209,2012-06-01 09:04:58.860,2387.0000,322396,0,0.0000,2.0000,1,1,多换,B,2386.0000,0.0000,0.0000,0.0000,0.0000,2387.0000,0.0000,0.0000,0.0000,0.0000,211,0,0,0,0,138,0,0,0,0
zc,WS209,2012-06-01 09:04:59.610,2387.0000,322394,-2,0.0000,2.0000,0,2,双平,B,2386.0000,0.0000,0.0000,0.0000,0.0000,2387.0000,0.0000,0.0000,0.0000,0.0000,221,0,0,0,0,137,0,0,0,0
zc,WS209,2012-06-01 09:05:00.127,2387.0000,322392,-2,0.0000,2.0000,0,2,双平,B,2386.0000,0.0000,0.0000,0.0000,0.0000,2387.0000,0.0000,0.0000,0.0000,0.0000,161,0,0,0,0,136,0,0,0,0
zc,WS209,2012-06-01 09:05:00.580,2386.0000,322392,0,0.0000,2.0000,1,1,空换,S,2386.0000,0.0000,0.0000,0.0000,0.0000,2387.0000,0.0000,0.0000,0.0000,0.0000,160,0,0,0,0,136,0,0,0,0
zc,WS209,2012-06-01 09:05:02.517,2387.0000,322272,-120,0.0000,120.0000,0,120,双平,B,2386.0000,0.0000,0.0000,0.0000,0.0000,2387.0000,0.0000,0.0000,0.0000,0.0000,160,0,0,0,0,76,0,0,0,0
zc,WS209,2012-06-01 09:05:03.627,2387.0000,322272,0,0.0000,0.0000,0,0,多换,B,2386.0000,0.0000,0.0000,0.0000,0.0000,2387.0000,0.0000,0.0000,0.0000,0.0000,160,0,0,0,0,45,0,0,0,0
zc,WS209,2012-06-01 09:05:04.097,2387.0000,322270,-2,0.0000,2.0000,0,2,双平,B,2386.0000,0.0000,0.0000,0.0000,0.0000,2387.0000,0.0000,0.0000,0.0000,0.0000,160,0,0,0,0,44,0,0,0,0
zc,WS209,2012-06-01 09:05:04.783,2387.0000,322270,0,0.0000,20.0000,10,10,多换,B,2386.0000,0.0000,0.0000,0.0000,0.0000,2387.0000,0.0000,0.0000,0.0000,0.0000,160,0,0,0,0,34,0,0,0,0
zc,WS209,2012-06-01 09:05:05.407,2387.0000,322270,0,0.0000,62.0000,31,31,多换,B,2387.0000,0.0000,0.0000,0.0000,0.0000,2388.0000,0.0000,0.0000,0.0000,0.0000,1,0,0,0,0,175,0,0,0,0
zc,WS209,2012-06-01 09:05:06.110,2387.0000,322270,0,0.0000,2.0000,1,1,多换,B,2386.0000,0.0000,0.0000,0.0000,0.0000,2388.0000,0.0000,0.0000,0.0000,0.0000,188,0,0,0,0,176,0,0,0,0
zc,WS209,2012-06-01 09:05:06.533,2388.0000,322270,0,0.0000,2.0000,1,1,多换,B,2387.0000,0.0000,0.0000,0.0000,0.0000,2388.0000,0.0000,0.0000,0.0000,0.0000,1,0,0,0,0,175,0,0,0,0
zc,WS209,2012-06-01 09:05:07.813,2387.0000,322270,0,0.0000,2.0000,1,1,空换,S,2386.0000,0.0000,0.0000,0.0000,0.0000,2388.0000,0.0000,0.0000,0.0000,0.0000,188,0,0,0,0,174,0,0,0,0
zc,WS209,2012-06-01 09:05:08.393,2387.0000,322270,0,0.0000,0.0000,0,0,空换,S,2387.0000,0.0000,0.0000,0.0000,0.0000,2388.0000,0.0000,0.0000,0.0000,0.0000,10,0,0,0,0,174,0,0,0,0
zc,WS209,2012-06-01 09:05:09.080,2387.0000,322270,0,0.0000,0.0000,0,0,空换,S,2387.0000,0.0000,0.0000,0.0000,0.0000,2388.0000,0.0000,0.0000,0.0000,0.0000,10,0,0,0,0,182,0,0,0,0
zc,WS209,2012-06-01 09:05:10.110,2387.0000,322272,2,0.0000,2.0000,2,0,双开,S,2387.0000,0.0000,0.0000,0.0000,0.0000,2388.0000,0.0000,0.0000,0.0000,0.0000,9,0,0,0,0,88,0,0,0,0
zc,WS209,2012-06-01 09:05:11.360,2387.0000,322272,0,0.0000,0.0000,0,0,空换,S,2387.0000,0.0000,0.0000,0.0000,0.0000,2388.0000,0.0000,0.0000,0.0000,0.0000,12,0,0,0,0,88,0,0,0,0
zc,WS209,2012-06-01 09:05:12.047,2388.0000,322274,2,0.0000,2.0000,2,0,双开,B,2387.0000,0.0000,0.0000,0.0000,0.0000,2388.0000,0.0000,0.0000,0.0000,0.0000,12,0,0,0,0,88,0,0,0,0
zc,WS209,2012-06-01 09:05:12.330,2388.0000,322192,-82,0.0000,100.0000,9,91,空平,B,2387.0000,0.0000,0.0000,0.0000,0.0000,2388.0000,0.0000,0.0000,0.0000,0.0000,22,0,0,0,0,38,0,0,0,0
zc,WS209,2012-06-01 09:05:13.080,2388.0000,322192,0,0.0000,0.0000,0,0,多换,B,2387.0000,0.0000,0.0000,0.0000,0.0000,2388.0000,0.0000,0.0000,0.0000,0.0000,50,0,0,0,0,36,0,0,0,0
zc,WS209,2012-06-01 09:05:13.563,2387.0000,322186,-6,0.0000,10.0000,2,8,多平,S,2387.0000,0.0000,0.0000,0.0000,0.0000,2388.0000,0.0000,0.0000,0.0000,0.0000,49,0,0,0,0,32,0,0,0,0
zc,WS209,2012-06-01 09:05:14.347,2388.0000,322186,0,0.0000,60.0000,30,30,多换,B,2387.0000,0.0000,0.0000,0.0000,0.0000,2388.0000,0.0000,0.0000,0.0000,0.0000,49,0,0,0,0,2,0,0,0,0
zc,WS209,2012-06-01 09:05:14.797,2388.0000,322186,0,0.0000,0.0000,0,0,多换,B,2387.0000,0.0000,0.0000,0.0000,0.0000,2388.0000,0.0000,0.0000,0.0000,0.0000,49,0,0,0,0,4,0,0,0,0
zc,WS209,2012-06-01 09:05:15.297,2388.0000,322190,4,0.0000,8.0000,6,2,多开,B,2388.0000,0.0000,0.0000,0.0000,0.0000,2389.0000,0.0000,0.0000,0.0000,0.0000,27,0,0,0,0,82,0,0,0,0
zc,WS209,2012-06-01 09:05:15.813,2388.0000,322190,0,0.0000,2.0000,1,1,多换,B,2388.0000,0.0000,0.0000,0.0000,0.0000,2389.0000,0.0000,0.0000,0.0000,0.0000,55,0,0,0,0,80,0,0,0,0
zc,WS209,2012-06-01 09:05:16.533,2389.0000,322192,2,0.0000,22.0000,12,10,多开,B,2388.0000,0.0000,0.0000,0.0000,0.0000,2389.0000,0.0000,0.0000,0.0000,0.0000,61,0,0,0,0,71,0,0,0,0
zc,WS209,2012-06-01 09:05:17.033,2389.0000,322224,32,0.0000,78.0000,55,23,多开,B,2388.0000,0.0000,0.0000,0.0000,0.0000,2389.0000,0.0000,0.0000,0.0000,0.0000,37,0,0,0,0,32,0,0,0,0
zc,WS209,2012-06-01 09:05:17.547,2389.0000,322232,8,0.0000,16.0000,12,4,多开,B,2389.0000,0.0000,0.0000,0.0000,0.0000,2390.0000,0.0000,0.0000,0.0000,0.0000,25,0,0,0,0,114,0,0,0,0
zc,WS209,2012-06-01 09:05:18.283,2389.0000,322232,0,0.0000,0.0000,0,0,多换,B,2389.0000,0.0000,0.0000,0.0000,0.0000,2390.0000,0.0000,0.0000,0.0000,0.0000,32,0,0,0,0,114,0,0,0,0
zc,WS209,2012-06-01 09:05:18.830,2389.0000,322232,0,0.0000,8.0000,4,4,多换,B,2389.0000,0.0000,0.0000,0.0000,0.0000,2390.0000,0.0000,0.0000,0.0000,0.0000,32,0,0,0,0,112,0,0,0,0
zc,WS209,2012-06-01 09:05:19.533,2390.0000,322232,0,0.0000,6.0000,3,3,多换,B,2389.0000,0.0000,0.0000,0.0000,0.0000,2390.0000,0.0000,0.0000,0.0000,0.0000,32,0,0,0,0,109,0,0,0,0
zc,WS209,2012-06-01 09:05:19.893,2390.0000,322238,6,0.0000,86.0000,46,40,多开,B,2389.0000,0.0000,0.0000,0.0000,0.0000,2390.0000,0.0000,0.0000,0.0000,0.0000,51,0,0,0,0,66,0,0,0,0
zc,WS209,2012-06-01 09:05:20.563,2390.0000,322236,-2,0.0000,4.0000,1,3,空平,B,2389.0000,0.0000,0.0000,0.0000,0.0000,2390.0000,0.0000,0.0000,0.0000,0.0000,50,0,0,0,0,114,0,0,0,0
zc,WS209,2012-06-01 09:05:21.033,2390.0000,322240,4,0.0000,92.0000,48,44,多开,B,2389.0000,0.0000,0.0000,0.0000,0.0000,2390.0000,0.0000,0.0000,0.0000,0.0000,24,0,0,0,0,68,0,0,0,0
zc,WS209,2012-06-01 09:05:21.797,2390.0000,322250,10,0.0000,24.0000,17,7,多开,B,2389.0000,0.0000,0.0000,0.0000,0.0000,2390.0000,0.0000,0.0000,0.0000,0.0000,11,0,0,0,0,56,0,0,0,0
zc,WS209,2012-06-01 09:05:22.360,2390.0000,322254,4,0.0000,52.0000,28,24,多开,B,2389.0000,0.0000,0.0000,0.0000,0.0000,2390.0000,0.0000,0.0000,0.0000,0.0000,52,0,0,0,0,32,0,0,0,0
zc,WS209,2012-06-01 09:05:22.830,2390.0000,322286,32,0.0000,158.0000,95,63,多开,B,2390.0000,0.0000,0.0000,0.0000,0.0000,2391.0000,0.0000,0.0000,0.0000,0.0000,84,0,0,0,0,13,0,0,0,0
zc,WS209,2012-06-01 09:05:23.580,2390.0000,322284,-2,0.0000,4.0000,1,3,空平,B,2390.0000,0.0000,0.0000,0.0000,0.0000,2391.0000,0.0000,0.0000,0.0000,0.0000,42,0,0,0,0,14,0,0,0,0
zc,WS209,2012-06-01 09:05:24.110,2390.0000,322284,0,0.0000,0.0000,0,0,多换,B,2390.0000,0.0000,0.0000,0.0000,0.0000,2391.0000,0.0000,0.0000,0.0000,0.0000,33,0,0,0,0,14,0,0,0,0
zc,WS209,2012-06-01 09:05:24.783,2390.0000,322286,2,0.0000,4.0000,3,1,多开,B,2390.0000,0.0000,0.0000,0.0000,0.0000,2391.0000,0.0000,0.0000,0.0000,0.0000,31,0,0,0,0,14,0,0,0,0
zc,WS209,2012-06-01 09:05:25.313,2391.0000,322286,0,0.0000,8.0000,4,4,多换,B,2390.0000,0.0000,0.0000,0.0000,0.0000,2391.0000,0.0000,0.0000,0.0000,0.0000,28,0,0,0,0,29,0,0,0,0
zc,WS209,2012-06-01 09:05:25.813,2391.0000,322288,2,0.0000,4.0000,3,1,多开,B,2390.0000,0.0000,0.0000,0.0000,0.0000,2391.0000,0.0000,0.0000,0.0000,0.0000,28,0,0,0,0,27,0,0,0,0
zc,WS209,2012-06-01 09:05:26.347,2391.0000,322288,0,0.0000,10.0000,5,5,多换,B,2390.0000,0.0000,0.0000,0.0000,0.0000,2391.0000,0.0000,0.0000,0.0000,0.0000,25,0,0,0,0,28,0,0,0,0
zc,WS209,2012-06-01 09:05:27.127,2391.0000,322288,0,0.0000,8.0000,4,4,多换,B,2390.0000,0.0000,0.0000,0.0000,0.0000,2391.0000,0.0000,0.0000,0.0000,0.0000,25,0,0,0,0,74,0,0,0,0
zc,WS209,2012-06-01 09:05:27.533,2391.0000,322284,-4,0.0000,8.0000,2,6,空平,B,2390.0000,0.0000,0.0000,0.0000,0.0000,2391.0000,0.0000,0.0000,0.0000,0.0000,25,0,0,0,0,63,0,0,0,0
zc,WS209,2012-06-01 09:05:28.097,2391.0000,322284,0,0.0000,0.0000,0,0,多换,B,2390.0000,0.0000,0.0000,0.0000,0.0000,2391.0000,0.0000,0.0000,0.0000,0.0000,26,0,0,0,0,69,0,0,0,0
zc,WS209,2012-06-01 09:05:28.813,2390.0000,322284,0,0.0000,10.0000,5,5,空换,S,2390.0000,0.0000,0.0000,0.0000,0.0000,2391.0000,0.0000,0.0000,0.0000,0.0000,1,0,0,0,0,96,0,0,0,0
zc,WS209,2012-06-01 09:05:29.330,2391.0000,322282,-2,0.0000,4.0000,1,3,空平,B,2390.0000,0.0000,0.0000,0.0000,0.0000,2391.0000,0.0000,0.0000,0.0000,0.0000,13,0,0,0,0,95,0,0,0,0
zc,WS209,2012-06-01 09:05:29.767,2391.0000,322282,0,0.0000,2.0000,1,1,多换,B,2390.0000,0.0000,0.0000,0.0000,0.0000,2391.0000,0.0000,0.0000,0.0000,0.0000,13,0,0,0,0,94,0,0,0,0
zc,WS209,2012-06-01 09:05:30.297,2390.0000,322282,0,0.0000,6.0000,3,3,空换,S,2390.0000,0.0000,0.0000,0.0000,0.0000,2391.0000,0.0000,0.0000,0.0000,0.0000,12,0,0,0,0,96,0,0,0,0
zc,WS209,2012-06-01 09:05:31.097,2390.0000,322282,0,0.0000,14.0000,7,7,空换,S,2390.0000,0.0000,0.0000,0.0000,0.0000,2391.0000,0.0000,0.0000,0.0000,0.0000,7,0,0,0,0,105,0,0,0,0
zc,WS209,2012-06-01 09:05:31.580,2390.0000,322282,0,0.0000,2.0000,1,1,空换,S,2390.0000,0.0000,0.0000,0.0000,0.0000,2391.0000,0.0000,0.0000,0.0000,0.0000,9,0,0,0,0,108,0,0,0,0
zc,WS209,2012-06-01 09:05:32.110,2390.0000,322284,2,0.0000,2.0000,2,0,双开,S,2390.0000,0.0000,0.0000,0.0000,0.0000,2391.0000,0.0000,0.0000,0.0000,0.0000,10,0,0,0,0,109,0,0,0,0
zc,WS209,2012-06-01 09:05:32.783,2390.0000,322280,-4,0.0000,20.0000,8,12,多平,S,2390.0000,0.0000,0.0000,0.0000,0.0000,2391.0000,0.0000,0.0000,0.0000,0.0000,4,0,0,0,0,101,0,0,0,0
zc,WS209,2012-06-01 09:05:33.250,2390.0000,322280,0,0.0000,4.0000,2,2,空换,S,2390.0000,0.0000,0.0000,0.0000,0.0000,2391.0000,0.0000,0.0000,0.0000,0.0000,102,0,0,0,0,101,0,0,0,0
zc,WS209,2012-06-01 09:05:33.797,2390.0000,322280,0,0.0000,0.0000,0,0,空换,S,2390.0000,0.0000,0.0000,0.0000,0.0000,2391.0000,0.0000,0.0000,0.0000,0.0000,105,0,0,0,0,102,0,0,0,0
zc,WS209,2012-06-01 09:05:34.283,2390.0000,322264,-16,0.0000,22.0000,3,19,多平,S,2390.0000,0.0000,0.0000,0.0000,0.0000,2391.0000,0.0000,0.0000,0.0000,0.0000,116,0,0,0,0,107,0,0,0,0
zc,WS209,2012-06-01 09:05:35.000,2390.0000,322262,-2,0.0000,12.0000,5,7,多平,S,2390.0000,0.0000,0.0000,0.0000,0.0000,2391.0000,0.0000,0.0000,0.0000,0.0000,119,0,0,0,0,102,0,0,0,0
zc,WS209,2012-06-01 09:05:35.563,2390.0000,322254,-8,0.0000,8.0000,0,8,双平,S,2390.0000,0.0000,0.0000,0.0000,0.0000,2391.0000,0.0000,0.0000,0.0000,0.0000,116,0,0,0,0,116,0,0,0,0
zc,WS209,2012-06-01 09:05:36.063,2390.0000,322246,-8,0.0000,8.0000,0,8,双平,S,2390.0000,0.0000,0.0000,0.0000,0.0000,2391.0000,0.0000,0.0000,0.0000,0.0000,113,0,0,0,0,125,0,0,0,0
zc,WS209,2012-06-01 09:05:37.347,2391.0000,322244,-2,0.0000,2.0000,0,2,双平,B,2390.0000,0.0000,0.0000,0.0000,0.0000,2391.0000,0.0000,0.0000,0.0000,0.0000,113,0,0,0,0,125,0,0,0,0
zc,WS209,2012-06-01 09:05:37.813,2391.0000,322242,-2,0.0000,26.0000,12,14,空平,B,2390.0000,0.0000,0.0000,0.0000,0.0000,2391.0000,0.0000,0.0000,0.0000,0.0000,112,0,0,0,0,125,0,0,0,0
zc,WS209,2012-06-01 09:05:38.297,2390.0000,322242,0,0.0000,2.0000,1,1,空换,S,2390.0000,0.0000,0.0000,0.0000,0.0000,2391.0000,0.0000,0.0000,0.0000,0.0000,111,0,0,0,0,127,0,0,0,0
zc,WS209,2012-06-01 09:05:39.033,2390.0000,322240,-2,0.0000,2.0000,0,2,双平,S,2390.0000,0.0000,0.0000,0.0000,0.0000,2391.0000,0.0000,0.0000,0.0000,0.0000,121,0,0,0,0,127,0,0,0,0
zc,WS209,2012-06-01 09:05:39.547,2391.0000,322236,-4,0.0000,4.0000,0,4,双平,B,2390.0000,0.0000,0.0000,0.0000,0.0000,2391.0000,0.0000,0.0000,0.0000,0.0000,120,0,0,0,0,125,0,0,0,0
zc,WS209,2012-06-01 09:05:40.063,2391.0000,322234,-2,0.0000,6.0000,2,4,空平,B,2390.0000,0.0000,0.0000,0.0000,0.0000,2391.0000,0.0000,0.0000,0.0000,0.0000,121,0,0,0,0,127,0,0,0,0
zc,WS209,2012-06-01 09:05:40.813,2390.0000,322234,0,0.0000,4.0000,2,2,空换,S,2390.0000,0.0000,0.0000,0.0000,0.0000,2391.0000,0.0000,0.0000,0.0000,0.0000,119,0,0,0,0,127,0,0,0,0
zc,WS209,2012-06-01 09:05:41.267,2390.0000,322228,-6,0.0000,6.0000,0,6,双平,S,2390.0000,0.0000,0.0000,0.0000,0.0000,2391.0000,0.0000,0.0000,0.0000,0.0000,116,0,0,0,0,144,0,0,0,0
zc,WS209,2012-06-01 09:05:41.767,2391.0000,322228,0,0.0000,10.0000,5,5,多换,B,2390.0000,0.0000,0.0000,0.0000,0.0000,2391.0000,0.0000,0.0000,0.0000,0.0000,116,0,0,0,0,139,0,0,0,0
zc,WS209,2012-06-01 09:05:42.283,2391.0000,322226,-2,0.0000,2.0000,0,2,双平,B,2390.0000,0.0000,0.0000,0.0000,0.0000,2391.0000,0.0000,0.0000,0.0000,0.0000,116,0,0,0,0,153,0,0,0,0
zc,WS209,2012-06-01 09:05:43.017,2391.0000,322226,0,0.0000,0.0000,0,0,多换,B,2390.0000,0.0000,0.0000,0.0000,0.0000,2391.0000,0.0000,0.0000,0.0000,0.0000,117,0,0,0,0,153,0,0,0,0
zc,WS209,2012-06-01 09:05:43.547,2390.0000,322228,2,0.0000,108.0000,55,53,空开,S,2390.0000,0.0000,0.0000,0.0000,0.0000,2391.0000,0.0000,0.0000,0.0000,0.0000,113,0,0,0,0,101,0,0,0,0
zc,WS209,2012-06-01 09:05:44.297,2390.0000,322226,-2,0.0000,2.0000,0,2,双平,S,2390.0000,0.0000,0.0000,0.0000,0.0000,2391.0000,0.0000,0.0000,0.0000,0.0000,112,0,0,0,0,101,0,0,0,0
zc,WS209,2012-06-01 09:05:44.767,2391.0000,322226,0,0.0000,14.0000,7,7,多换,B,2390.0000,0.0000,0.0000,0.0000,0.0000,2391.0000,0.0000,0.0000,0.0000,0.0000,140,0,0,0,0,95,0,0,0,0
zc,WS209,2012-06-01 09:05:45.283,2390.0000,322220,-6,0.0000,12.0000,3,9,多平,S,2390.0000,0.0000,0.0000,0.0000,0.0000,2391.0000,0.0000,0.0000,0.0000,0.0000,132,0,0,0,0,93,0,0,0,0
zc,WS209,2012-06-01 09:05:46.017,2390.0000,322216,-4,0.0000,6.0000,1,5,多平,S,2390.0000,0.0000,0.0000,0.0000,0.0000,2391.0000,0.0000,0.0000,0.0000,0.0000,124,0,0,0,0,92,0,0,0,0
zc,WS209,2012-06-01 09:05:46.610,2390.0000,322216,0,0.0000,0.0000,0,0,空换,S,2390.0000,0.0000,0.0000,0.0000,0.0000,2391.0000,0.0000,0.0000,0.0000,0.0000,125,0,0,0,0,95,0,0,0,0
zc,WS209,2012-06-01 09:05:47.063,2391.0000,322216,0,0.0000,44.0000,22,22,多换,B,2390.0000,0.0000,0.0000,0.0000,0.0000,2391.0000,0.0000,0.0000,0.0000,0.0000,131,0,0,0,0,74,0,0,0,0
zc,WS209,2012-06-01 09:05:47.517,2391.0000,322212,-4,0.0000,14.0000,5,9,空平,B,2390.0000,0.0000,0.0000,0.0000,0.0000,2391.0000,0.0000,0.0000,0.0000,0.0000,131,0,0,0,0,68,0,0,0,0
zc,WS209,2012-06-01 09:05:48.033,2391.0000,322212,0,0.0000,0.0000,0,0,多换,B,2390.0000,0.0000,0.0000,0.0000,0.0000,2391.0000,0.0000,0.0000,0.0000,0.0000,131,0,0,0,0,67,0,0,0,0
zc,WS209,2012-06-01 09:05:48.847,2391.0000,322212,0,0.0000,6.0000,3,3,多换,B,2390.0000,0.0000,0.0000,0.0000,0.0000,2391.0000,0.0000,0.0000,0.0000,0.0000,131,0,0,0,0,64,0,0,0,0
zc,WS209,2012-06-01 09:05:49.297,2391.0000,322222,10,0.0000,16.0000,13,3,多开,B,2390.0000,0.0000,0.0000,0.0000,0.0000,2391.0000,0.0000,0.0000,0.0000,0.0000,130,0,0,0,0,58,0,0,0,0
zc,WS209,2012-06-01 09:05:50.080,2390.0000,322220,-2,0.0000,2.0000,0,2,双平,S,2390.0000,0.0000,0.0000,0.0000,0.0000,2391.0000,0.0000,0.0000,0.0000,0.0000,129,0,0,0,0,60,0,0,0,0
zc,WS209,2012-06-01 09:05:50.297,2390.0000,322220,0,0.0000,0.0000,0,0,空换,S,2390.0000,0.0000,0.0000,0.0000,0.0000,2391.0000,0.0000,0.0000,0.0000,0.0000,128,0,0,0,0,60,0,0,0,0
zc,WS209,2012-06-01 09:05:51.063,2390.0000,322218,-2,0.0000,2.0000,0,2,双平,S,2390.0000,0.0000,0.0000,0.0000,0.0000,2391.0000,0.0000,0.0000,0.0000,0.0000,127,0,0,0,0,60,0,0,0,0
zc,WS209,2012-06-01 09:05:51.580,2390.0000,322218,0,0.0000,0.0000,0,0,空换,S,2390.0000,0.0000,0.0000,0.0000,0.0000,2391.0000,0.0000,0.0000,0.0000,0.0000,127,0,0,0,0,61,0,0,0,0
zc,WS209,2012-06-01 09:05:52.033,2390.0000,322218,0,0.0000,0.0000,0,0,空换,S,2390.0000,0.0000,0.0000,0.0000,0.0000,2391.0000,0.0000,0.0000,0.0000,0.0000,127,0,0,0,0,70,0,0,0,0
zc,WS209,2012-06-01 09:05:52.533,2391.0000,322218,0,0.0000,24.0000,12,12,多换,B,2390.0000,0.0000,0.0000,0.0000,0.0000,2391.0000,0.0000,0.0000,0.0000,0.0000,127,0,0,0,0,58,0,0,0,0
zc,WS209,2012-06-01 09:05:53.313,2391.0000,322218,0,0.0000,0.0000,0,0,多换,B,2390.0000,0.0000,0.0000,0.0000,0.0000,2391.0000,0.0000,0.0000,0.0000,0.0000,126,0,0,0,0,59,0,0,0,0
zc,WS209,2012-06-01 09:05:54.047,2390.0000,322216,-2,0.0000,2.0000,0,2,双平,S,2390.0000,0.0000,0.0000,0.0000,0.0000,2391.0000,0.0000,0.0000,0.0000,0.0000,125,0,0,0,0,62,0,0,0,0
zc,WS209,2012-06-01 09:05:54.283,2391.0000,322216,0,0.0000,2.0000,1,1,多换,B,2390.0000,0.0000,0.0000,0.0000,0.0000,2391.0000,0.0000,0.0000,0.0000,0.0000,126,0,0,0,0,81,0,0,0,0
zc,WS209,2012-06-01 09:05:55.047,2391.0000,322216,0,0.0000,2.0000,1,1,多换,B,2390.0000,0.0000,0.0000,0.0000,0.0000,2391.0000,0.0000,0.0000,0.0000,0.0000,126,0,0,0,0,80,0,0,0,0
zc,WS209,2012-06-01 09:05:55.517,2391.0000,322186,-30,0.0000,30.0000,0,30,双平,B,2390.0000,0.0000,0.0000,0.0000,0.0000,2391.0000,0.0000,0.0000,0.0000,0.0000,126,0,0,0,0,68,0,0,0,0
zc,WS209,2012-06-01 09:05:56.017,2390.0000,322184,-2,0.0000,4.0000,1,3,多平,S,2390.0000,0.0000,0.0000,0.0000,0.0000,2391.0000,0.0000,0.0000,0.0000,0.0000,104,0,0,0,0,66,0,0,0,0
zc,WS209,2012-06-01 09:05:56.517,2391.0000,321922,-262,0.0000,300.0000,19,281,空平,B,2390.0000,0.0000,0.0000,0.0000,0.0000,2391.0000,0.0000,0.0000,0.0000,0.0000,55,0,0,0,0,24,0,0,0,0
zc,WS209,2012-06-01 09:05:57.297,2390.0000,321918,-4,0.0000,4.0000,0,4,双平,S,2390.0000,0.0000,0.0000,0.0000,0.0000,2391.0000,0.0000,0.0000,0.0000,0.0000,53,0,0,0,0,33,0,0,0,0
zc,WS209,2012-06-01 09:05:57.813,2391.0000,321918,0,0.0000,2.0000,1,1,多换,B,2390.0000,0.0000,0.0000,0.0000,0.0000,2391.0000,0.0000,0.0000,0.0000,0.0000,53,0,0,0,0,38,0,0,0,0
zc,WS209,2012-06-01 09:05:58.330,2391.0000,321918,0,0.0000,2.0000,1,1,多换,B,2390.0000,0.0000,0.0000,0.0000,0.0000,2391.0000,0.0000,0.0000,0.0000,0.0000,58,0,0,0,0,33,0,0,0,0
zc,WS209,2012-06-01 09:05:59.000,2391.0000,321920,2,0.0000,2.0000,2,0,双开,B,2390.0000,0.0000,0.0000,0.0000,0.0000,2391.0000,0.0000,0.0000,0.0000,0.0000,63,0,0,0,0,33,0,0,0,0
zc,WS209,2012-06-01 09:05:59.377,2391.0000,321920,0,0.0000,0.0000,0,0,多换,B,2390.0000,0.0000,0.0000,0.0000,0.0000,2391.0000,0.0000,0.0000,0.0000,0.0000,64,0,0,0,0,43,0,0,0,0
zc,WS209,2012-06-01 09:06:00.063,2391.0000,321920,0,0.0000,2.0000,1,1,多换,B,2390.0000,0.0000,0.0000,0.0000,0.0000,2391.0000,0.0000,0.0000,0.0000,0.0000,65,0,0,0,0,42,0,0,0,0
zc,WS209,2012-06-01 09:06:00.533,2390.0000,321916,-4,0.0000,4.0000,0,4,双平,S,2390.0000,0.0000,0.0000,0.0000,0.0000,2391.0000,0.0000,0.0000,0.0000,0.0000,64,0,0,0,0,48,0,0,0,0
zc,WS209,2012-06-01 09:06:01.893,2391.0000,321916,0,0.0000,14.0000,7,7,多换,B,2390.0000,0.0000,0.0000,0.0000,0.0000,2391.0000,0.0000,0.0000,0.0000,0.0000,63,0,0,0,0,42,0,0,0,0
zc,WS209,2012-06-01 09:06:02.347,2391.0000,321916,0,0.0000,0.0000,0,0,多换,B,2390.0000,0.0000,0.0000,0.0000,0.0000,2391.0000,0.0000,0.0000,0.0000,0.0000,63,0,0,0,0,43,0,0,0,0
zc,WS209,2012-06-01 09:06:03.033,2391.0000,321916,0,0.0000,0.0000,0,0,多换,B,2390.0000,0.0000,0.0000,0.0000,0.0000,2391.0000,0.0000,0.0000,0.0000,0.0000,64,0,0,0,0,95,0,0,0,0
zc,WS209,2012-06-01 09:06:03.360,2391.0000,321914,-2,0.0000,4.0000,1,3,空平,B,2390.0000,0.0000,0.0000,0.0000,0.0000,2391.0000,0.0000,0.0000,0.0000,0.0000,63,0,0,0,0,95,0,0,0,0
zc,WS209,2012-06-01 09:06:04.097,2390.0000,321928,14,0.0000,16.0000,15,1,空开,S,2390.0000,0.0000,0.0000,0.0000,0.0000,2391.0000,0.0000,0.0000,0.0000,0.0000,57,0,0,0,0,98,0,0,0,0
zc,WS209,2012-06-01 09:06:04.580,2391.0000,321982,54,0.0000,216.0000,135,81,多开,B,2391.0000,0.0000,0.0000,0.0000,0.0000,2392.0000,0.0000,0.0000,0.0000,0.0000,42,0,0,0,0,93,0,0,0,0
zc,WS209,2012-06-01 09:06:05.330,2391.0000,321982,0,0.0000,2.0000,1,1,多换,B,2391.0000,0.0000,0.0000,0.0000,0.0000,2392.0000,0.0000,0.0000,0.0000,0.0000,41,0,0,0,0,94,0,0,0,0
zc,WS209,2012-06-01 09:06:05.783,2392.0000,321982,0,0.0000,2.0000,1,1,多换,B,2391.0000,0.0000,0.0000,0.0000,0.0000,2392.0000,0.0000,0.0000,0.0000,0.0000,41,0,0,0,0,93,0,0,0,0
zc,WS209,2012-06-01 09:06:06.313,2391.0000,321980,-2,0.0000,4.0000,1,3,多平,S,2391.0000,0.0000,0.0000,0.0000,0.0000,2392.0000,0.0000,0.0000,0.0000,0.0000,40,0,0,0,0,92,0,0,0,0
zc,WS209,2012-06-01 09:06:07.127,2391.0000,321980,0,0.0000,54.0000,27,27,空换,S,2391.0000,0.0000,0.0000,0.0000,0.0000,2392.0000,0.0000,0.0000,0.0000,0.0000,113,0,0,0,0,116,0,0,0,0
zc,WS209,2012-06-01 09:06:07.580,2392.0000,321980,0,0.0000,40.0000,20,20,多换,B,2391.0000,0.0000,0.0000,0.0000,0.0000,2392.0000,0.0000,0.0000,0.0000,0.0000,113,0,0,0,0,96,0,0,0,0
zc,WS209,2012-06-01 09:06:08.517,2392.0000,321980,0,0.0000,116.0000,58,58,多换,B,2391.0000,0.0000,0.0000,0.0000,0.0000,2392.0000,0.0000,0.0000,0.0000,0.0000,66,0,0,0,0,148,0,0,0,0
zc,WS209,2012-06-01 09:06:09.267,2392.0000,321980,0,0.0000,120.0000,60,60,多换,B,2391.0000,0.0000,0.0000,0.0000,0.0000,2392.0000,0.0000,0.0000,0.0000,0.0000,19,0,0,0,0,138,0,0,0,0
zc,WS209,2012-06-01 09:06:09.797,2391.0000,321980,0,0.0000,2.0000,1,1,空换,S,2391.0000,0.0000,0.0000,0.0000,0.0000,2392.0000,0.0000,0.0000,0.0000,0.0000,18,0,0,0,0,137,0,0,0,0
zc,WS209,2012-06-01 09:06:10.313,2391.0000,321980,0,0.0000,36.0000,18,18,空换,S,2390.0000,0.0000,0.0000,0.0000,0.0000,2391.0000,0.0000,0.0000,0.0000,0.0000,105,0,0,0,0,83,0,0,0,0
zc,WS209,2012-06-01 09:06:11.080,2391.0000,321980,0,0.0000,2.0000,1,1,空换,S,2390.0000,0.0000,0.0000,0.0000,0.0000,2391.0000,0.0000,0.0000,0.0000,0.0000,105,0,0,0,0,81,0,0,0,0
zc,WS209,2012-06-01 09:06:11.580,2391.0000,321880,-100,0.0000,100.0000,0,100,双平,S,2390.0000,0.0000,0.0000,0.0000,0.0000,2391.0000,0.0000,0.0000,0.0000,0.0000,105,0,0,0,0,36,0,0,0,0
zc,WS209,2012-06-01 09:06:12.047,2390.0000,321880,0,0.0000,2.0000,1,1,空换,S,2390.0000,0.0000,0.0000,0.0000,0.0000,2391.0000,0.0000,0.0000,0.0000,0.0000,104,0,0,0,0,36,0,0,0,0
zc,WS209,2012-06-01 09:06:12.610,2390.0000,321882,2,0.0000,4.0000,3,1,空开,S,2390.0000,0.0000,0.0000,0.0000,0.0000,2391.0000,0.0000,0.0000,0.0000,0.0000,102,0,0,0,0,38,0,0,0,0
zc,WS209,2012-06-01 09:06:13.267,2390.0000,321882,0,0.0000,0.0000,0,0,空换,S,2390.0000,0.0000,0.0000,0.0000,0.0000,2391.0000,0.0000,0.0000,0.0000,0.0000,101,0,0,0,0,40,0,0,0,0
zc,WS209,2012-06-01 09:06:14.267,2390.0000,321882,0,0.0000,0.0000,0,0,空换,S,2390.0000,0.0000,0.0000,0.0000,0.0000,2391.0000,0.0000,0.0000,0.0000,0.0000,102,0,0,0,0,40,0,0,0,0
zc,WS209,2012-06-01 09:06:15.297,2391.0000,321882,0,0.0000,40.0000,20,20,多换,B,2390.0000,0.0000,0.0000,0.0000,0.0000,2391.0000,0.0000,0.0000,0.0000,0.0000,103,0,0,0,0,20,0,0,0,0
zc,WS209,2012-06-01 09:06:16.017,2391.0000,321882,0,0.0000,8.0000,4,4,多换,B,2390.0000,0.0000,0.0000,0.0000,0.0000,2391.0000,0.0000,0.0000,0.0000,0.0000,103,0,0,0,0,115,0,0,0,0
zc,WS209,2012-06-01 09:06:17.283,2391.0000,321882,0,0.0000,0.0000,0,0,多换,B,2390.0000,0.0000,0.0000,0.0000,0.0000,2391.0000,0.0000,0.0000,0.0000,0.0000,103,0,0,0,0,116,0,0,0,0
zc,WS209,2012-06-01 09:06:17.597,2390.0000,321894,12,0.0000,12.0000,12,0,双开,S,2390.0000,0.0000,0.0000,0.0000,0.0000,2391.0000,0.0000,0.0000,0.0000,0.0000,97,0,0,0,0,117,0,0,0,0
zc,WS209,2012-06-01 09:06:18.283,2390.0000,321896,2,0.0000,2.0000,2,0,双开,S,2390.0000,0.0000,0.0000,0.0000,0.0000,2391.0000,0.0000,0.0000,0.0000,0.0000,96,0,0,0,0,117,0,0,0,0
zc,WS209,2012-06-01 09:06:19.063,2390.0000,321898,2,0.0000,2.0000,2,0,双开,S,2390.0000,0.0000,0.0000,0.0000,0.0000,2391.0000,0.0000,0.0000,0.0000,0.0000,95,0,0,0,0,118,0,0,0,0
zc,WS209,2012-06-01 09:06:19.283,2390.0000,321898,0,0.0000,0.0000,0,0,空换,S,2390.0000,0.0000,0.0000,0.0000,0.0000,2391.0000,0.0000,0.0000,0.0000,0.0000,96,0,0,0,0,118,0,0,0,0
zc,WS209,2012-06-01 09:06:20.000,2390.0000,321898,0,0.0000,0.0000,0,0,空换,S,2390.0000,0.0000,0.0000,0.0000,0.0000,2391.0000,0.0000,0.0000,0.0000,0.0000,97,0,0,0,0,118,0,0,0,0
zc,WS209,2012-06-01 09:06:20.533,2390.0000,321898,0,0.0000,0.0000,0,0,空换,S,2390.0000,0.0000,0.0000,0.0000,0.0000,2391.0000,0.0000,0.0000,0.0000,0.0000,97,0,0,0,0,119,0,0,0,0
zc,WS209,2012-06-01 09:06:21.597,2391.0000,321898,0,0.0000,4.0000,2,2,多换,B,2390.0000,0.0000,0.0000,0.0000,0.0000,2391.0000,0.0000,0.0000,0.0000,0.0000,97,0,0,0,0,117,0,0,0,0
zc,WS209,2012-06-01 09:06:22.313,2391.0000,321898,0,0.0000,0.0000,0,0,多换,B,2390.0000,0.0000,0.0000,0.0000,0.0000,2391.0000,0.0000,0.0000,0.0000,0.0000,116,0,0,0,0,118,0,0,0,0
zc,WS209,2012-06-01 09:06:22.830,2391.0000,321898,0,0.0000,0.0000,0,0,多换,B,2390.0000,0.0000,0.0000,0.0000,0.0000,2391.0000,0.0000,0.0000,0.0000,0.0000,116,0,0,0,0,119,0,0,0,0
zc,WS209,2012-06-01 09:06:24.313,2391.0000,321932,34,0.0000,60.0000,47,13,多开,B,2390.0000,0.0000,0.0000,0.0000,0.0000,2391.0000,0.0000,0.0000,0.0000,0.0000,116,0,0,0,0,89,0,0,0,0
zc,WS209,2012-06-01 09:06:25.063,2390.0000,321974,42,0.0000,42.0000,42,0,双开,S,2390.0000,0.0000,0.0000,0.0000,0.0000,2391.0000,0.0000,0.0000,0.0000,0.0000,96,0,0,0,0,90,0,0,0,0
zc,WS209,2012-06-01 09:06:26.033,2391.0000,321974,0,0.0000,2.0000,1,1,多换,B,2390.0000,0.0000,0.0000,0.0000,0.0000,2391.0000,0.0000,0.0000,0.0000,0.0000,96,0,0,0,0,90,0,0,0,0
zc,WS209,2012-06-01 09:06:27.283,2391.0000,321974,0,0.0000,0.0000,0,0,多换,B,2390.0000,0.0000,0.0000,0.0000,0.0000,2391.0000,0.0000,0.0000,0.0000,0.0000,96,0,0,0,0,160,0,0,0,0
zc,WS209,2012-06-01 09:06:28.267,2391.0000,321974,0,0.0000,0.0000,0,0,多换,B,2390.0000,0.0000,0.0000,0.0000,0.0000,2391.0000,0.0000,0.0000,0.0000,0.0000,96,0,0,0,0,164,0,0,0,0
zc,WS209,2012-06-01 09:06:29.080,2391.0000,321974,0,0.0000,0.0000,0,0,多换,B,2390.0000,0.0000,0.0000,0.0000,0.0000,2391.0000,0.0000,0.0000,0.0000,0.0000,96,0,0,0,0,165,0,0,0,0
zc,WS209,2012-06-01 09:06:29.533,2391.0000,321974,0,0.0000,0.0000,0,0,多换,B,2390.0000,0.0000,0.0000,0.0000,0.0000,2391.0000,0.0000,0.0000,0.0000,0.0000,96,0,0,0,0,168,0,0,0,0
zc,WS209,2012-06-01 09:06:30.097,2391.0000,321974,0,0.0000,0.0000,0,0,多换,B,2390.0000,0.0000,0.0000,0.0000,0.0000,2391.0000,0.0000,0.0000,0.0000,0.0000,96,0,0,0,0,175,0,0,0,0
zc,WS209,2012-06-01 09:06:30.830,2391.0000,321976,2,0.0000,2.0000,2,0,双开,B,2390.0000,0.0000,0.0000,0.0000,0.0000,2391.0000,0.0000,0.0000,0.0000,0.0000,96,0,0,0,0,184,0,0,0,0
zc,WS209,2012-06-01 09:06:31.297,2391.0000,321978,2,0.0000,2.0000,2,0,双开,B,2390.0000,0.0000,0.0000,0.0000,0.0000,2391.0000,0.0000,0.0000,0.0000,0.0000,96,0,0,0,0,194,0,0,0,0
zc,WS209,2012-06-01 09:06:32.033,2391.0000,321978,0,0.0000,0.0000,0,0,多换,B,2390.0000,0.0000,0.0000,0.0000,0.0000,2391.0000,0.0000,0.0000,0.0000,0.0000,92,0,0,0,0,197,0,0,0,0
zc,WS209,2012-06-01 09:06:32.297,2390.0000,321978,0,0.0000,6.0000,3,3,空换,S,2390.0000,0.0000,0.0000,0.0000,0.0000,2391.0000,0.0000,0.0000,0.0000,0.0000,89,0,0,0,0,199,0,0,0,0
zc,WS209,2012-06-01 09:06:33.063,2390.0000,321978,0,0.0000,0.0000,0,0,空换,S,2390.0000,0.0000,0.0000,0.0000,0.0000,2391.0000,0.0000,0.0000,0.0000,0.0000,71,0,0,0,0,200,0,0,0,0
zc,WS209,2012-06-01 09:06:33.610,2390.0000,321978,0,0.0000,0.0000,0,0,空换,S,2390.0000,0.0000,0.0000,0.0000,0.0000,2391.0000,0.0000,0.0000,0.0000,0.0000,72,0,0,0,0,201,0,0,0,0
zc,WS209,2012-06-01 09:06:34.283,2390.0000,321978,0,0.0000,0.0000,0,0,空换,S,2390.0000,0.0000,0.0000,0.0000,0.0000,2391.0000,0.0000,0.0000,0.0000,0.0000,73,0,0,0,0,201,0,0,0,0
zc,WS209,2012-06-01 09:06:34.563,2390.0000,321978,0,0.0000,12.0000,6,6,空换,S,2390.0000,0.0000,0.0000,0.0000,0.0000,2391.0000,0.0000,0.0000,0.0000,0.0000,67,0,0,0,0,201,0,0,0,0
zc,WS209,2012-06-01 09:06:35.313,2390.0000,322060,82,0.0000,82.0000,82,0,双开,S,2390.0000,0.0000,0.0000,0.0000,0.0000,2391.0000,0.0000,0.0000,0.0000,0.0000,66,0,0,0,0,161,0,0,0,0
zc,WS209,2012-06-01 09:06:36.047,2390.0000,322062,2,0.0000,8.0000,5,3,空开,S,2390.0000,0.0000,0.0000,0.0000,0.0000,2391.0000,0.0000,0.0000,0.0000,0.0000,62,0,0,0,0,161,0,0,0,0
zc,WS209,2012-06-01 09:06:36.563,2390.0000,322062,0,0.0000,2.0000,1,1,空换,S,2390.0000,0.0000,0.0000,0.0000,0.0000,2391.0000,0.0000,0.0000,0.0000,0.0000,61,0,0,0,0,161,0,0,0,0
zc,WS209,2012-06-01 09:06:37.360,2390.0000,321996,-66,0.0000,74.0000,4,70,多平,S,2390.0000,0.0000,0.0000,0.0000,0.0000,2391.0000,0.0000,0.0000,0.0000,0.0000,24,0,0,0,0,161,0,0,0,0
zc,WS209,2012-06-01 09:06:37.860,2390.0000,321996,0,0.0000,2.0000,1,1,空换,S,2390.0000,0.0000,0.0000,0.0000,0.0000,2391.0000,0.0000,0.0000,0.0000,0.0000,23,0,0,0,0,161,0,0,0,0
zc,WS209,2012-06-01 09:06:39.110,2390.0000,321976,-20,0.0000,22.0000,1,21,多平,S,2390.0000,0.0000,0.0000,0.0000,0.0000,2391.0000,0.0000,0.0000,0.0000,0.0000,12,0,0,0,0,170,0,0,0,0
zc,WS209,2012-06-01 09:06:39.580,2390.0000,321976,0,0.0000,0.0000,0,0,空换,S,2390.0000,0.0000,0.0000,0.0000,0.0000,2391.0000,0.0000,0.0000,0.0000,0.0000,22,0,0,0,0,170,0,0,0,0
zc,WS209,2012-06-01 09:06:40.047,2391.0000,321980,4,0.0000,6.0000,5,1,多开,B,2390.0000,0.0000,0.0000,0.0000,0.0000,2391.0000,0.0000,0.0000,0.0000,0.0000,22,0,0,0,0,189,0,0,0,0
zc,WS209,2012-06-01 09:06:40.797,2390.0000,321982,2,0.0000,6.0000,4,2,空开,S,2390.0000,0.0000,0.0000,0.0000,0.0000,2391.0000,0.0000,0.0000,0.0000,0.0000,19,0,0,0,0,189,0,0,0,0
zc,WS209,2012-06-01 09:06:41.283,2390.0000,322062,80,0.0000,110.0000,95,15,空开,S,2390.0000,0.0000,0.0000,0.0000,0.0000,2391.0000,0.0000,0.0000,0.0000,0.0000,15,0,0,0,0,137,0,0,0,0
zc,WS209,2012-06-01 09:06:41.783,2390.0000,322062,0,0.0000,6.0000,3,3,空换,S,2390.0000,0.0000,0.0000,0.0000,0.0000,2391.0000,0.0000,0.0000,0.0000,0.0000,12,0,0,0,0,137,0,0,0,0
zc,WS209,2012-06-01 09:06:42.547,2390.0000,322062,0,0.0000,0.0000,0,0,空换,S,2390.0000,0.0000,0.0000,0.0000,0.0000,2391.0000,0.0000,0.0000,0.0000,0.0000,29,0,0,0,0,139,0,0,0,0
zc,WS209,2012-06-01 09:06:42.813,2390.0000,322064,2,0.0000,4.0000,3,1,空开,S,2390.0000,0.0000,0.0000,0.0000,0.0000,2391.0000,0.0000,0.0000,0.0000,0.0000,31,0,0,0,0,139,0,0,0,0
zc,WS209,2012-06-01 09:06:43.500,2390.0000,322066,2,0.0000,4.0000,3,1,空开,S,2390.0000,0.0000,0.0000,0.0000,0.0000,2391.0000,0.0000,0.0000,0.0000,0.0000,47,0,0,0,0,140,0,0,0,0
zc,WS209,2012-06-01 09:06:44.047,2391.0000,322066,0,0.0000,6.0000,3,3,多换,B,2390.0000,0.0000,0.0000,0.0000,0.0000,2391.0000,0.0000,0.0000,0.0000,0.0000,46,0,0,0,0,139,0,0,0,0
zc,WS209,2012-06-01 09:06:44.907,2390.0000,322066,0,0.0000,22.0000,11,11,空换,S,2390.0000,0.0000,0.0000,0.0000,0.0000,2391.0000,0.0000,0.0000,0.0000,0.0000,37,0,0,0,0,139,0,0,0,0
zc,WS209,2012-06-01 09:06:45.047,2390.0000,322066,0,0.0000,4.0000,2,2,空换,S,2390.0000,0.0000,0.0000,0.0000,0.0000,2391.0000,0.0000,0.0000,0.0000,0.0000,36,0,0,0,0,139,0,0,0,0
zc,WS209,2012-06-01 09:06:45.860,2390.0000,322034,-32,0.0000,42.0000,5,37,多平,S,2390.0000,0.0000,0.0000,0.0000,0.0000,2391.0000,0.0000,0.0000,0.0000,0.0000,15,0,0,0,0,140,0,0,0,0
zc,WS209,2012-06-01 09:06:47.080,2390.0000,322030,-4,0.0000,8.0000,2,6,多平,S,2390.0000,0.0000,0.0000,0.0000,0.0000,2391.0000,0.0000,0.0000,0.0000,0.0000,11,0,0,0,0,140,0,0,0,0
zc,WS209,2012-06-01 09:06:47.813,2390.0000,322028,-2,0.0000,14.0000,6,8,多平,S,2390.0000,0.0000,0.0000,0.0000,0.0000,2391.0000,0.0000,0.0000,0.0000,0.0000,8,0,0,0,0,140,0,0,0,0
zc,WS209,2012-06-01 09:06:48.033,2390.0000,322026,-2,0.0000,16.0000,7,9,多平,S,2389.0000,0.0000,0.0000,0.0000,0.0000,2390.0000,0.0000,0.0000,0.0000,0.0000,65,0,0,0,0,6,0,0,0,0
zc,WS209,2012-06-01 09:06:48.797,2391.0000,322026,0,0.0000,14.0000,7,7,多换,B,2389.0000,0.0000,0.0000,0.0000,0.0000,2391.0000,0.0000,0.0000,0.0000,0.0000,66,0,0,0,0,139,0,0,0,0
zc,WS209,2012-06-01 09:06:49.360,2391.0000,322026,0,0.0000,10.0000,5,5,多换,B,2389.0000,0.0000,0.0000,0.0000,0.0000,2390.0000,0.0000,0.0000,0.0000,0.0000,66,0,0,0,0,3,0,0,0,0
zc,WS209,2012-06-01 09:06:50.330,2391.0000,322026,0,0.0000,0.0000,0,0,多换,B,2389.0000,0.0000,0.0000,0.0000,0.0000,2390.0000,0.0000,0.0000,0.0000,0.0000,66,0,0,0,0,5,0,0,0,0
zc,WS209,2012-06-01 09:06:51.000,2391.0000,322026,0,0.0000,0.0000,0,0,多换,B,2389.0000,0.0000,0.0000,0.0000,0.0000,2390.0000,0.0000,0.0000,0.0000,0.0000,66,0,0,0,0,6,0,0,0,0
zc,WS209,2012-06-01 09:06:51.580,2390.0000,322028,2,0.0000,4.0000,3,1,空开,S,2389.0000,0.0000,0.0000,0.0000,0.0000,2390.0000,0.0000,0.0000,0.0000,0.0000,73,0,0,0,0,10,0,0,0,0
zc,WS209,2012-06-01 09:06:52.017,2390.0000,322028,0,0.0000,2.0000,1,1,空换,S,2389.0000,0.0000,0.0000,0.0000,0.0000,2390.0000,0.0000,0.0000,0.0000,0.0000,73,0,0,0,0,10,0,0,0,0
zc,WS209,2012-06-01 09:06:52.797,2390.0000,322028,0,0.0000,0.0000,0,0,空换,S,2389.0000,0.0000,0.0000,0.0000,0.0000,2390.0000,0.0000,0.0000,0.0000,0.0000,73,0,0,0,0,15,0,0,0,0
zc,WS209,2012-06-01 09:06:53.330,2390.0000,322028,0,0.0000,4.0000,2,2,空换,S,2389.0000,0.0000,0.0000,0.0000,0.0000,2390.0000,0.0000,0.0000,0.0000,0.0000,73,0,0,0,0,14,0,0,0,0
zc,WS209,2012-06-01 09:06:53.783,2390.0000,322028,0,0.0000,0.0000,0,0,空换,S,2389.0000,0.0000,0.0000,0.0000,0.0000,2390.0000,0.0000,0.0000,0.0000,0.0000,72,0,0,0,0,17,0,0,0,0
zc,WS209,2012-06-01 09:06:54.330,2389.0000,322028,0,0.0000,2.0000,1,1,空换,S,2389.0000,0.0000,0.0000,0.0000,0.0000,2390.0000,0.0000,0.0000,0.0000,0.0000,71,0,0,0,0,17,0,0,0,0
