市场代码,合约代码,时间,最新,持仓,增仓,成交额,成交量,开仓,平仓,成交类型,方向,买一价,买二价,买三价,买四价,买五价,卖一价,卖二价,卖三价,卖四价,卖五价,买一量,买二量,买三量,买四量,买五量,卖一量,卖二量,卖三量,卖四量,卖五量
zc,WS305,2012-06-01 07:56:08.313,0.0000,30442,0,0.0000,0.0000,0,0,空换,S,0.0000,0.0000,0.0000,0.0000,0.0000,0.0000,0.0000,0.0000,0.0000,0.0000,0,0,0,0,0,0,0,0,0,0
zc,WS305,2012-06-01 08:00:08.313,0.0000,30442,0,0.0000,0.0000,0,0,空换,S,0.0000,0.0000,0.0000,0.0000,0.0000,0.0000,0.0000,0.0000,0.0000,0.0000,0,0,0,0,0,0,0,0,0,0
zc,WS305,2012-06-01 08:02:08.313,0.0000,30442,0,0.0000,0.0000,0,0,空换,S,0.0000,0.0000,0.0000,0.0000,0.0000,0.0000,0.0000,0.0000,0.0000,0.0000,0,0,0,0,0,0,0,0,0,0
zc,WS305,2012-06-01 08:08:08.313,0.0000,30442,0,0.0000,0.0000,0,0,空换,S,0.0000,0.0000,0.0000,0.0000,0.0000,0.0000,0.0000,0.0000,0.0000,0.0000,0,0,0,0,0,0,0,0,0,0
zc,WS305,2012-06-01 08:10:08.297,0.0000,30442,0,0.0000,0.0000,0,0,空换,S,0.0000,0.0000,0.0000,0.0000,0.0000,0.0000,0.0000,0.0000,0.0000,0.0000,0,0,0,0,0,0,0,0,0,0
zc,WS305,2012-06-01 08:14:08.297,0.0000,30442,0,0.0000,0.0000,0,0,空换,S,0.0000,0.0000,0.0000,0.0000,0.0000,0.0000,0.0000,0.0000,0.0000,0.0000,0,0,0,0,0,0,0,0,0,0
zc,WS305,2012-06-01 08:20:08.297,0.0000,30442,0,0.0000,0.0000,0,0,空换,S,0.0000,0.0000,0.0000,0.0000,0.0000,0.0000,0.0000,0.0000,0.0000,0.0000,0,0,0,0,0,0,0,0,0,0
zc,WS305,2012-06-01 08:29:08.283,0.0000,30442,0,0.0000,0.0000,0,0,空换,S,0.0000,0.0000,0.0000,0.0000,0.0000,0.0000,0.0000,0.0000,0.0000,0.0000,0,0,0,0,0,0,0,0,0,0
zc,WS305,2012-06-01 08:37:08.283,0.0000,30442,0,0.0000,0.0000,0,0,空换,S,0.0000,0.0000,0.0000,0.0000,0.0000,0.0000,0.0000,0.0000,0.0000,0.0000,0,0,0,0,0,0,0,0,0,0
zc,WS305,2012-06-01 08:42:08.283,0.0000,30442,0,0.0000,0.0000,0,0,空换,S,0.0000,0.0000,0.0000,0.0000,0.0000,0.0000,0.0000,0.0000,0.0000,0.0000,0,0,0,0,0,0,0,0,0,0
zc,WS305,2012-06-01 08:56:05.500,0.0000,30442,0,0.0000,0.0000,0,0,空换,S,0.0000,0.0000,0.0000,0.0000,0.0000,0.0000,0.0000,0.0000,0.0000,0.0000,0,0,0,0,0,0,0,0,0,0
zc,WS305,2012-06-01 08:56:32.487,0.0000,30442,0,0.0000,0.0000,0,0,空换,S,0.0000,0.0000,0.0000,0.0000,0.0000,0.0000,0.0000,0.0000,0.0000,0.0000,0,0,0,0,0,0,0,0,0,0
zc,WS305,2012-06-01 08:56:51.987,0.0000,30442,0,0.0000,0.0000,0,0,空换,S,0.0000,0.0000,0.0000,0.0000,0.0000,0.0000,0.0000,0.0000,0.0000,0.0000,0,0,0,0,0,0,0,0,0,0
zc,WS305,2012-06-01 08:56:55.237,0.0000,30442,0,0.0000,0.0000,0,0,空换,S,0.0000,0.0000,0.0000,0.0000,0.0000,0.0000,0.0000,0.0000,0.0000,0.0000,0,0,0,0,0,0,0,0,0,0
zc,WS305,2012-06-01 09:00:01.470,2533.0000,30448,6,0.0000,8.0000,7,1,多开,B,2530.0000,0.0000,0.0000,0.0000,0.0000,2533.0000,0.0000,0.0000,0.0000,0.0000,4,0,0,0,0,3,0,0,0,0
zc,WS305,2012-06-01 09:00:03.500,2530.0000,30446,-2,0.0000,2.0000,0,2,双平,S,2530.0000,0.0000,0.0000,0.0000,0.0000,2533.0000,0.0000,0.0000,0.0000,0.0000,3,0,0,0,0,5,0,0,0,0
zc,WS305,2012-06-01 09:00:04.220,2530.0000,30446,0,0.0000,0.0000,0,0,空换,S,2530.0000,0.0000,0.0000,0.0000,0.0000,2533.0000,0.0000,0.0000,0.0000,0.0000,3,0,0,0,0,7,0,0,0,0
zc,WS305,2012-06-01 09:00:04.737,2530.0000,30446,0,0.0000,0.0000,0,0,空换,S,2530.0000,0.0000,0.0000,0.0000,0.0000,2533.0000,0.0000,0.0000,0.0000,0.0000,5,0,0,0,0,3,0,0,0,0
zc,WS305,2012-06-01 09:00:05.470,2531.0000,30446,0,0.0000,2.0000,1,1,多换,B,2531.0000,0.0000,0.0000,0.0000,0.0000,2533.0000,0.0000,0.0000,0.0000,0.0000,4,0,0,0,0,3,0,0,0,0
zc,WS305,2012-06-01 09:00:06.690,2531.0000,30446,0,0.0000,0.0000,0,0,多换,B,2532.0000,0.0000,0.0000,0.0000,0.0000,2533.0000,0.0000,0.0000,0.0000,0.0000,4,0,0,0,0,3,0,0,0,0
zc,WS305,2012-06-01 09:00:08.453,2531.0000,30446,0,0.0000,0.0000,0,0,多换,B,2530.0000,0.0000,0.0000,0.0000,0.0000,2533.0000,0.0000,0.0000,0.0000,0.0000,8,0,0,0,0,3,0,0,0,0
zc,WS305,2012-06-01 09:00:10.173,2531.0000,30446,0,0.0000,0.0000,0,0,多换,B,2531.0000,0.0000,0.0000,0.0000,0.0000,2533.0000,0.0000,0.0000,0.0000,0.0000,4,0,0,0,0,3,0,0,0,0
zc,WS305,2012-06-01 09:00:15.143,2531.0000,30446,0,0.0000,0.0000,0,0,多换,B,2532.0000,0.0000,0.0000,0.0000,0.0000,2533.0000,0.0000,0.0000,0.0000,0.0000,4,0,0,0,0,3,0,0,0,0
zc,WS305,2012-06-01 09:00:15.907,2531.0000,30446,0,0.0000,0.0000,0,0,多换,B,2532.0000,0.0000,0.0000,0.0000,0.0000,2533.0000,0.0000,0.0000,0.0000,0.0000,2,0,0,0,0,3,0,0,0,0
zc,WS305,2012-06-01 09:00:16.657,2531.0000,30446,0,0.0000,0.0000,0,0,多换,B,2531.0000,0.0000,0.0000,0.0000,0.0000,2533.0000,0.0000,0.0000,0.0000,0.0000,4,0,0,0,0,3,0,0,0,0
zc,WS305,2012-06-01 09:00:17.173,2533.0000,30446,0,0.0000,2.0000,1,1,多换,B,2531.0000,0.0000,0.0000,0.0000,0.0000,2533.0000,0.0000,0.0000,0.0000,0.0000,4,0,0,0,0,2,0,0,0,0
zc,WS305,2012-06-01 09:00:18.440,2533.0000,30446,0,0.0000,0.0000,0,0,多换,B,2530.0000,0.0000,0.0000,0.0000,0.0000,2533.0000,0.0000,0.0000,0.0000,0.0000,8,0,0,0,0,2,0,0,0,0
zc,WS305,2012-06-01 09:00:19.393,2533.0000,30446,0,0.0000,0.0000,0,0,多换,B,2530.0000,0.0000,0.0000,0.0000,0.0000,2531.0000,0.0000,0.0000,0.0000,0.0000,8,0,0,0,0,1,0,0,0,0
zc,WS305,2012-06-01 09:00:22.190,2531.0000,30448,2,0.0000,2.0000,2,0,双开,S,2531.0000,0.0000,0.0000,0.0000,0.0000,2533.0000,0.0000,0.0000,0.0000,0.0000,3,0,0,0,0,2,0,0,0,0
zc,WS305,2012-06-01 09:00:22.673,2531.0000,30448,0,0.0000,0.0000,0,0,空换,S,2530.0000,0.0000,0.0000,0.0000,0.0000,2533.0000,0.0000,0.0000,0.0000,0.0000,7,0,0,0,0,2,0,0,0,0
zc,WS305,2012-06-01 09:00:23.393,2531.0000,30448,0,0.0000,0.0000,0,0,空换,S,2531.0000,0.0000,0.0000,0.0000,0.0000,2533.0000,0.0000,0.0000,0.0000,0.0000,3,0,0,0,0,2,0,0,0,0
zc,WS305,2012-06-01 09:00:28.173,2533.0000,30452,4,0.0000,4.0000,4,0,双开,B,2531.0000,0.0000,0.0000,0.0000,0.0000,2534.0000,0.0000,0.0000,0.0000,0.0000,1,0,0,0,0,5,0,0,0,0
zc,WS305,2012-06-01 09:00:35.627,2533.0000,30452,0,0.0000,0.0000,0,0,多换,B,2532.0000,0.0000,0.0000,0.0000,0.0000,2534.0000,0.0000,0.0000,0.0000,0.0000,1,0,0,0,0,5,0,0,0,0
zc,WS305,2012-06-01 09:00:37.393,2533.0000,30452,0,0.0000,0.0000,0,0,多换,B,2532.0000,0.0000,0.0000,0.0000,0.0000,2533.0000,0.0000,0.0000,0.0000,0.0000,1,0,0,0,0,1,0,0,0,0
zc,WS305,2012-06-01 09:00:38.610,2533.0000,30454,2,0.0000,2.0000,2,0,双开,B,2532.0000,0.0000,0.0000,0.0000,0.0000,2534.0000,0.0000,0.0000,0.0000,0.0000,5,0,0,0,0,5,0,0,0,0
zc,WS305,2012-06-01 09:00:44.097,2533.0000,30454,0,0.0000,0.0000,0,0,多换,B,2533.0000,0.0000,0.0000,0.0000,0.0000,2534.0000,0.0000,0.0000,0.0000,0.0000,4,0,0,0,0,5,0,0,0,0
zc,WS305,2012-06-01 09:00:44.627,2533.0000,30454,0,0.0000,0.0000,0,0,多换,B,2533.0000,0.0000,0.0000,0.0000,0.0000,2534.0000,0.0000,0.0000,0.0000,0.0000,5,0,0,0,0,5,0,0,0,0
zc,WS305,2012-06-01 09:00:45.627,2534.0000,30456,2,0.0000,2.0000,2,0,双开,B,2533.0000,0.0000,0.0000,0.0000,0.0000,2534.0000,0.0000,0.0000,0.0000,0.0000,4,0,0,0,0,4,0,0,0,0
zc,WS305,2012-06-01 09:00:46.377,2534.0000,30460,4,0.0000,4.0000,4,0,双开,B,2533.0000,0.0000,0.0000,0.0000,0.0000,2534.0000,0.0000,0.0000,0.0000,0.0000,2,0,0,0,0,2,0,0,0,0
zc,WS305,2012-06-01 09:00:46.847,2534.0000,30464,4,0.0000,4.0000,4,0,双开,B,2533.0000,0.0000,0.0000,0.0000,0.0000,2535.0000,0.0000,0.0000,0.0000,0.0000,1,0,0,0,0,6,0,0,0,0
zc,WS305,2012-06-01 09:00:48.297,2534.0000,30464,0,0.0000,0.0000,0,0,多换,B,2534.0000,0.0000,0.0000,0.0000,0.0000,2535.0000,0.0000,0.0000,0.0000,0.0000,1,0,0,0,0,6,0,0,0,0
zc,WS305,2012-06-01 09:00:51.847,2535.0000,30466,2,0.0000,2.0000,2,0,双开,B,2534.0000,0.0000,0.0000,0.0000,0.0000,2535.0000,0.0000,0.0000,0.0000,0.0000,31,0,0,0,0,5,0,0,0,0
zc,WS305,2012-06-01 09:00:52.360,2535.0000,30466,0,0.0000,0.0000,0,0,多换,B,2534.0000,0.0000,0.0000,0.0000,0.0000,2535.0000,0.0000,0.0000,0.0000,0.0000,33,0,0,0,0,5,0,0,0,0
zc,WS305,2012-06-01 09:00:53.047,2535.0000,30468,2,0.0000,2.0000,2,0,双开,B,2534.0000,0.0000,0.0000,0.0000,0.0000,2535.0000,0.0000,0.0000,0.0000,0.0000,33,0,0,0,0,4,0,0,0,0
zc,WS305,2012-06-01 09:00:53.610,2535.0000,30476,8,0.0000,8.0000,8,0,双开,B,2534.0000,0.0000,0.0000,0.0000,0.0000,2536.0000,0.0000,0.0000,0.0000,0.0000,40,0,0,0,0,2,0,0,0,0
zc,WS305,2012-06-01 09:00:54.080,2535.0000,30476,0,0.0000,0.0000,0,0,多换,B,2534.0000,0.0000,0.0000,0.0000,0.0000,2536.0000,0.0000,0.0000,0.0000,0.0000,41,0,0,0,0,2,0,0,0,0
zc,WS305,2012-06-01 09:00:54.830,2535.0000,30476,0,0.0000,0.0000,0,0,多换,B,2534.0000,0.0000,0.0000,0.0000,0.0000,2536.0000,0.0000,0.0000,0.0000,0.0000,40,0,0,0,0,2,0,0,0,0
zc,WS305,2012-06-01 09:00:55.377,2535.0000,30476,0,0.0000,0.0000,0,0,多换,B,2534.0000,0.0000,0.0000,0.0000,0.0000,2536.0000,0.0000,0.0000,0.0000,0.0000,45,0,0,0,0,2,0,0,0,0
zc,WS305,2012-06-01 09:00:56.157,2535.0000,30476,0,0.0000,0.0000,0,0,多换,B,2535.0000,0.0000,0.0000,0.0000,0.0000,2536.0000,0.0000,0.0000,0.0000,0.0000,1,0,0,0,0,2,0,0,0,0
zc,WS305,2012-06-01 09:00:56.643,2535.0000,30476,0,0.0000,0.0000,0,0,多换,B,2534.0000,0.0000,0.0000,0.0000,0.0000,2536.0000,0.0000,0.0000,0.0000,0.0000,45,0,0,0,0,2,0,0,0,0
zc,WS305,2012-06-01 09:00:57.377,2536.0000,30474,-2,0.0000,2.0000,0,2,双平,B,2534.0000,0.0000,0.0000,0.0000,0.0000,2536.0000,0.0000,0.0000,0.0000,0.0000,45,0,0,0,0,1,0,0,0,0
zc,WS305,2012-06-01 09:00:59.813,2536.0000,30474,0,0.0000,0.0000,0,0,多换,B,2534.0000,0.0000,0.0000,0.0000,0.0000,2536.0000,0.0000,0.0000,0.0000,0.0000,43,0,0,0,0,1,0,0,0,0
zc,WS305,2012-06-01 09:01:00.360,2536.0000,30474,0,0.0000,0.0000,0,0,多换,B,2534.0000,0.0000,0.0000,0.0000,0.0000,2536.0000,0.0000,0.0000,0.0000,0.0000,44,0,0,0,0,1,0,0,0,0
zc,WS305,2012-06-01 09:01:02.330,2536.0000,30474,0,0.0000,0.0000,0,0,多换,B,2535.0000,0.0000,0.0000,0.0000,0.0000,2536.0000,0.0000,0.0000,0.0000,0.0000,1,0,0,0,0,1,0,0,0,0
zc,WS305,2012-06-01 09:01:04.097,2536.0000,30474,0,0.0000,0.0000,0,0,多换,B,2535.0000,0.0000,0.0000,0.0000,0.0000,2536.0000,0.0000,0.0000,0.0000,0.0000,46,0,0,0,0,1,0,0,0,0
zc,WS305,2012-06-01 09:01:04.893,2535.0000,30476,2,0.0000,2.0000,2,0,双开,S,2535.0000,0.0000,0.0000,0.0000,0.0000,2536.0000,0.0000,0.0000,0.0000,0.0000,45,0,0,0,0,1,0,0,0,0
zc,WS305,2012-06-01 09:01:08.610,2536.0000,30476,0,0.0000,2.0000,1,1,多换,B,2535.0000,0.0000,0.0000,0.0000,0.0000,2537.0000,0.0000,0.0000,0.0000,0.0000,45,0,0,0,0,5,0,0,0,0
zc,WS305,2012-06-01 09:01:10.377,2536.0000,30476,0,0.0000,0.0000,0,0,多换,B,2536.0000,0.0000,0.0000,0.0000,0.0000,2537.0000,0.0000,0.0000,0.0000,0.0000,1,0,0,0,0,5,0,0,0,0
zc,WS305,2012-06-01 09:01:13.847,2536.0000,30476,0,0.0000,0.0000,0,0,多换,B,2536.0000,0.0000,0.0000,0.0000,0.0000,2537.0000,0.0000,0.0000,0.0000,0.0000,45,0,0,0,0,5,0,0,0,0
zc,WS305,2012-06-01 09:01:14.393,2536.0000,30476,0,0.0000,0.0000,0,0,多换,B,2536.0000,0.0000,0.0000,0.0000,0.0000,2537.0000,0.0000,0.0000,0.0000,0.0000,1,0,0,0,0,5,0,0,0,0
zc,WS305,2012-06-01 09:01:15.127,2536.0000,30476,0,0.0000,0.0000,0,0,多换,B,2536.0000,0.0000,0.0000,0.0000,0.0000,2537.0000,0.0000,0.0000,0.0000,0.0000,3,0,0,0,0,5,0,0,0,0
zc,WS305,2012-06-01 09:01:15.847,2536.0000,30476,0,0.0000,0.0000,0,0,多换,B,2536.0000,0.0000,0.0000,0.0000,0.0000,2537.0000,0.0000,0.0000,0.0000,0.0000,4,0,0,0,0,5,0,0,0,0
zc,WS305,2012-06-01 09:01:16.360,2536.0000,30476,0,0.0000,0.0000,0,0,多换,B,2536.0000,0.0000,0.0000,0.0000,0.0000,2537.0000,0.0000,0.0000,0.0000,0.0000,17,0,0,0,0,5,0,0,0,0
zc,WS305,2012-06-01 09:01:17.127,2536.0000,30476,0,0.0000,0.0000,0,0,多换,B,2536.0000,0.0000,0.0000,0.0000,0.0000,2537.0000,0.0000,0.0000,0.0000,0.0000,16,0,0,0,0,5,0,0,0,0
zc,WS305,2012-06-01 09:01:17.347,2536.0000,30476,0,0.0000,0.0000,0,0,多换,B,2536.0000,0.0000,0.0000,0.0000,0.0000,2537.0000,0.0000,0.0000,0.0000,0.0000,30,0,0,0,0,5,0,0,0,0
zc,WS305,2012-06-01 09:01:18.110,2536.0000,30476,0,0.0000,0.0000,0,0,多换,B,2536.0000,0.0000,0.0000,0.0000,0.0000,2537.0000,0.0000,0.0000,0.0000,0.0000,21,0,0,0,0,5,0,0,0,0
zc,WS305,2012-06-01 09:01:18.610,2536.0000,30476,0,0.0000,0.0000,0,0,多换,B,2536.0000,0.0000,0.0000,0.0000,0.0000,2537.0000,0.0000,0.0000,0.0000,0.0000,33,0,0,0,0,5,0,0,0,0
zc,WS305,2012-06-01 09:01:19.393,2536.0000,30476,0,0.0000,0.0000,0,0,多换,B,2536.0000,0.0000,0.0000,0.0000,0.0000,2537.0000,0.0000,0.0000,0.0000,0.0000,45,0,0,0,0,5,0,0,0,0
zc,WS305,2012-06-01 09:01:23.907,2537.0000,30486,10,0.0000,10.0000,10,0,双开,B,2536.0000,0.0000,0.0000,0.0000,0.0000,2538.0000,0.0000,0.0000,0.0000,0.0000,40,0,0,0,0,11,0,0,0,0
zc,WS305,2012-06-01 09:01:28.453,2537.0000,30486,0,0.0000,0.0000,0,0,多换,B,2536.0000,0.0000,0.0000,0.0000,0.0000,2538.0000,0.0000,0.0000,0.0000,0.0000,38,0,0,0,0,11,0,0,0,0
zc,WS305,2012-06-01 09:01:28.847,2537.0000,30486,0,0.0000,0.0000,0,0,多换,B,2536.0000,0.0000,0.0000,0.0000,0.0000,2538.0000,0.0000,0.0000,0.0000,0.0000,2,0,0,0,0,16,0,0,0,0
zc,WS305,2012-06-01 09:01:30.080,2537.0000,30486,0,0.0000,0.0000,0,0,多换,B,2536.0000,0.0000,0.0000,0.0000,0.0000,2538.0000,0.0000,0.0000,0.0000,0.0000,2,0,0,0,0,11,0,0,0,0
zc,WS305,2012-06-01 09:01:30.580,2537.0000,30484,-2,0.0000,2.0000,0,2,双平,B,2536.0000,0.0000,0.0000,0.0000,0.0000,2537.0000,0.0000,0.0000,0.0000,0.0000,1,0,0,0,0,1,0,0,0,0
zc,WS305,2012-06-01 09:01:31.063,2537.0000,30484,0,0.0000,4.0000,2,2,多换,B,2536.0000,0.0000,0.0000,0.0000,0.0000,2537.0000,0.0000,0.0000,0.0000,0.0000,1,0,0,0,0,4,0,0,0,0
zc,WS305,2012-06-01 09:01:39.313,2537.0000,30484,0,0.0000,0.0000,0,0,多换,B,2536.0000,0.0000,0.0000,0.0000,0.0000,2537.0000,0.0000,0.0000,0.0000,0.0000,1,0,0,0,0,5,0,0,0,0
zc,WS305,2012-06-01 09:01:40.047,2537.0000,30484,0,0.0000,0.0000,0,0,多换,B,2536.0000,0.0000,0.0000,0.0000,0.0000,2537.0000,0.0000,0.0000,0.0000,0.0000,1,0,0,0,0,1,0,0,0,0
zc,WS305,2012-06-01 09:01:41.797,2537.0000,30484,0,0.0000,0.0000,0,0,多换,B,2535.0000,0.0000,0.0000,0.0000,0.0000,2537.0000,0.0000,0.0000,0.0000,0.0000,28,0,0,0,0,1,0,0,0,0
zc,WS305,2012-06-01 09:01:43.627,2537.0000,30484,0,0.0000,0.0000,0,0,多换,B,2535.0000,0.0000,0.0000,0.0000,0.0000,2537.0000,0.0000,0.0000,0.0000,0.0000,26,0,0,0,0,1,0,0,0,0
zc,WS305,2012-06-01 09:01:45.563,2537.0000,30484,0,0.0000,0.0000,0,0,多换,B,2535.0000,0.0000,0.0000,0.0000,0.0000,2537.0000,0.0000,0.0000,0.0000,0.0000,28,0,0,0,0,1,0,0,0,0
zc,WS305,2012-06-01 09:01:46.877,2537.0000,30484,0,0.0000,0.0000,0,0,多换,B,2535.0000,0.0000,0.0000,0.0000,0.0000,2537.0000,0.0000,0.0000,0.0000,0.0000,11,0,0,0,0,1,0,0,0,0
zc,WS305,2012-06-01 09:01:47.877,2537.0000,30484,0,0.0000,0.0000,0,0,多换,B,2535.0000,0.0000,0.0000,0.0000,0.0000,2537.0000,0.0000,0.0000,0.0000,0.0000,10,0,0,0,0,1,0,0,0,0
zc,WS305,2012-06-01 09:01:48.657,2537.0000,30484,0,0.0000,0.0000,0,0,多换,B,2535.0000,0.0000,0.0000,0.0000,0.0000,2537.0000,0.0000,0.0000,0.0000,0.0000,3,0,0,0,0,1,0,0,0,0
zc,WS305,2012-06-01 09:01:48.860,2537.0000,30484,0,0.0000,0.0000,0,0,多换,B,2534.0000,0.0000,0.0000,0.0000,0.0000,2537.0000,0.0000,0.0000,0.0000,0.0000,39,0,0,0,0,2,0,0,0,0
zc,WS305,2012-06-01 09:01:49.610,2537.0000,30484,0,0.0000,0.0000,0,0,多换,B,2534.0000,0.0000,0.0000,0.0000,0.0000,2537.0000,0.0000,0.0000,0.0000,0.0000,39,0,0,0,0,3,0,0,0,0
zc,WS305,2012-06-01 09:01:50.610,2537.0000,30484,0,0.0000,0.0000,0,0,多换,B,2534.0000,0.0000,0.0000,0.0000,0.0000,2537.0000,0.0000,0.0000,0.0000,0.0000,39,0,0,0,0,5,0,0,0,0
zc,WS305,2012-06-01 09:01:51.360,2537.0000,30484,0,0.0000,0.0000,0,0,多换,B,2534.0000,0.0000,0.0000,0.0000,0.0000,2537.0000,0.0000,0.0000,0.0000,0.0000,39,0,0,0,0,3,0,0,0,0
zc,WS305,2012-06-01 09:01:51.813,2537.0000,30484,0,0.0000,0.0000,0,0,多换,B,2534.0000,0.0000,0.0000,0.0000,0.0000,2537.0000,0.0000,0.0000,0.0000,0.0000,39,0,0,0,0,2,0,0,0,0
zc,WS305,2012-06-01 09:01:52.643,2537.0000,30484,0,0.0000,0.0000,0,0,多换,B,2534.0000,0.0000,0.0000,0.0000,0.0000,2537.0000,0.0000,0.0000,0.0000,0.0000,39,0,0,0,0,1,0,0,0,0
zc,WS305,2012-06-01 09:01:52.907,2537.0000,30484,0,0.0000,0.0000,0,0,多换,B,2535.0000,0.0000,0.0000,0.0000,0.0000,2537.0000,0.0000,0.0000,0.0000,0.0000,4,0,0,0,0,1,0,0,0,0
zc,WS305,2012-06-01 09:01:54.080,2537.0000,30484,0,0.0000,0.0000,0,0,多换,B,2535.0000,0.0000,0.0000,0.0000,0.0000,2537.0000,0.0000,0.0000,0.0000,0.0000,5,0,0,0,0,1,0,0,0,0
zc,WS305,2012-06-01 09:01:54.860,2537.0000,30484,0,0.0000,0.0000,0,0,多换,B,2535.0000,0.0000,0.0000,0.0000,0.0000,2537.0000,0.0000,0.0000,0.0000,0.0000,5,0,0,0,0,4,0,0,0,0
zc,WS305,2012-06-01 09:01:56.580,2537.0000,30484,0,0.0000,0.0000,0,0,多换,B,2535.0000,0.0000,0.0000,0.0000,0.0000,2537.0000,0.0000,0.0000,0.0000,0.0000,17,0,0,0,0,4,0,0,0,0
zc,WS305,2012-06-01 09:01:57.080,2537.0000,30484,0,0.0000,0.0000,0,0,多换,B,2535.0000,0.0000,0.0000,0.0000,0.0000,2537.0000,0.0000,0.0000,0.0000,0.0000,10,0,0,0,0,4,0,0,0,0
zc,WS305,2012-06-01 09:01:58.847,2537.0000,30484,0,0.0000,0.0000,0,0,多换,B,2534.0000,0.0000,0.0000,0.0000,0.0000,2537.0000,0.0000,0.0000,0.0000,0.0000,39,0,0,0,0,4,0,0,0,0
zc,WS305,2012-06-01 09:02:00.033,2537.0000,30484,0,0.0000,0.0000,0,0,多换,B,2535.0000,0.0000,0.0000,0.0000,0.0000,2537.0000,0.0000,0.0000,0.0000,0.0000,1,0,0,0,0,4,0,0,0,0
zc,WS305,2012-06-01 09:02:01.080,2537.0000,30484,0,0.0000,0.0000,0,0,多换,B,2534.0000,0.0000,0.0000,0.0000,0.0000,2537.0000,0.0000,0.0000,0.0000,0.0000,39,0,0,0,0,4,0,0,0,0
zc,WS305,2012-06-01 09:02:01.877,2537.0000,30484,0,0.0000,0.0000,0,0,多换,B,2534.0000,0.0000,0.0000,0.0000,0.0000,2537.0000,0.0000,0.0000,0.0000,0.0000,39,0,0,0,0,5,0,0,0,0
zc,WS305,2012-06-01 09:02:02.347,2537.0000,30484,0,0.0000,0.0000,0,0,多换,B,2534.0000,0.0000,0.0000,0.0000,0.0000,2537.0000,0.0000,0.0000,0.0000,0.0000,39,0,0,0,0,6,0,0,0,0
zc,WS305,2012-06-01 09:02:03.907,2537.0000,30484,0,0.0000,0.0000,0,0,多换,B,2535.0000,0.0000,0.0000,0.0000,0.0000,2537.0000,0.0000,0.0000,0.0000,0.0000,1,0,0,0,0,4,0,0,0,0
zc,WS305,2012-06-01 09:02:04.347,2537.0000,30484,0,0.0000,0.0000,0,0,多换,B,2534.0000,0.0000,0.0000,0.0000,0.0000,2537.0000,0.0000,0.0000,0.0000,0.0000,39,0,0,0,0,5,0,0,0,0
zc,WS305,2012-06-01 09:02:05.110,2537.0000,30484,0,0.0000,0.0000,0,0,多换,B,2534.0000,0.0000,0.0000,0.0000,0.0000,2535.0000,0.0000,0.0000,0.0000,0.0000,39,0,0,0,0,3,0,0,0,0
zc,WS305,2012-06-01 09:02:05.563,2535.0000,30484,0,0.0000,2.0000,1,1,空换,S,2534.0000,0.0000,0.0000,0.0000,0.0000,2535.0000,0.0000,0.0000,0.0000,0.0000,38,0,0,0,0,2,0,0,0,0
zc,WS305,2012-06-01 09:02:07.297,2535.0000,30484,0,0.0000,4.0000,2,2,空换,S,2534.0000,0.0000,0.0000,0.0000,0.0000,2537.0000,0.0000,0.0000,0.0000,0.0000,36,0,0,0,0,5,0,0,0,0
zc,WS305,2012-06-01 09:02:08.423,2535.0000,30484,0,0.0000,0.0000,0,0,空换,S,2535.0000,0.0000,0.0000,0.0000,0.0000,2537.0000,0.0000,0.0000,0.0000,0.0000,38,0,0,0,0,4,0,0,0,0
zc,WS305,2012-06-01 09:02:09.533,2535.0000,30484,0,0.0000,0.0000,0,0,空换,S,2535.0000,0.0000,0.0000,0.0000,0.0000,2537.0000,0.0000,0.0000,0.0000,0.0000,37,0,0,0,0,4,0,0,0,0
zc,WS305,2012-06-01 09:02:10.797,2535.0000,30484,0,0.0000,0.0000,0,0,空换,S,2535.0000,0.0000,0.0000,0.0000,0.0000,2537.0000,0.0000,0.0000,0.0000,0.0000,36,0,0,0,0,4,0,0,0,0
zc,WS305,2012-06-01 09:02:11.347,2535.0000,30484,0,0.0000,0.0000,0,0,空换,S,2535.0000,0.0000,0.0000,0.0000,0.0000,2537.0000,0.0000,0.0000,0.0000,0.0000,34,0,0,0,0,4,0,0,0,0
zc,WS305,2012-06-01 09:02:12.110,2535.0000,30484,0,0.0000,0.0000,0,0,空换,S,2535.0000,0.0000,0.0000,0.0000,0.0000,2537.0000,0.0000,0.0000,0.0000,0.0000,32,0,0,0,0,4,0,0,0,0
zc,WS305,2012-06-01 09:02:12.547,2535.0000,30484,0,0.0000,0.0000,0,0,空换,S,2535.0000,0.0000,0.0000,0.0000,0.0000,2537.0000,0.0000,0.0000,0.0000,0.0000,21,0,0,0,0,4,0,0,0,0
zc,WS305,2012-06-01 09:02:13.063,2535.0000,30484,0,0.0000,0.0000,0,0,空换,S,2535.0000,0.0000,0.0000,0.0000,0.0000,2537.0000,0.0000,0.0000,0.0000,0.0000,23,0,0,0,0,4,0,0,0,0
zc,WS305,2012-06-01 09:02:14.347,2535.0000,30484,0,0.0000,0.0000,0,0,空换,S,2535.0000,0.0000,0.0000,0.0000,0.0000,2537.0000,0.0000,0.0000,0.0000,0.0000,2,0,0,0,0,8,0,0,0,0
zc,WS305,2012-06-01 09:02:14.830,2535.0000,30484,0,0.0000,0.0000,0,0,空换,S,2535.0000,0.0000,0.0000,0.0000,0.0000,2537.0000,0.0000,0.0000,0.0000,0.0000,20,0,0,0,0,4,0,0,0,0
zc,WS305,2012-06-01 09:02:15.297,2535.0000,30484,0,0.0000,0.0000,0,0,空换,S,2535.0000,0.0000,0.0000,0.0000,0.0000,2537.0000,0.0000,0.0000,0.0000,0.0000,19,0,0,0,0,4,0,0,0,0
zc,WS305,2012-06-01 09:02:16.110,2535.0000,30484,0,0.0000,0.0000,0,0,空换,S,2535.0000,0.0000,0.0000,0.0000,0.0000,2537.0000,0.0000,0.0000,0.0000,0.0000,18,0,0,0,0,4,0,0,0,0
zc,WS305,2012-06-01 09:02:16.563,2535.0000,30484,0,0.0000,0.0000,0,0,空换,S,2535.0000,0.0000,0.0000,0.0000,0.0000,2537.0000,0.0000,0.0000,0.0000,0.0000,8,0,0,0,0,4,0,0,0,0
zc,WS305,2012-06-01 09:02:17.080,2535.0000,30484,0,0.0000,0.0000,0,0,空换,S,2535.0000,0.0000,0.0000,0.0000,0.0000,2537.0000,0.0000,0.0000,0.0000,0.0000,2,0,0,0,0,8,0,0,0,0
zc,WS305,2012-06-01 09:02:22.157,2535.0000,30484,0,0.0000,0.0000,0,0,空换,S,2536.0000,0.0000,0.0000,0.0000,0.0000,2537.0000,0.0000,0.0000,0.0000,0.0000,1,0,0,0,0,8,0,0,0,0
zc,WS305,2012-06-01 09:02:28.347,2535.0000,30484,0,0.0000,0.0000,0,0,空换,S,2536.0000,0.0000,0.0000,0.0000,0.0000,2537.0000,0.0000,0.0000,0.0000,0.0000,1,0,0,0,0,4,0,0,0,0
zc,WS305,2012-06-01 09:02:30.547,2535.0000,30484,0,0.0000,0.0000,0,0,空换,S,2536.0000,0.0000,0.0000,0.0000,0.0000,2537.0000,0.0000,0.0000,0.0000,0.0000,1,0,0,0,0,8,0,0,0,0
zc,WS305,2012-06-01 09:02:45.580,2536.0000,30484,0,0.0000,2.0000,1,1,多换,B,2535.0000,0.0000,0.0000,0.0000,0.0000,2537.0000,0.0000,0.0000,0.0000,0.0000,2,0,0,0,0,8,0,0,0,0
zc,WS305,2012-06-01 09:02:53.157,2536.0000,30484,0,0.0000,0.0000,0,0,多换,B,2535.0000,0.0000,0.0000,0.0000,0.0000,2537.0000,0.0000,0.0000,0.0000,0.0000,30,0,0,0,0,4,0,0,0,0
zc,WS305,2012-06-01 09:02:53.797,2536.0000,30484,0,0.0000,0.0000,0,0,多换,B,2535.0000,0.0000,0.0000,0.0000,0.0000,2537.0000,0.0000,0.0000,0.0000,0.0000,2,0,0,0,0,8,0,0,0,0
zc,WS305,2012-06-01 09:02:54.313,2536.0000,30484,0,0.0000,0.0000,0,0,多换,B,2535.0000,0.0000,0.0000,0.0000,0.0000,2537.0000,0.0000,0.0000,0.0000,0.0000,2,0,0,0,0,9,0,0,0,0
zc,WS305,2012-06-01 09:02:55.783,2536.0000,30484,0,0.0000,0.0000,0,0,多换,B,2535.0000,0.0000,0.0000,0.0000,0.0000,2536.0000,0.0000,0.0000,0.0000,0.0000,2,0,0,0,0,4,0,0,0,0
zc,WS305,2012-06-01 09:02:56.533,2536.0000,30484,0,0.0000,0.0000,0,0,多换,B,2535.0000,0.0000,0.0000,0.0000,0.0000,2537.0000,0.0000,0.0000,0.0000,0.0000,2,0,0,0,0,9,0,0,0,0
zc,WS305,2012-06-01 09:02:57.813,2536.0000,30484,0,0.0000,0.0000,0,0,多换,B,2535.0000,0.0000,0.0000,0.0000,0.0000,2536.0000,0.0000,0.0000,0.0000,0.0000,2,0,0,0,0,1,0,0,0,0
zc,WS305,2012-06-01 09:02:58.110,2536.0000,30484,0,0.0000,0.0000,0,0,多换,B,2535.0000,0.0000,0.0000,0.0000,0.0000,2536.0000,0.0000,0.0000,0.0000,0.0000,2,0,0,0,0,5,0,0,0,0
zc,WS305,2012-06-01 09:03:01.097,2536.0000,30484,0,0.0000,0.0000,0,0,多换,B,2535.0000,0.0000,0.0000,0.0000,0.0000,2536.0000,0.0000,0.0000,0.0000,0.0000,2,0,0,0,0,4,0,0,0,0
zc,WS305,2012-06-01 09:03:02.063,2536.0000,30484,0,0.0000,0.0000,0,0,多换,B,2535.0000,0.0000,0.0000,0.0000,0.0000,2536.0000,0.0000,0.0000,0.0000,0.0000,2,0,0,0,0,5,0,0,0,0
zc,WS305,2012-06-01 09:03:03.313,2536.0000,30484,0,0.0000,0.0000,0,0,多换,B,2535.0000,0.0000,0.0000,0.0000,0.0000,2536.0000,0.0000,0.0000,0.0000,0.0000,2,0,0,0,0,3,0,0,0,0
zc,WS305,2012-06-01 09:03:04.047,2536.0000,30484,0,0.0000,0.0000,0,0,多换,B,2535.0000,0.0000,0.0000,0.0000,0.0000,2536.0000,0.0000,0.0000,0.0000,0.0000,2,0,0,0,0,2,0,0,0,0
zc,WS305,2012-06-01 09:03:04.580,2536.0000,30484,0,0.0000,0.0000,0,0,多换,B,2535.0000,0.0000,0.0000,0.0000,0.0000,2536.0000,0.0000,0.0000,0.0000,0.0000,2,0,0,0,0,5,0,0,0,0
zc,WS305,2012-06-01 09:03:12.830,2535.0000,30484,0,0.0000,4.0000,2,2,空换,S,2533.0000,0.0000,0.0000,0.0000,0.0000,2535.0000,0.0000,0.0000,0.0000,0.0000,1,0,0,0,0,2,0,0,0,0
zc,WS305,2012-06-01 09:03:19.127,2535.0000,30484,0,0.0000,0.0000,0,0,空换,S,2533.0000,0.0000,0.0000,0.0000,0.0000,2535.0000,0.0000,0.0000,0.0000,0.0000,1,0,0,0,0,3,0,0,0,0
zc,WS305,2012-06-01 09:03:26.797,2533.0000,30482,-2,0.0000,2.0000,0,2,双平,S,2532.0000,0.0000,0.0000,0.0000,0.0000,2535.0000,0.0000,0.0000,0.0000,0.0000,37,0,0,0,0,3,0,0,0,0
zc,WS305,2012-06-01 09:03:30.673,2533.0000,30482,0,0.0000,0.0000,0,0,空换,S,2532.0000,0.0000,0.0000,0.0000,0.0000,2534.0000,0.0000,0.0000,0.0000,0.0000,1,0,0,0,0,2,0,0,0,0
zc,WS305,2012-06-01 09:03:36.360,2533.0000,30482,0,0.0000,0.0000,0,0,空换,S,2532.0000,0.0000,0.0000,0.0000,0.0000,2533.0000,0.0000,0.0000,0.0000,0.0000,1,0,0,0,0,2,0,0,0,0
zc,WS305,2012-06-01 09:03:37.080,2533.0000,30482,0,0.0000,0.0000,0,0,空换,S,2532.0000,0.0000,0.0000,0.0000,0.0000,2533.0000,0.0000,0.0000,0.0000,0.0000,1,0,0,0,0,32,0,0,0,0
zc,WS305,2012-06-01 09:03:37.580,2533.0000,30482,0,0.0000,0.0000,0,0,空换,S,2532.0000,0.0000,0.0000,0.0000,0.0000,2533.0000,0.0000,0.0000,0.0000,0.0000,1,0,0,0,0,30,0,0,0,0
zc,WS305,2012-06-01 09:03:38.063,2533.0000,30482,0,0.0000,0.0000,0,0,空换,S,2532.0000,0.0000,0.0000,0.0000,0.0000,2533.0000,0.0000,0.0000,0.0000,0.0000,1,0,0,0,0,35,0,0,0,0
zc,WS305,2012-06-01 09:03:39.377,2533.0000,30484,2,0.0000,2.0000,2,0,双开,S,2532.0000,0.0000,0.0000,0.0000,0.0000,2533.0000,0.0000,0.0000,0.0000,0.0000,1,0,0,0,0,34,0,0,0,0
zc,WS305,2012-06-01 09:03:40.580,2532.0000,30484,0,0.0000,2.0000,1,1,空换,S,2531.0000,0.0000,0.0000,0.0000,0.0000,2532.0000,0.0000,0.0000,0.0000,0.0000,38,0,0,0,0,4,0,0,0,0
zc,WS305,2012-06-01 09:03:41.047,2532.0000,30484,0,0.0000,0.0000,0,0,空换,S,2531.0000,0.0000,0.0000,0.0000,0.0000,2532.0000,0.0000,0.0000,0.0000,0.0000,36,0,0,0,0,4,0,0,0,0
zc,WS305,2012-06-01 09:03:41.563,2532.0000,30492,8,0.0000,8.0000,8,0,双开,S,2532.0000,0.0000,0.0000,0.0000,0.0000,2533.0000,0.0000,0.0000,0.0000,0.0000,32,0,0,0,0,34,0,0,0,0
zc,WS305,2012-06-01 09:03:42.877,2532.0000,30492,0,0.0000,0.0000,0,0,空换,S,2532.0000,0.0000,0.0000,0.0000,0.0000,2533.0000,0.0000,0.0000,0.0000,0.0000,33,0,0,0,0,34,0,0,0,0
zc,WS305,2012-06-01 09:03:50.893,2533.0000,30560,68,0.0000,68.0000,68,0,双开,B,2532.0000,0.0000,0.0000,0.0000,0.0000,2535.0000,0.0000,0.0000,0.0000,0.0000,6,0,0,0,0,1,0,0,0,0
zc,WS305,2012-06-01 09:03:52.627,2533.0000,30560,0,0.0000,0.0000,0,0,多换,B,2532.0000,0.0000,0.0000,0.0000,0.0000,2535.0000,0.0000,0.0000,0.0000,0.0000,6,0,0,0,0,2,0,0,0,0
zc,WS305,2012-06-01 09:03:54.813,2533.0000,30560,0,0.0000,0.0000,0,0,多换,B,2532.0000,0.0000,0.0000,0.0000,0.0000,2535.0000,0.0000,0.0000,0.0000,0.0000,7,0,0,0,0,2,0,0,0,0
zc,WS305,2012-06-01 09:03:56.047,2533.0000,30560,0,0.0000,0.0000,0,0,多换,B,2532.0000,0.0000,0.0000,0.0000,0.0000,2535.0000,0.0000,0.0000,0.0000,0.0000,7,0,0,0,0,3,0,0,0,0
zc,WS305,2012-06-01 09:04:09.347,2533.0000,30560,0,0.0000,0.0000,0,0,多换,B,2532.0000,0.0000,0.0000,0.0000,0.0000,2535.0000,0.0000,0.0000,0.0000,0.0000,7,0,0,0,0,33,0,0,0,0
zc,WS305,2012-06-01 09:04:11.063,2533.0000,30560,0,0.0000,0.0000,0,0,多换,B,2533.0000,0.0000,0.0000,0.0000,0.0000,2535.0000,0.0000,0.0000,0.0000,0.0000,5,0,0,0,0,31,0,0,0,0
zc,WS305,2012-06-01 09:04:17.330,2533.0000,30560,0,0.0000,0.0000,0,0,多换,B,2533.0000,0.0000,0.0000,0.0000,0.0000,2535.0000,0.0000,0.0000,0.0000,0.0000,5,0,0,0,0,32,0,0,0,0
zc,WS305,2012-06-01 09:04:29.047,2533.0000,30560,0,0.0000,0.0000,0,0,多换,B,2533.0000,0.0000,0.0000,0.0000,0.0000,2535.0000,0.0000,0.0000,0.0000,0.0000,5,0,0,0,0,31,0,0,0,0
zc,WS305,2012-06-01 09:04:32.580,2533.0000,30560,0,0.0000,0.0000,0,0,多换,B,2534.0000,0.0000,0.0000,0.0000,0.0000,2535.0000,0.0000,0.0000,0.0000,0.0000,5,0,0,0,0,31,0,0,0,0
zc,WS305,2012-06-01 09:04:33.797,2533.0000,30560,0,0.0000,0.0000,0,0,多换,B,2534.0000,0.0000,0.0000,0.0000,0.0000,2535.0000,0.0000,0.0000,0.0000,0.0000,4,0,0,0,0,31,0,0,0,0
zc,WS305,2012-06-01 09:04:34.360,2533.0000,30560,0,0.0000,0.0000,0,0,多换,B,2534.0000,0.0000,0.0000,0.0000,0.0000,2535.0000,0.0000,0.0000,0.0000,0.0000,3,0,0,0,0,31,0,0,0,0
zc,WS305,2012-06-01 09:04:34.813,2533.0000,30560,0,0.0000,0.0000,0,0,多换,B,2534.0000,0.0000,0.0000,0.0000,0.0000,2535.0000,0.0000,0.0000,0.0000,0.0000,2,0,0,0,0,31,0,0,0,0
zc,WS305,2012-06-01 09:04:35.360,2533.0000,30560,0,0.0000,0.0000,0,0,多换,B,2533.0000,0.0000,0.0000,0.0000,0.0000,2535.0000,0.0000,0.0000,0.0000,0.0000,5,0,0,0,0,31,0,0,0,0
zc,WS305,2012-06-01 09:04:42.547,2533.0000,30560,0,0.0000,4.0000,2,2,多换,B,2533.0000,0.0000,0.0000,0.0000,0.0000,2535.0000,0.0000,0.0000,0.0000,0.0000,3,0,0,0,0,31,0,0,0,0
zc,WS305,2012-06-01 09:04:43.063,2533.0000,30560,0,0.0000,0.0000,0,0,多换,B,2534.0000,0.0000,0.0000,0.0000,0.0000,2535.0000,0.0000,0.0000,0.0000,0.0000,3,0,0,0,0,31,0,0,0,0
zc,WS305,2012-06-01 09:04:43.547,2534.0000,30560,0,0.0000,2.0000,1,1,多换,B,2534.0000,0.0000,0.0000,0.0000,0.0000,2535.0000,0.0000,0.0000,0.0000,0.0000,2,0,0,0,0,31,0,0,0,0
zc,WS305,2012-06-01 09:04:45.783,2534.0000,30562,2,0.0000,2.0000,2,0,双开,B,2534.0000,0.0000,0.0000,0.0000,0.0000,2535.0000,0.0000,0.0000,0.0000,0.0000,1,0,0,0,0,31,0,0,0,0
zc,WS305,2012-06-01 09:04:48.360,2534.0000,30562,0,0.0000,0.0000,0,0,多换,B,2533.0000,0.0000,0.0000,0.0000,0.0000,2535.0000,0.0000,0.0000,0.0000,0.0000,1,0,0,0,0,31,0,0,0,0
zc,WS305,2012-06-01 09:04:55.797,2534.0000,30562,0,0.0000,0.0000,0,0,多换,B,2534.0000,0.0000,0.0000,0.0000,0.0000,2535.0000,0.0000,0.0000,0.0000,0.0000,1,0,0,0,0,31,0,0,0,0
zc,WS305,2012-06-01 09:04:57.143,2535.0000,30568,6,0.0000,6.0000,6,0,双开,B,2534.0000,0.0000,0.0000,0.0000,0.0000,2535.0000,0.0000,0.0000,0.0000,0.0000,33,0,0,0,0,28,0,0,0,0
zc,WS305,2012-06-01 09:04:59.627,2535.0000,30580,12,0.0000,12.0000,12,0,双开,B,2534.0000,0.0000,0.0000,0.0000,0.0000,2535.0000,0.0000,0.0000,0.0000,0.0000,28,0,0,0,0,23,0,0,0,0
zc,WS305,2012-06-01 09:05:00.597,2535.0000,30582,2,0.0000,2.0000,2,0,双开,B,2534.0000,0.0000,0.0000,0.0000,0.0000,2535.0000,0.0000,0.0000,0.0000,0.0000,27,0,0,0,0,22,0,0,0,0
zc,WS305,2012-06-01 09:05:01.360,2535.0000,30584,2,0.0000,2.0000,2,0,双开,B,2534.0000,0.0000,0.0000,0.0000,0.0000,2535.0000,0.0000,0.0000,0.0000,0.0000,26,0,0,0,0,21,0,0,0,0
zc,WS305,2012-06-01 09:05:02.533,2535.0000,30624,40,0.0000,40.0000,40,0,双开,B,2534.0000,0.0000,0.0000,0.0000,0.0000,2535.0000,0.0000,0.0000,0.0000,0.0000,6,0,0,0,0,1,0,0,0,0
zc,WS305,2012-06-01 09:05:03.080,2535.0000,30626,2,0.0000,2.0000,2,0,双开,B,2534.0000,0.0000,0.0000,0.0000,0.0000,2536.0000,0.0000,0.0000,0.0000,0.0000,5,0,0,0,0,3,0,0,0,0
zc,WS305,2012-06-01 09:05:05.440,2535.0000,30626,0,0.0000,0.0000,0,0,多换,B,2535.0000,0.0000,0.0000,0.0000,0.0000,2536.0000,0.0000,0.0000,0.0000,0.0000,5,0,0,0,0,3,0,0,0,0
zc,WS305,2012-06-01 09:05:08.423,2535.0000,30626,0,0.0000,0.0000,0,0,多换,B,2535.0000,0.0000,0.0000,0.0000,0.0000,2536.0000,0.0000,0.0000,0.0000,0.0000,5,0,0,0,0,2,0,0,0,0
zc,WS305,2012-06-01 09:05:10.580,2536.0000,30628,2,0.0000,4.0000,3,1,多开,B,2535.0000,0.0000,0.0000,0.0000,0.0000,2537.0000,0.0000,0.0000,0.0000,0.0000,3,0,0,0,0,4,0,0,0,0
zc,WS305,2012-06-01 09:05:13.110,2536.0000,30628,0,0.0000,0.0000,0,0,多换,B,2536.0000,0.0000,0.0000,0.0000,0.0000,2537.0000,0.0000,0.0000,0.0000,0.0000,3,0,0,0,0,4,0,0,0,0
zc,WS305,2012-06-01 09:05:13.563,2536.0000,30628,0,0.0000,4.0000,2,2,多换,B,2536.0000,0.0000,0.0000,0.0000,0.0000,2537.0000,0.0000,0.0000,0.0000,0.0000,1,0,0,0,0,4,0,0,0,0
zc,WS305,2012-06-01 09:05:14.360,2537.0000,30630,2,0.0000,8.0000,5,3,多开,B,2536.0000,0.0000,0.0000,0.0000,0.0000,2538.0000,0.0000,0.0000,0.0000,0.0000,2,0,0,0,0,11,0,0,0,0
zc,WS305,2012-06-01 09:05:15.847,2537.0000,30630,0,0.0000,0.0000,0,0,多换,B,2537.0000,0.0000,0.0000,0.0000,0.0000,2538.0000,0.0000,0.0000,0.0000,0.0000,2,0,0,0,0,11,0,0,0,0
zc,WS305,2012-06-01 09:05:17.047,2538.0000,30650,20,0.0000,22.0000,21,1,多开,B,2537.0000,0.0000,0.0000,0.0000,0.0000,2541.0000,0.0000,0.0000,0.0000,0.0000,116,0,0,0,0,3,0,0,0,0
zc,WS305,2012-06-01 09:05:17.580,2538.0000,30650,0,0.0000,0.0000,0,0,多换,B,2537.0000,0.0000,0.0000,0.0000,0.0000,2541.0000,0.0000,0.0000,0.0000,0.0000,116,0,0,0,0,2,0,0,0,0
zc,WS305,2012-06-01 09:05:18.313,2538.0000,30650,0,0.0000,0.0000,0,0,多换,B,2538.0000,0.0000,0.0000,0.0000,0.0000,2541.0000,0.0000,0.0000,0.0000,0.0000,52,0,0,0,0,2,0,0,0,0
zc,WS305,2012-06-01 09:05:18.847,2538.0000,30650,0,0.0000,0.0000,0,0,多换,B,2538.0000,0.0000,0.0000,0.0000,0.0000,2541.0000,0.0000,0.0000,0.0000,0.0000,54,0,0,0,0,2,0,0,0,0
zc,WS305,2012-06-01 09:05:19.907,2538.0000,30652,2,0.0000,2.0000,2,0,双开,B,2538.0000,0.0000,0.0000,0.0000,0.0000,2541.0000,0.0000,0.0000,0.0000,0.0000,83,0,0,0,0,2,0,0,0,0
zc,WS305,2012-06-01 09:05:21.047,2538.0000,30652,0,0.0000,0.0000,0,0,多换,B,2538.0000,0.0000,0.0000,0.0000,0.0000,2541.0000,0.0000,0.0000,0.0000,0.0000,82,0,0,0,0,2,0,0,0,0
zc,WS305,2012-06-01 09:05:22.377,2538.0000,30652,0,0.0000,0.0000,0,0,多换,B,2538.0000,0.0000,0.0000,0.0000,0.0000,2541.0000,0.0000,0.0000,0.0000,0.0000,80,0,0,0,0,2,0,0,0,0
zc,WS305,2012-06-01 09:05:22.847,2538.0000,30652,0,0.0000,0.0000,0,0,多换,B,2539.0000,0.0000,0.0000,0.0000,0.0000,2542.0000,0.0000,0.0000,0.0000,0.0000,51,0,0,0,0,4,0,0,0,0
zc,WS305,2012-06-01 09:05:23.597,2538.0000,30652,0,0.0000,0.0000,0,0,多换,B,2539.0000,0.0000,0.0000,0.0000,0.0000,2542.0000,0.0000,0.0000,0.0000,0.0000,9,0,0,0,0,4,0,0,0,0
zc,WS305,2012-06-01 09:05:24.143,2538.0000,30652,0,0.0000,0.0000,0,0,多换,B,2538.0000,0.0000,0.0000,0.0000,0.0000,2541.0000,0.0000,0.0000,0.0000,0.0000,99,0,0,0,0,2,0,0,0,0
zc,WS305,2012-06-01 09:05:25.330,2538.0000,30652,0,0.0000,0.0000,0,0,多换,B,2537.0000,0.0000,0.0000,0.0000,0.0000,2540.0000,0.0000,0.0000,0.0000,0.0000,115,0,0,0,0,2,0,0,0,0
zc,WS305,2012-06-01 09:05:25.830,2538.0000,30652,0,0.0000,0.0000,0,0,多换,B,2537.0000,0.0000,0.0000,0.0000,0.0000,2540.0000,0.0000,0.0000,0.0000,0.0000,105,0,0,0,0,2,0,0,0,0
zc,WS305,2012-06-01 09:05:27.547,2538.0000,30652,0,0.0000,0.0000,0,0,多换,B,2537.0000,0.0000,0.0000,0.0000,0.0000,2540.0000,0.0000,0.0000,0.0000,0.0000,10,0,0,0,0,2,0,0,0,0
zc,WS305,2012-06-01 09:05:30.313,2538.0000,30652,0,0.0000,0.0000,0,0,多换,B,2537.0000,0.0000,0.0000,0.0000,0.0000,2540.0000,0.0000,0.0000,0.0000,0.0000,11,0,0,0,0,2,0,0,0,0
zc,WS305,2012-06-01 09:05:32.127,2538.0000,30652,0,0.0000,0.0000,0,0,多换,B,2537.0000,0.0000,0.0000,0.0000,0.0000,2540.0000,0.0000,0.0000,0.0000,0.0000,18,0,0,0,0,2,0,0,0,0
zc,WS305,2012-06-01 09:05:32.797,2538.0000,30652,0,0.0000,0.0000,0,0,多换,B,2537.0000,0.0000,0.0000,0.0000,0.0000,2540.0000,0.0000,0.0000,0.0000,0.0000,24,0,0,0,0,2,0,0,0,0
zc,WS305,2012-06-01 09:05:33.267,2538.0000,30652,0,0.0000,0.0000,0,0,多换,B,2537.0000,0.0000,0.0000,0.0000,0.0000,2540.0000,0.0000,0.0000,0.0000,0.0000,25,0,0,0,0,2,0,0,0,0
zc,WS305,2012-06-01 09:05:33.813,2538.0000,30652,0,0.0000,0.0000,0,0,多换,B,2537.0000,0.0000,0.0000,0.0000,0.0000,2540.0000,0.0000,0.0000,0.0000,0.0000,47,0,0,0,0,2,0,0,0,0
zc,WS305,2012-06-01 09:05:34.297,2538.0000,30652,0,0.0000,0.0000,0,0,多换,B,2537.0000,0.0000,0.0000,0.0000,0.0000,2540.0000,0.0000,0.0000,0.0000,0.0000,78,0,0,0,0,2,0,0,0,0
zc,WS305,2012-06-01 09:05:35.017,2538.0000,30652,0,0.0000,0.0000,0,0,多换,B,2537.0000,0.0000,0.0000,0.0000,0.0000,2540.0000,0.0000,0.0000,0.0000,0.0000,88,0,0,0,0,2,0,0,0,0
zc,WS305,2012-06-01 09:05:35.563,2538.0000,30652,0,0.0000,0.0000,0,0,多换,B,2537.0000,0.0000,0.0000,0.0000,0.0000,2540.0000,0.0000,0.0000,0.0000,0.0000,95,0,0,0,0,2,0,0,0,0
zc,WS305,2012-06-01 09:05:37.360,2538.0000,30652,0,0.0000,0.0000,0,0,多换,B,2537.0000,0.0000,0.0000,0.0000,0.0000,2540.0000,0.0000,0.0000,0.0000,0.0000,102,0,0,0,0,2,0,0,0,0
zc,WS305,2012-06-01 09:05:37.830,2538.0000,30652,0,0.0000,0.0000,0,0,多换,B,2537.0000,0.0000,0.0000,0.0000,0.0000,2540.0000,0.0000,0.0000,0.0000,0.0000,103,0,0,0,0,2,0,0,0,0
zc,WS305,2012-06-01 09:05:39.047,2538.0000,30652,0,0.0000,0.0000,0,0,多换,B,2537.0000,0.0000,0.0000,0.0000,0.0000,2540.0000,0.0000,0.0000,0.0000,0.0000,104,0,0,0,0,2,0,0,0,0
zc,WS305,2012-06-01 09:05:39.563,2538.0000,30652,0,0.0000,0.0000,0,0,多换,B,2537.0000,0.0000,0.0000,0.0000,0.0000,2540.0000,0.0000,0.0000,0.0000,0.0000,105,0,0,0,0,2,0,0,0,0
zc,WS305,2012-06-01 09:05:40.063,2538.0000,30652,0,0.0000,0.0000,0,0,多换,B,2537.0000,0.0000,0.0000,0.0000,0.0000,2540.0000,0.0000,0.0000,0.0000,0.0000,77,0,0,0,0,2,0,0,0,0
zc,WS305,2012-06-01 09:05:41.797,2538.0000,30652,0,0.0000,0.0000,0,0,多换,B,2538.0000,0.0000,0.0000,0.0000,0.0000,2541.0000,0.0000,0.0000,0.0000,0.0000,8,0,0,0,0,2,0,0,0,0
zc,WS305,2012-06-01 09:05:42.297,2538.0000,30652,0,0.0000,0.0000,0,0,多换,B,2538.0000,0.0000,0.0000,0.0000,0.0000,2541.0000,0.0000,0.0000,0.0000,0.0000,3,0,0,0,0,2,0,0,0,0
zc,WS305,2012-06-01 09:05:43.033,2538.0000,30652,0,0.0000,0.0000,0,0,多换,B,2538.0000,0.0000,0.0000,0.0000,0.0000,2541.0000,0.0000,0.0000,0.0000,0.0000,58,0,0,0,0,2,0,0,0,0
zc,WS305,2012-06-01 09:05:43.547,2538.0000,30652,0,0.0000,0.0000,0,0,多换,B,2538.0000,0.0000,0.0000,0.0000,0.0000,2541.0000,0.0000,0.0000,0.0000,0.0000,88,0,0,0,0,2,0,0,0,0
zc,WS305,2012-06-01 09:05:44.313,2538.0000,30652,0,0.0000,0.0000,0,0,多换,B,2538.0000,0.0000,0.0000,0.0000,0.0000,2541.0000,0.0000,0.0000,0.0000,0.0000,91,0,0,0,0,2,0,0,0,0
zc,WS305,2012-06-01 09:05:44.797,2538.0000,30652,0,0.0000,0.0000,0,0,多换,B,2539.0000,0.0000,0.0000,0.0000,0.0000,2542.0000,0.0000,0.0000,0.0000,0.0000,29,0,0,0,0,4,0,0,0,0
zc,WS305,2012-06-01 09:05:45.297,2538.0000,30652,0,0.0000,0.0000,0,0,多换,B,2539.0000,0.0000,0.0000,0.0000,0.0000,2542.0000,0.0000,0.0000,0.0000,0.0000,26,0,0,0,0,9,0,0,0,0
zc,WS305,2012-06-01 09:05:46.047,2538.0000,30652,0,0.0000,0.0000,0,0,多换,B,2538.0000,0.0000,0.0000,0.0000,0.0000,2541.0000,0.0000,0.0000,0.0000,0.0000,77,0,0,0,0,2,0,0,0,0
zc,WS305,2012-06-01 09:05:46.627,2538.0000,30652,0,0.0000,0.0000,0,0,多换,B,2538.0000,0.0000,0.0000,0.0000,0.0000,2541.0000,0.0000,0.0000,0.0000,0.0000,55,0,0,0,0,7,0,0,0,0
zc,WS305,2012-06-01 09:05:47.080,2538.0000,30652,0,0.0000,0.0000,0,0,多换,B,2538.0000,0.0000,0.0000,0.0000,0.0000,2541.0000,0.0000,0.0000,0.0000,0.0000,58,0,0,0,0,7,0,0,0,0
zc,WS305,2012-06-01 09:05:47.533,2538.0000,30652,0,0.0000,0.0000,0,0,多换,B,2538.0000,0.0000,0.0000,0.0000,0.0000,2541.0000,0.0000,0.0000,0.0000,0.0000,56,0,0,0,0,7,0,0,0,0
zc,WS305,2012-06-01 09:05:48.047,2538.0000,30652,0,0.0000,0.0000,0,0,多换,B,2538.0000,0.0000,0.0000,0.0000,0.0000,2541.0000,0.0000,0.0000,0.0000,0.0000,71,0,0,0,0,7,0,0,0,0
zc,WS305,2012-06-01 09:05:49.313,2538.0000,30652,0,0.0000,0.0000,0,0,多换,B,2538.0000,0.0000,0.0000,0.0000,0.0000,2541.0000,0.0000,0.0000,0.0000,0.0000,68,0,0,0,0,7,0,0,0,0
zc,WS305,2012-06-01 09:05:50.097,2538.0000,30652,0,0.0000,0.0000,0,0,多换,B,2538.0000,0.0000,0.0000,0.0000,0.0000,2541.0000,0.0000,0.0000,0.0000,0.0000,51,0,0,0,0,7,0,0,0,0
zc,WS305,2012-06-01 09:05:50.313,2538.0000,30652,0,0.0000,0.0000,0,0,多换,B,2538.0000,0.0000,0.0000,0.0000,0.0000,2541.0000,0.0000,0.0000,0.0000,0.0000,51,0,0,0,0,8,0,0,0,0
zc,WS305,2012-06-01 09:05:51.080,2538.0000,30652,0,0.0000,0.0000,0,0,多换,B,2538.0000,0.0000,0.0000,0.0000,0.0000,2541.0000,0.0000,0.0000,0.0000,0.0000,62,0,0,0,0,8,0,0,0,0
zc,WS305,2012-06-01 09:05:51.580,2538.0000,30652,0,0.0000,0.0000,0,0,多换,B,2538.0000,0.0000,0.0000,0.0000,0.0000,2541.0000,0.0000,0.0000,0.0000,0.0000,67,0,0,0,0,8,0,0,0,0
zc,WS305,2012-06-01 09:05:52.047,2538.0000,30652,0,0.0000,0.0000,0,0,多换,B,2538.0000,0.0000,0.0000,0.0000,0.0000,2541.0000,0.0000,0.0000,0.0000,0.0000,76,0,0,0,0,8,0,0,0,0
zc,WS305,2012-06-01 09:05:52.533,2538.0000,30652,0,0.0000,0.0000,0,0,多换,B,2538.0000,0.0000,0.0000,0.0000,0.0000,2541.0000,0.0000,0.0000,0.0000,0.0000,6,0,0,0,0,8,0,0,0,0
zc,WS305,2012-06-01 09:05:53.347,2538.0000,30652,0,0.0000,0.0000,0,0,多换,B,2537.0000,0.0000,0.0000,0.0000,0.0000,2540.0000,0.0000,0.0000,0.0000,0.0000,73,0,0,0,0,2,0,0,0,0
zc,WS305,2012-06-01 09:05:55.063,2538.0000,30652,0,0.0000,0.0000,0,0,多换,B,2537.0000,0.0000,0.0000,0.0000,0.0000,2538.0000,0.0000,0.0000,0.0000,0.0000,100,0,0,0,0,1,0,0,0,0
zc,WS305,2012-06-01 09:05:56.533,2538.0000,30654,2,0.0000,2.0000,2,0,双开,B,2537.0000,0.0000,0.0000,0.0000,0.0000,2540.0000,0.0000,0.0000,0.0000,0.0000,99,0,0,0,0,52,0,0,0,0
zc,WS305,2012-06-01 09:05:57.313,2540.0000,30652,-2,0.0000,2.0000,0,2,双平,B,2537.0000,0.0000,0.0000,0.0000,0.0000,2540.0000,0.0000,0.0000,0.0000,0.0000,98,0,0,0,0,51,0,0,0,0
zc,WS305,2012-06-01 09:05:58.360,2540.0000,30652,0,0.0000,0.0000,0,0,多换,B,2538.0000,0.0000,0.0000,0.0000,0.0000,2540.0000,0.0000,0.0000,0.0000,0.0000,5,0,0,0,0,50,0,0,0,0
zc,WS305,2012-06-01 09:05:59.017,2540.0000,30652,0,0.0000,0.0000,0,0,多换,B,2538.0000,0.0000,0.0000,0.0000,0.0000,2540.0000,0.0000,0.0000,0.0000,0.0000,4,0,0,0,0,50,0,0,0,0
zc,WS305,2012-06-01 09:05:59.393,2540.0000,30652,0,0.0000,0.0000,0,0,多换,B,2538.0000,0.0000,0.0000,0.0000,0.0000,2540.0000,0.0000,0.0000,0.0000,0.0000,24,0,0,0,0,50,0,0,0,0
zc,WS305,2012-06-01 09:06:00.533,2540.0000,30652,0,0.0000,0.0000,0,0,多换,B,2538.0000,0.0000,0.0000,0.0000,0.0000,2540.0000,0.0000,0.0000,0.0000,0.0000,27,0,0,0,0,50,0,0,0,0
zc,WS305,2012-06-01 09:06:01.080,2540.0000,30652,0,0.0000,0.0000,0,0,多换,B,2538.0000,0.0000,0.0000,0.0000,0.0000,2540.0000,0.0000,0.0000,0.0000,0.0000,24,0,0,0,0,50,0,0,0,0
zc,WS305,2012-06-01 09:06:01.907,2540.0000,30652,0,0.0000,0.0000,0,0,多换,B,2538.0000,0.0000,0.0000,0.0000,0.0000,2540.0000,0.0000,0.0000,0.0000,0.0000,26,0,0,0,0,50,0,0,0,0
zc,WS305,2012-06-01 09:06:02.360,2540.0000,30652,0,0.0000,0.0000,0,0,多换,B,2538.0000,0.0000,0.0000,0.0000,0.0000,2540.0000,0.0000,0.0000,0.0000,0.0000,38,0,0,0,0,50,0,0,0,0
zc,WS305,2012-06-01 09:06:03.047,2540.0000,30652,0,0.0000,0.0000,0,0,多换,B,2538.0000,0.0000,0.0000,0.0000,0.0000,2540.0000,0.0000,0.0000,0.0000,0.0000,37,0,0,0,0,50,0,0,0,0
zc,WS305,2012-06-01 09:06:03.377,2540.0000,30652,0,0.0000,0.0000,0,0,多换,B,2538.0000,0.0000,0.0000,0.0000,0.0000,2540.0000,0.0000,0.0000,0.0000,0.0000,25,0,0,0,0,50,0,0,0,0
zc,WS305,2012-06-01 09:06:04.097,2540.0000,30652,0,0.0000,0.0000,0,0,多换,B,2538.0000,0.0000,0.0000,0.0000,0.0000,2540.0000,0.0000,0.0000,0.0000,0.0000,16,0,0,0,0,50,0,0,0,0
zc,WS305,2012-06-01 09:06:04.597,2540.0000,30652,0,0.0000,0.0000,0,0,多换,B,2538.0000,0.0000,0.0000,0.0000,0.0000,2540.0000,0.0000,0.0000,0.0000,0.0000,23,0,0,0,0,50,0,0,0,0
zc,WS305,2012-06-01 09:06:05.797,2540.0000,30652,0,0.0000,0.0000,0,0,多换,B,2538.0000,0.0000,0.0000,0.0000,0.0000,2540.0000,0.0000,0.0000,0.0000,0.0000,22,0,0,0,0,50,0,0,0,0
zc,WS305,2012-06-01 09:06:06.330,2540.0000,30652,0,0.0000,0.0000,0,0,多换,B,2538.0000,0.0000,0.0000,0.0000,0.0000,2540.0000,0.0000,0.0000,0.0000,0.0000,28,0,0,0,0,50,0,0,0,0
zc,WS305,2012-06-01 09:06:07.143,2540.0000,30652,0,0.0000,0.0000,0,0,多换,B,2538.0000,0.0000,0.0000,0.0000,0.0000,2540.0000,0.0000,0.0000,0.0000,0.0000,24,0,0,0,0,50,0,0,0,0
zc,WS305,2012-06-01 09:06:07.597,2540.0000,30652,0,0.0000,0.0000,0,0,多换,B,2538.0000,0.0000,0.0000,0.0000,0.0000,2540.0000,0.0000,0.0000,0.0000,0.0000,25,0,0,0,0,50,0,0,0,0
zc,WS305,2012-06-01 09:06:09.297,2540.0000,30652,0,0.0000,0.0000,0,0,多换,B,2537.0000,0.0000,0.0000,0.0000,0.0000,2540.0000,0.0000,0.0000,0.0000,0.0000,116,0,0,0,0,51,0,0,0,0
zc,WS305,2012-06-01 09:06:10.330,2540.0000,30652,0,0.0000,0.0000,0,0,多换,B,2537.0000,0.0000,0.0000,0.0000,0.0000,2540.0000,0.0000,0.0000,0.0000,0.0000,115,0,0,0,0,51,0,0,0,0
zc,WS305,2012-06-01 09:06:15.080,2540.0000,30652,0,0.0000,0.0000,0,0,多换,B,2538.0000,0.0000,0.0000,0.0000,0.0000,2540.0000,0.0000,0.0000,0.0000,0.0000,1,0,0,0,0,51,0,0,0,0
zc,WS305,2012-06-01 09:06:37.377,2540.0000,30652,0,0.0000,0.0000,0,0,多换,B,2538.0000,0.0000,0.0000,0.0000,0.0000,2539.0000,0.0000,0.0000,0.0000,0.0000,1,0,0,0,0,5,0,0,0,0
zc,WS305,2012-06-01 09:06:44.063,2540.0000,30652,0,0.0000,0.0000,0,0,多换,B,2538.0000,0.0000,0.0000,0.0000,0.0000,2539.0000,0.0000,0.0000,0.0000,0.0000,6,0,0,0,0,5,0,0,0,0
zc,WS305,2012-06-01 09:06:57.830,2540.0000,30652,0,0.0000,0.0000,0,0,多换,B,2538.0000,0.0000,0.0000,0.0000,0.0000,2539.0000,0.0000,0.0000,0.0000,0.0000,1,0,0,0,0,6,0,0,0,0
zc,WS305,2012-06-01 09:07:19.563,2540.0000,30652,0,0.0000,0.0000,0,0,多换,B,2538.0000,0.0000,0.0000,0.0000,0.0000,2539.0000,0.0000,0.0000,0.0000,0.0000,2,0,0,0,0,6,0,0,0,0
zc,WS305,2012-06-01 09:07:30.110,2540.0000,30652,0,0.0000,0.0000,0,0,多换,B,2538.0000,0.0000,0.0000,0.0000,0.0000,2539.0000,0.0000,0.0000,0.0000,0.0000,7,0,0,0,0,5,0,0,0,0
zc,WS305,2012-06-01 09:07:37.533,2540.0000,30652,0,0.0000,0.0000,0,0,多换,B,2538.0000,0.0000,0.0000,0.0000,0.0000,2539.0000,0.0000,0.0000,0.0000,0.0000,2,0,0,0,0,6,0,0,0,0
zc,WS305,2012-06-01 09:07:58.547,2538.0000,30652,0,0.0000,4.0000,2,2,空换,S,2537.0000,0.0000,0.0000,0.0000,0.0000,2539.0000,0.0000,0.0000,0.0000,0.0000,5,0,0,0,0,10,0,0,0,0
zc,WS305,2012-06-01 09:08:04.750,2538.0000,30652,0,0.0000,0.0000,0,0,空换,S,2537.0000,0.0000,0.0000,0.0000,0.0000,2538.0000,0.0000,0.0000,0.0000,0.0000,5,0,0,0,0,1,0,0,0,0
zc,WS305,2012-06-01 09:08:14.063,2538.0000,30654,2,0.0000,2.0000,2,0,双开,S,2538.0000,0.0000,0.0000,0.0000,0.0000,2539.0000,0.0000,0.0000,0.0000,0.0000,4,0,0,0,0,5,0,0,0,0
zc,WS305,2012-06-01 09:08:17.110,2538.0000,30654,0,0.0000,0.0000,0,0,空换,S,2537.0000,0.0000,0.0000,0.0000,0.0000,2539.0000,0.0000,0.0000,0.0000,0.0000,4,0,0,0,0,5,0,0,0,0
zc,WS305,2012-06-01 09:08:17.563,2538.0000,30654,0,0.0000,0.0000,0,0,空换,S,2537.0000,0.0000,0.0000,0.0000,0.0000,2538.0000,0.0000,0.0000,0.0000,0.0000,4,0,0,0,0,1,0,0,0,0
zc,WS305,2012-06-01 09:08:18.860,2538.0000,30654,0,0.0000,0.0000,0,0,空换,S,2536.0000,0.0000,0.0000,0.0000,0.0000,2538.0000,0.0000,0.0000,0.0000,0.0000,4,0,0,0,0,6,0,0,0,0
zc,WS305,2012-06-01 09:08:21.080,2538.0000,30654,0,0.0000,0.0000,0,0,空换,S,2535.0000,0.0000,0.0000,0.0000,0.0000,2537.0000,0.0000,0.0000,0.0000,0.0000,4,0,0,0,0,5,0,0,0,0
zc,WS305,2012-06-01 09:08:23.610,2538.0000,30654,0,0.0000,0.0000,0,0,空换,S,2535.0000,0.0000,0.0000,0.0000,0.0000,2538.0000,0.0000,0.0000,0.0000,0.0000,4,0,0,0,0,7,0,0,0,0
zc,WS305,2012-06-01 09:08:24.047,2538.0000,30654,0,0.0000,0.0000,0,0,空换,S,2536.0000,0.0000,0.0000,0.0000,0.0000,2538.0000,0.0000,0.0000,0.0000,0.0000,4,0,0,0,0,7,0,0,0,0
zc,WS305,2012-06-01 09:08:46.360,2538.0000,30654,0,0.0000,0.0000,0,0,空换,S,2536.0000,0.0000,0.0000,0.0000,0.0000,2537.0000,0.0000,0.0000,0.0000,0.0000,4,0,0,0,0,20,0,0,0,0
zc,WS305,2012-06-01 09:08:49.360,2538.0000,30654,0,0.0000,0.0000,0,0,空换,S,2535.0000,0.0000,0.0000,0.0000,0.0000,2537.0000,0.0000,0.0000,0.0000,0.0000,4,0,0,0,0,25,0,0,0,0
zc,WS305,2012-06-01 09:09:16.127,2538.0000,30654,0,0.0000,0.0000,0,0,空换,S,2535.0000,0.0000,0.0000,0.0000,0.0000,2536.0000,0.0000,0.0000,0.0000,0.0000,4,0,0,0,0,2,0,0,0,0
zc,WS305,2012-06-01 09:09:18.297,2538.0000,30654,0,0.0000,0.0000,0,0,空换,S,2534.0000,0.0000,0.0000,0.0000,0.0000,2536.0000,0.0000,0.0000,0.0000,0.0000,4,0,0,0,0,7,0,0,0,0
zc,WS305,2012-06-01 09:09:25.830,2538.0000,30654,0,0.0000,0.0000,0,0,空换,S,2533.0000,0.0000,0.0000,0.0000,0.0000,2535.0000,0.0000,0.0000,0.0000,0.0000,5,0,0,0,0,5,0,0,0,0
zc,WS305,2012-06-01 09:09:26.580,2538.0000,30654,0,0.0000,0.0000,0,0,空换,S,2534.0000,0.0000,0.0000,0.0000,0.0000,2536.0000,0.0000,0.0000,0.0000,0.0000,4,0,0,0,0,7,0,0,0,0
zc,WS305,2012-06-01 09:09:32.330,2538.0000,30654,0,0.0000,0.0000,0,0,空换,S,2533.0000,0.0000,0.0000,0.0000,0.0000,2535.0000,0.0000,0.0000,0.0000,0.0000,5,0,0,0,0,5,0,0,0,0
zc,WS305,2012-06-01 09:09:50.347,2538.0000,30654,0,0.0000,0.0000,0,0,空换,S,2534.0000,0.0000,0.0000,0.0000,0.0000,2536.0000,0.0000,0.0000,0.0000,0.0000,4,0,0,0,0,5,0,0,0,0
zc,WS305,2012-06-01 09:10:00.643,2538.0000,30654,0,0.0000,0.0000,0,0,空换,S,2535.0000,0.0000,0.0000,0.0000,0.0000,2536.0000,0.0000,0.0000,0.0000,0.0000,1,0,0,0,0,5,0,0,0,0
zc,WS305,2012-06-01 09:10:01.597,2534.0000,30652,-2,0.0000,4.0000,1,3,多平,S,2534.0000,0.0000,0.0000,0.0000,0.0000,2536.0000,0.0000,0.0000,0.0000,0.0000,3,0,0,0,0,5,0,0,0,0
zc,WS305,2012-06-01 09:10:08.643,2534.0000,30652,0,0.0000,0.0000,0,0,空换,S,2535.0000,0.0000,0.0000,0.0000,0.0000,2537.0000,0.0000,0.0000,0.0000,0.0000,3,0,0,0,0,25,0,0,0,0
zc,WS305,2012-06-01 09:10:17.313,2534.0000,30652,0,0.0000,0.0000,0,0,空换,S,2536.0000,0.0000,0.0000,0.0000,0.0000,2537.0000,0.0000,0.0000,0.0000,0.0000,3,0,0,0,0,20,0,0,0,0
zc,WS305,2012-06-01 09:10:21.797,2537.0000,30684,32,0.0000,32.0000,32,0,双开,B,2536.0000,0.0000,0.0000,0.0000,0.0000,2537.0000,0.0000,0.0000,0.0000,0.0000,17,0,0,0,0,4,0,0,0,0
zc,WS305,2012-06-01 09:10:26.047,2537.0000,30692,8,0.0000,8.0000,8,0,双开,B,2536.0000,0.0000,0.0000,0.0000,0.0000,2538.0000,0.0000,0.0000,0.0000,0.0000,13,0,0,0,0,7,0,0,0,0
zc,WS305,2012-06-01 09:10:33.547,2537.0000,30692,0,0.0000,0.0000,0,0,多换,B,2536.0000,0.0000,0.0000,0.0000,0.0000,2538.0000,0.0000,0.0000,0.0000,0.0000,13,0,0,0,0,6,0,0,0,0
zc,WS305,2012-06-01 09:10:34.063,2537.0000,30692,0,0.0000,0.0000,0,0,多换,B,2536.0000,0.0000,0.0000,0.0000,0.0000,2538.0000,0.0000,0.0000,0.0000,0.0000,13,0,0,0,0,5,0,0,0,0
zc,WS305,2012-06-01 09:10:34.813,2537.0000,30692,0,0.0000,0.0000,0,0,多换,B,2536.0000,0.0000,0.0000,0.0000,0.0000,2538.0000,0.0000,0.0000,0.0000,0.0000,13,0,0,0,0,2,0,0,0,0
zc,WS305,2012-06-01 09:10:35.047,2537.0000,30692,0,0.0000,0.0000,0,0,多换,B,2537.0000,0.0000,0.0000,0.0000,0.0000,2538.0000,0.0000,0.0000,0.0000,0.0000,4,0,0,0,0,2,0,0,0,0
zc,WS305,2012-06-01 09:10:36.297,2538.0000,30694,2,0.0000,4.0000,3,1,多开,B,2537.0000,0.0000,0.0000,0.0000,0.0000,2539.0000,0.0000,0.0000,0.0000,0.0000,4,0,0,0,0,5,0,0,0,0
zc,WS305,2012-06-01 09:10:37.080,2538.0000,30694,0,0.0000,0.0000,0,0,多换,B,2536.0000,0.0000,0.0000,0.0000,0.0000,2538.0000,0.0000,0.0000,0.0000,0.0000,11,0,0,0,0,5,0,0,0,0
zc,WS305,2012-06-01 09:10:46.313,2538.0000,30694,0,0.0000,0.0000,0,0,多换,B,2536.0000,0.0000,0.0000,0.0000,0.0000,2538.0000,0.0000,0.0000,0.0000,0.0000,11,0,0,0,0,25,0,0,0,0
zc,WS305,2012-06-01 09:10:47.313,2538.0000,30694,0,0.0000,0.0000,0,0,多换,B,2537.0000,0.0000,0.0000,0.0000,0.0000,2538.0000,0.0000,0.0000,0.0000,0.0000,1,0,0,0,0,25,0,0,0,0
zc,WS305,2012-06-01 09:10:49.547,2537.0000,30696,2,0.0000,2.0000,2,0,双开,S,2536.0000,0.0000,0.0000,0.0000,0.0000,2538.0000,0.0000,0.0000,0.0000,0.0000,11,0,0,0,0,25,0,0,0,0
zc,WS305,2012-06-01 09:11:05.830,2537.0000,30696,0,0.0000,0.0000,0,0,空换,S,2535.0000,0.0000,0.0000,0.0000,0.0000,2537.0000,0.0000,0.0000,0.0000,0.0000,13,0,0,0,0,5,0,0,0,0
zc,WS305,2012-06-01 09:11:13.313,2537.0000,30696,0,0.0000,0.0000,0,0,空换,S,2536.0000,0.0000,0.0000,0.0000,0.0000,2538.0000,0.0000,0.0000,0.0000,0.0000,11,0,0,0,0,25,0,0,0,0
zc,WS305,2012-06-01 09:11:51.517,2537.0000,30696,0,0.0000,0.0000,0,0,空换,S,2536.0000,0.0000,0.0000,0.0000,0.0000,2537.0000,0.0000,0.0000,0.0000,0.0000,11,0,0,0,0,1,0,0,0,0
zc,WS305,2012-06-01 09:12:03.330,2537.0000,30696,0,0.0000,0.0000,0,0,空换,S,2536.0000,0.0000,0.0000,0.0000,0.0000,2537.0000,0.0000,0.0000,0.0000,0.0000,7,0,0,0,0,1,0,0,0,0
zc,WS305,2012-06-01 09:12:06.033,2537.0000,30696,0,0.0000,2.0000,1,1,空换,S,2536.0000,0.0000,0.0000,0.0000,0.0000,2538.0000,0.0000,0.0000,0.0000,0.0000,7,0,0,0,0,25,0,0,0,0
zc,WS305,2012-06-01 09:12:06.830,2537.0000,30696,0,0.0000,0.0000,0,0,空换,S,2536.0000,0.0000,0.0000,0.0000,0.0000,2538.0000,0.0000,0.0000,0.0000,0.0000,3,0,0,0,0,25,0,0,0,0
zc,WS305,2012-06-01 09:12:07.330,2537.0000,30696,0,0.0000,0.0000,0,0,空换,S,2536.0000,0.0000,0.0000,0.0000,0.0000,2538.0000,0.0000,0.0000,0.0000,0.0000,4,0,0,0,0,25,0,0,0,0
zc,WS305,2012-06-01 09:12:09.047,2537.0000,30696,0,0.0000,0.0000,0,0,空换,S,2536.0000,0.0000,0.0000,0.0000,0.0000,2538.0000,0.0000,0.0000,0.0000,0.0000,5,0,0,0,0,25,0,0,0,0
zc,WS305,2012-06-01 09:12:10.033,2537.0000,30696,0,0.0000,0.0000,0,0,空换,S,2536.0000,0.0000,0.0000,0.0000,0.0000,2538.0000,0.0000,0.0000,0.0000,0.0000,10,0,0,0,0,25,0,0,0,0
zc,WS305,2012-06-01 09:12:14.080,2537.0000,30696,0,0.0000,0.0000,0,0,空换,S,2537.0000,0.0000,0.0000,0.0000,0.0000,2538.0000,0.0000,0.0000,0.0000,0.0000,10,0,0,0,0,20,0,0,0,0
zc,WS305,2012-06-01 09:12:17.267,2537.0000,30696,0,0.0000,0.0000,0,0,空换,S,2537.0000,0.0000,0.0000,0.0000,0.0000,2538.0000,0.0000,0.0000,0.0000,0.0000,9,0,0,0,0,20,0,0,0,0
zc,WS305,2012-06-01 09:12:18.597,2537.0000,30696,0,0.0000,0.0000,0,0,空换,S,2537.0000,0.0000,0.0000,0.0000,0.0000,2538.0000,0.0000,0.0000,0.0000,0.0000,10,0,0,0,0,20,0,0,0,0
zc,WS305,2012-06-01 09:12:20.047,2537.0000,30696,0,0.0000,0.0000,0,0,空换,S,2537.0000,0.0000,0.0000,0.0000,0.0000,2538.0000,0.0000,0.0000,0.0000,0.0000,9,0,0,0,0,20,0,0,0,0
zc,WS305,2012-06-01 09:12:20.830,2538.0000,30726,30,0.0000,30.0000,30,0,双开,B,2537.0000,0.0000,0.0000,0.0000,0.0000,2538.0000,0.0000,0.0000,0.0000,0.0000,10,0,0,0,0,5,0,0,0,0
zc,WS305,2012-06-01 09:12:22.547,2538.0000,30726,0,0.0000,0.0000,0,0,多换,B,2537.0000,0.0000,0.0000,0.0000,0.0000,2538.0000,0.0000,0.0000,0.0000,0.0000,11,0,0,0,0,5,0,0,0,0
zc,WS305,2012-06-01 09:12:23.097,2538.0000,30728,2,0.0000,2.0000,2,0,双开,B,2537.0000,0.0000,0.0000,0.0000,0.0000,2538.0000,0.0000,0.0000,0.0000,0.0000,11,0,0,0,0,4,0,0,0,0
zc,WS305,2012-06-01 09:12:24.097,2538.0000,30728,0,0.0000,0.0000,0,0,多换,B,2537.0000,0.0000,0.0000,0.0000,0.0000,2538.0000,0.0000,0.0000,0.0000,0.0000,1,0,0,0,0,4,0,0,0,0
zc,WS305,2012-06-01 09:12:27.033,2538.0000,30728,0,0.0000,0.0000,0,0,多换,B,2537.0000,0.0000,0.0000,0.0000,0.0000,2538.0000,0.0000,0.0000,0.0000,0.0000,1,0,0,0,0,5,0,0,0,0
zc,WS305,2012-06-01 09:12:27.610,2538.0000,30728,0,0.0000,0.0000,0,0,多换,B,2536.0000,0.0000,0.0000,0.0000,0.0000,2538.0000,0.0000,0.0000,0.0000,0.0000,94,0,0,0,0,5,0,0,0,0
zc,WS305,2012-06-01 09:12:28.047,2538.0000,30728,0,0.0000,0.0000,0,0,多换,B,2536.0000,0.0000,0.0000,0.0000,0.0000,2538.0000,0.0000,0.0000,0.0000,0.0000,94,0,0,0,0,6,0,0,0,0
zc,WS305,2012-06-01 09:12:29.813,2538.0000,30736,8,0.0000,10.0000,9,1,多开,B,2536.0000,0.0000,0.0000,0.0000,0.0000,2539.0000,0.0000,0.0000,0.0000,0.0000,89,0,0,0,0,10,0,0,0,0
zc,WS305,2012-06-01 09:12:30.330,2538.0000,30736,0,0.0000,0.0000,0,0,多换,B,2537.0000,0.0000,0.0000,0.0000,0.0000,2539.0000,0.0000,0.0000,0.0000,0.0000,2,0,0,0,0,10,0,0,0,0
zc,WS305,2012-06-01 09:12:31.563,2538.0000,30736,0,0.0000,0.0000,0,0,多换,B,2537.0000,0.0000,0.0000,0.0000,0.0000,2539.0000,0.0000,0.0000,0.0000,0.0000,52,0,0,0,0,10,0,0,0,0
zc,WS305,2012-06-01 09:12:32.063,2538.0000,30736,0,0.0000,0.0000,0,0,多换,B,2537.0000,0.0000,0.0000,0.0000,0.0000,2539.0000,0.0000,0.0000,0.0000,0.0000,62,0,0,0,0,10,0,0,0,0
zc,WS305,2012-06-01 09:12:32.847,2538.0000,30736,0,0.0000,0.0000,0,0,多换,B,2537.0000,0.0000,0.0000,0.0000,0.0000,2539.0000,0.0000,0.0000,0.0000,0.0000,64,0,0,0,0,10,0,0,0,0
zc,WS305,2012-06-01 09:12:33.330,2538.0000,30736,0,0.0000,0.0000,0,0,多换,B,2537.0000,0.0000,0.0000,0.0000,0.0000,2539.0000,0.0000,0.0000,0.0000,0.0000,88,0,0,0,0,10,0,0,0,0
zc,WS305,2012-06-01 09:12:34.547,2538.0000,30736,0,0.0000,0.0000,0,0,多换,B,2537.0000,0.0000,0.0000,0.0000,0.0000,2539.0000,0.0000,0.0000,0.0000,0.0000,89,0,0,0,0,10,0,0,0,0
zc,WS305,2012-06-01 09:12:40.813,2538.0000,30736,0,0.0000,0.0000,0,0,多换,B,2538.0000,0.0000,0.0000,0.0000,0.0000,2539.0000,0.0000,0.0000,0.0000,0.0000,31,0,0,0,0,5,0,0,0,0
zc,WS305,2012-06-01 09:12:41.533,2538.0000,30736,0,0.0000,0.0000,0,0,多换,B,2538.0000,0.0000,0.0000,0.0000,0.0000,2539.0000,0.0000,0.0000,0.0000,0.0000,29,0,0,0,0,5,0,0,0,0
zc,WS305,2012-06-01 09:12:42.033,2538.0000,30736,0,0.0000,0.0000,0,0,多换,B,2538.0000,0.0000,0.0000,0.0000,0.0000,2539.0000,0.0000,0.0000,0.0000,0.0000,38,0,0,0,0,5,0,0,0,0
zc,WS305,2012-06-01 09:12:42.563,2538.0000,30736,0,0.0000,0.0000,0,0,多换,B,2538.0000,0.0000,0.0000,0.0000,0.0000,2539.0000,0.0000,0.0000,0.0000,0.0000,48,0,0,0,0,5,0,0,0,0
zc,WS305,2012-06-01 09:12:43.313,2538.0000,30736,0,0.0000,0.0000,0,0,多换,B,2538.0000,0.0000,0.0000,0.0000,0.0000,2539.0000,0.0000,0.0000,0.0000,0.0000,41,0,0,0,0,5,0,0,0,0
zc,WS305,2012-06-01 09:12:44.283,2538.0000,30736,0,0.0000,0.0000,0,0,多换,B,2538.0000,0.0000,0.0000,0.0000,0.0000,2539.0000,0.0000,0.0000,0.0000,0.0000,46,0,0,0,0,5,0,0,0,0
zc,WS305,2012-06-01 09:12:46.547,2538.0000,30736,0,0.0000,0.0000,0,0,多换,B,2538.0000,0.0000,0.0000,0.0000,0.0000,2539.0000,0.0000,0.0000,0.0000,0.0000,79,0,0,0,0,5,0,0,0,0
zc,WS305,2012-06-01 09:12:47.330,2538.0000,30736,0,0.0000,0.0000,0,0,多换,B,2538.0000,0.0000,0.0000,0.0000,0.0000,2539.0000,0.0000,0.0000,0.0000,0.0000,47,0,0,0,0,5,0,0,0,0
zc,WS305,2012-06-01 09:12:47.580,2538.0000,30736,0,0.0000,0.0000,0,0,多换,B,2538.0000,0.0000,0.0000,0.0000,0.0000,2539.0000,0.0000,0.0000,0.0000,0.0000,55,0,0,0,0,5,0,0,0,0
zc,WS305,2012-06-01 09:12:48.783,2539.0000,30746,10,0.0000,10.0000,10,0,双开,B,2538.0000,0.0000,0.0000,0.0000,0.0000,2540.0000,0.0000,0.0000,0.0000,0.0000,55,0,0,0,0,59,0,0,0,0
zc,WS305,2012-06-01 09:12:49.297,2539.0000,30746,0,0.0000,0.0000,0,0,多换,B,2538.0000,0.0000,0.0000,0.0000,0.0000,2540.0000,0.0000,0.0000,0.0000,0.0000,56,0,0,0,0,59,0,0,0,0
zc,WS305,2012-06-01 09:12:50.063,2539.0000,30746,0,0.0000,0.0000,0,0,多换,B,2539.0000,0.0000,0.0000,0.0000,0.0000,2540.0000,0.0000,0.0000,0.0000,0.0000,84,0,0,0,0,54,0,0,0,0
zc,WS305,2012-06-01 09:12:50.597,2539.0000,30746,0,0.0000,0.0000,0,0,多换,B,2539.0000,0.0000,0.0000,0.0000,0.0000,2540.0000,0.0000,0.0000,0.0000,0.0000,7,0,0,0,0,54,0,0,0,0
zc,WS305,2012-06-01 09:12:51.063,2539.0000,30746,0,0.0000,0.0000,0,0,多换,B,2539.0000,0.0000,0.0000,0.0000,0.0000,2540.0000,0.0000,0.0000,0.0000,0.0000,5,0,0,0,0,54,0,0,0,0
zc,WS305,2012-06-01 09:12:51.517,2539.0000,30746,0,0.0000,0.0000,0,0,多换,B,2539.0000,0.0000,0.0000,0.0000,0.0000,2540.0000,0.0000,0.0000,0.0000,0.0000,3,0,0,0,0,54,0,0,0,0
zc,WS305,2012-06-01 09:12:52.313,2539.0000,30746,0,0.0000,0.0000,0,0,多换,B,2539.0000,0.0000,0.0000,0.0000,0.0000,2540.0000,0.0000,0.0000,0.0000,0.0000,48,0,0,0,0,54,0,0,0,0
zc,WS305,2012-06-01 09:12:52.610,2539.0000,30746,0,0.0000,0.0000,0,0,多换,B,2539.0000,0.0000,0.0000,0.0000,0.0000,2540.0000,0.0000,0.0000,0.0000,0.0000,56,0,0,0,0,54,0,0,0,0
zc,WS305,2012-06-01 09:12:54.033,2540.0000,30850,104,0.0000,108.0000,106,2,多开,B,2539.0000,0.0000,0.0000,0.0000,0.0000,2541.0000,0.0000,0.0000,0.0000,0.0000,30,0,0,0,0,7,0,0,0,0
zc,WS305,2012-06-01 09:12:54.547,2540.0000,30850,0,0.0000,0.0000,0,0,多换,B,2539.0000,0.0000,0.0000,0.0000,0.0000,2541.0000,0.0000,0.0000,0.0000,0.0000,30,0,0,0,0,6,0,0,0,0
zc,WS305,2012-06-01 09:12:56.347,2540.0000,30850,0,0.0000,0.0000,0,0,多换,B,2539.0000,0.0000,0.0000,0.0000,0.0000,2541.0000,0.0000,0.0000,0.0000,0.0000,30,0,0,0,0,7,0,0,0,0
zc,WS305,2012-06-01 09:12:56.783,2540.0000,30850,0,0.0000,0.0000,0,0,多换,B,2539.0000,0.0000,0.0000,0.0000,0.0000,2541.0000,0.0000,0.0000,0.0000,0.0000,30,0,0,0,0,8,0,0,0,0
zc,WS305,2012-06-01 09:12:57.533,2540.0000,30850,0,0.0000,0.0000,0,0,多换,B,2539.0000,0.0000,0.0000,0.0000,0.0000,2541.0000,0.0000,0.0000,0.0000,0.0000,30,0,0,0,0,7,0,0,0,0
zc,WS305,2012-06-01 09:12:57.847,2540.0000,30850,0,0.0000,0.0000,0,0,多换,B,2540.0000,0.0000,0.0000,0.0000,0.0000,2541.0000,0.0000,0.0000,0.0000,0.0000,3,0,0,0,0,6,0,0,0,0
zc,WS305,2012-06-01 09:12:58.830,2540.0000,30850,0,0.0000,0.0000,0,0,多换,B,2540.0000,0.0000,0.0000,0.0000,0.0000,2541.0000,0.0000,0.0000,0.0000,0.0000,30,0,0,0,0,6,0,0,0,0
zc,WS305,2012-06-01 09:13:02.080,2541.0000,30862,12,0.0000,12.0000,12,0,双开,B,2541.0000,0.0000,0.0000,0.0000,0.0000,2542.0000,0.0000,0.0000,0.0000,0.0000,24,0,0,0,0,7,0,0,0,0
zc,WS305,2012-06-01 09:13:02.813,2541.0000,30862,0,0.0000,0.0000,0,0,多换,B,2540.0000,0.0000,0.0000,0.0000,0.0000,2542.0000,0.0000,0.0000,0.0000,0.0000,24,0,0,0,0,11,0,0,0,0
zc,WS305,2012-06-01 09:13:03.063,2541.0000,30862,0,0.0000,0.0000,0,0,多换,B,2540.0000,0.0000,0.0000,0.0000,0.0000,2542.0000,0.0000,0.0000,0.0000,0.0000,24,0,0,0,0,12,0,0,0,0
zc,WS305,2012-06-01 09:13:06.750,2541.0000,30862,0,0.0000,0.0000,0,0,多换,B,2539.0000,0.0000,0.0000,0.0000,0.0000,2541.0000,0.0000,0.0000,0.0000,0.0000,24,0,0,0,0,5,0,0,0,0
zc,WS305,2012-06-01 09:13:21.547,2541.0000,30862,0,0.0000,0.0000,0,0,多换,B,2540.0000,0.0000,0.0000,0.0000,0.0000,2542.0000,0.0000,0.0000,0.0000,0.0000,4,0,0,0,0,12,0,0,0,0
zc,WS305,2012-06-01 09:13:22.313,2541.0000,30862,0,0.0000,0.0000,0,0,多换,B,2540.0000,0.0000,0.0000,0.0000,0.0000,2542.0000,0.0000,0.0000,0.0000,0.0000,3,0,0,0,0,12,0,0,0,0
zc,WS305,2012-06-01 09:13:22.783,2541.0000,30862,0,0.0000,0.0000,0,0,多换,B,2540.0000,0.0000,0.0000,0.0000,0.0000,2542.0000,0.0000,0.0000,0.0000,0.0000,2,0,0,0,0,12,0,0,0,0
zc,WS305,2012-06-01 09:13:23.330,2541.0000,30862,0,0.0000,0.0000,0,0,多换,B,2540.0000,0.0000,0.0000,0.0000,0.0000,2542.0000,0.0000,0.0000,0.0000,0.0000,7,0,0,0,0,12,0,0,0,0
zc,WS305,2012-06-01 09:13:24.017,2541.0000,30862,0,0.0000,0.0000,0,0,多换,B,2540.0000,0.0000,0.0000,0.0000,0.0000,2542.0000,0.0000,0.0000,0.0000,0.0000,11,0,0,0,0,12,0,0,0,0
zc,WS305,2012-06-01 09:13:24.347,2541.0000,30862,0,0.0000,0.0000,0,0,多换,B,2540.0000,0.0000,0.0000,0.0000,0.0000,2542.0000,0.0000,0.0000,0.0000,0.0000,6,0,0,0,0,12,0,0,0,0
zc,WS305,2012-06-01 09:13:25.000,2541.0000,30862,0,0.0000,0.0000,0,0,多换,B,2540.0000,0.0000,0.0000,0.0000,0.0000,2542.0000,0.0000,0.0000,0.0000,0.0000,3,0,0,0,0,12,0,0,0,0
zc,WS305,2012-06-01 09:13:25.547,2541.0000,30862,0,0.0000,0.0000,0,0,多换,B,2540.0000,0.0000,0.0000,0.0000,0.0000,2542.0000,0.0000,0.0000,0.0000,0.0000,2,0,0,0,0,12,0,0,0,0
zc,WS305,2012-06-01 09:13:26.047,2541.0000,30862,0,0.0000,0.0000,0,0,多换,B,2540.0000,0.0000,0.0000,0.0000,0.0000,2542.0000,0.0000,0.0000,0.0000,0.0000,3,0,0,0,0,12,0,0,0,0
zc,WS305,2012-06-01 09:13:26.767,2541.0000,30862,0,0.0000,0.0000,0,0,多换,B,2540.0000,0.0000,0.0000,0.0000,0.0000,2542.0000,0.0000,0.0000,0.0000,0.0000,21,0,0,0,0,12,0,0,0,0
zc,WS305,2012-06-01 09:13:27.347,2541.0000,30862,0,0.0000,0.0000,0,0,多换,B,2540.0000,0.0000,0.0000,0.0000,0.0000,2542.0000,0.0000,0.0000,0.0000,0.0000,10,0,0,0,0,12,0,0,0,0
zc,WS305,2012-06-01 09:13:27.750,2541.0000,30862,0,0.0000,0.0000,0,0,多换,B,2540.0000,0.0000,0.0000,0.0000,0.0000,2542.0000,0.0000,0.0000,0.0000,0.0000,1,0,0,0,0,12,0,0,0,0
zc,WS305,2012-06-01 09:13:28.250,2541.0000,30862,0,0.0000,0.0000,0,0,多换,B,2540.0000,0.0000,0.0000,0.0000,0.0000,2542.0000,0.0000,0.0000,0.0000,0.0000,2,0,0,0,0,12,0,0,0,0
zc,WS305,2012-06-01 09:13:29.017,2541.0000,30862,0,0.0000,0.0000,0,0,多换,B,2540.0000,0.0000,0.0000,0.0000,0.0000,2542.0000,0.0000,0.0000,0.0000,0.0000,3,0,0,0,0,12,0,0,0,0
zc,WS305,2012-06-01 09:13:29.297,2541.0000,30862,0,0.0000,0.0000,0,0,多换,B,2540.0000,0.0000,0.0000,0.0000,0.0000,2542.0000,0.0000,0.0000,0.0000,0.0000,25,0,0,0,0,12,0,0,0,0
zc,WS305,2012-06-01 09:13:30.767,2541.0000,30862,0,0.0000,0.0000,0,0,多换,B,2540.0000,0.0000,0.0000,0.0000,0.0000,2542.0000,0.0000,0.0000,0.0000,0.0000,25,0,0,0,0,13,0,0,0,0
zc,WS305,2012-06-01 09:13:32.767,2541.0000,30862,0,0.0000,0.0000,0,0,多换,B,2540.0000,0.0000,0.0000,0.0000,0.0000,2542.0000,0.0000,0.0000,0.0000,0.0000,20,0,0,0,0,13,0,0,0,0
zc,WS305,2012-06-01 09:13:34.533,2541.0000,30862,0,0.0000,0.0000,0,0,多换,B,2540.0000,0.0000,0.0000,0.0000,0.0000,2542.0000,0.0000,0.0000,0.0000,0.0000,25,0,0,0,0,33,0,0,0,0
zc,WS305,2012-06-01 09:13:48.547,2541.0000,30862,0,0.0000,0.0000,0,0,多换,B,2540.0000,0.0000,0.0000,0.0000,0.0000,2542.0000,0.0000,0.0000,0.0000,0.0000,9,0,0,0,0,33,0,0,0,0
zc,WS305,2012-06-01 09:13:49.797,2541.0000,30862,0,0.0000,0.0000,0,0,多换,B,2540.0000,0.0000,0.0000,0.0000,0.0000,2541.0000,0.0000,0.0000,0.0000,0.0000,1,0,0,0,0,5,0,0,0,0
zc,WS305,2012-06-01 09:13:52.517,2541.0000,30862,0,0.0000,0.0000,0,0,多换,B,2540.0000,0.0000,0.0000,0.0000,0.0000,2542.0000,0.0000,0.0000,0.0000,0.0000,1,0,0,0,0,33,0,0,0,0
zc,WS305,2012-06-01 09:13:53.017,2541.0000,30862,0,0.0000,0.0000,0,0,多换,B,2540.0000,0.0000,0.0000,0.0000,0.0000,2541.0000,0.0000,0.0000,0.0000,0.0000,1,0,0,0,0,1,0,0,0,0
zc,WS305,2012-06-01 09:13:53.563,2541.0000,30862,0,0.0000,0.0000,0,0,多换,B,2540.0000,0.0000,0.0000,0.0000,0.0000,2542.0000,0.0000,0.0000,0.0000,0.0000,1,0,0,0,0,33,0,0,0,0
zc,WS305,2012-06-01 09:13:54.283,2541.0000,30862,0,0.0000,0.0000,0,0,多换,B,2540.0000,0.0000,0.0000,0.0000,0.0000,2542.0000,0.0000,0.0000,0.0000,0.0000,1,0,0,0,0,34,0,0,0,0
zc,WS305,2012-06-01 09:13:54.767,2541.0000,30862,0,0.0000,0.0000,0,0,多换,B,2540.0000,0.0000,0.0000,0.0000,0.0000,2542.0000,0.0000,0.0000,0.0000,0.0000,5,0,0,0,0,34,0,0,0,0
zc,WS305,2012-06-01 09:13:57.017,2541.0000,30862,0,0.0000,0.0000,0,0,多换,B,2540.0000,0.0000,0.0000,0.0000,0.0000,2542.0000,0.0000,0.0000,0.0000,0.0000,14,0,0,0,0,34,0,0,0,0
zc,WS305,2012-06-01 09:13:57.547,2541.0000,30862,0,0.0000,0.0000,0,0,多换,B,2540.0000,0.0000,0.0000,0.0000,0.0000,2542.0000,0.0000,0.0000,0.0000,0.0000,13,0,0,0,0,34,0,0,0,0
zc,WS305,2012-06-01 09:14:01.267,2541.0000,30862,0,0.0000,0.0000,0,0,多换,B,2540.0000,0.0000,0.0000,0.0000,0.0000,2542.0000,0.0000,0.0000,0.0000,0.0000,25,0,0,0,0,34,0,0,0,0
zc,WS305,2012-06-01 09:14:12.533,2542.0000,30870,8,0.0000,100.0000,54,46,多开,B,2540.0000,0.0000,0.0000,0.0000,0.0000,2542.0000,0.0000,0.0000,0.0000,0.0000,25,0,0,0,0,23,0,0,0,0
zc,WS305,2012-06-01 09:14:21.267,2542.0000,30912,42,0.0000,46.0000,44,2,多开,B,2542.0000,0.0000,0.0000,0.0000,0.0000,2543.0000,0.0000,0.0000,0.0000,0.0000,27,0,0,0,0,2,0,0,0,0
zc,WS305,2012-06-01 09:14:28.047,2542.0000,30912,0,0.0000,0.0000,0,0,多换,B,2542.0000,0.0000,0.0000,0.0000,0.0000,2543.0000,0.0000,0.0000,0.0000,0.0000,27,0,0,0,0,12,0,0,0,0
zc,WS305,2012-06-01 09:14:28.987,2542.0000,30912,0,0.0000,2.0000,1,1,多换,B,2542.0000,0.0000,0.0000,0.0000,0.0000,2543.0000,0.0000,0.0000,0.0000,0.0000,26,0,0,0,0,11,0,0,0,0
zc,WS305,2012-06-01 09:14:30.250,2542.0000,30912,0,0.0000,52.0000,26,26,多换,B,2540.0000,0.0000,0.0000,0.0000,0.0000,2543.0000,0.0000,0.0000,0.0000,0.0000,25,0,0,0,0,11,0,0,0,0
zc,WS305,2012-06-01 09:14:33.063,2542.0000,30912,0,0.0000,0.0000,0,0,多换,B,2540.0000,0.0000,0.0000,0.0000,0.0000,2543.0000,0.0000,0.0000,0.0000,0.0000,26,0,0,0,0,11,0,0,0,0
zc,WS305,2012-06-01 09:14:35.797,2542.0000,30912,0,0.0000,0.0000,0,0,多换,B,2541.0000,0.0000,0.0000,0.0000,0.0000,2543.0000,0.0000,0.0000,0.0000,0.0000,1,0,0,0,0,11,0,0,0,0
zc,WS305,2012-06-01 09:15:01.597,2542.0000,30912,0,0.0000,0.0000,0,0,多换,B,2541.0000,0.0000,0.0000,0.0000,0.0000,2542.0000,0.0000,0.0000,0.0000,0.0000,1,0,0,0,0,1,0,0,0,0
zc,WS305,2012-06-01 09:15:07.047,2542.0000,30912,0,0.0000,0.0000,0,0,多换,B,2541.0000,0.0000,0.0000,0.0000,0.0000,2542.0000,0.0000,0.0000,0.0000,0.0000,1,0,0,0,0,2,0,0,0,0
zc,WS305,2012-06-01 09:15:14.750,2542.0000,30912,0,0.0000,0.0000,0,0,多换,B,2541.0000,0.0000,0.0000,0.0000,0.0000,2542.0000,0.0000,0.0000,0.0000,0.0000,1,0,0,0,0,7,0,0,0,0
zc,WS305,2012-06-01 09:15:19.250,2542.0000,30912,0,0.0000,0.0000,0,0,多换,B,2541.0000,0.0000,0.0000,0.0000,0.0000,2542.0000,0.0000,0.0000,0.0000,0.0000,1,0,0,0,0,6,0,0,0,0
zc,WS305,2012-06-01 09:15:23.250,2541.0000,30914,2,0.0000,2.0000,2,0,双开,S,2540.0000,0.0000,0.0000,0.0000,0.0000,2542.0000,0.0000,0.0000,0.0000,0.0000,26,0,0,0,0,6,0,0,0,0
zc,WS305,2012-06-01 09:15:25.283,2541.0000,30914,0,0.0000,0.0000,0,0,空换,S,2541.0000,0.0000,0.0000,0.0000,0.0000,2542.0000,0.0000,0.0000,0.0000,0.0000,24,0,0,0,0,6,0,0,0,0
zc,WS305,2012-06-01 09:15:36.767,2542.0000,30926,12,0.0000,12.0000,12,0,双开,B,2542.0000,0.0000,0.0000,0.0000,0.0000,2543.0000,0.0000,0.0000,0.0000,0.0000,18,0,0,0,0,10,0,0,0,0
zc,WS305,2012-06-01 09:15:38.797,2543.0000,30946,20,0.0000,20.0000,20,0,双开,B,2543.0000,0.0000,0.0000,0.0000,0.0000,2545.0000,0.0000,0.0000,0.0000,0.0000,8,0,0,0,0,11,0,0,0,0
zc,WS305,2012-06-01 09:15:45.407,2543.0000,30946,0,0.0000,0.0000,0,0,多换,B,2542.0000,0.0000,0.0000,0.0000,0.0000,2545.0000,0.0000,0.0000,0.0000,0.0000,8,0,0,0,0,12,0,0,0,0
zc,WS305,2012-06-01 09:15:47.797,2543.0000,30946,0,0.0000,0.0000,0,0,多换,B,2543.0000,0.0000,0.0000,0.0000,0.0000,2545.0000,0.0000,0.0000,0.0000,0.0000,8,0,0,0,0,11,0,0,0,0
zc,WS305,2012-06-01 09:15:55.767,2543.0000,30946,0,0.0000,0.0000,0,0,多换,B,2542.0000,0.0000,0.0000,0.0000,0.0000,2545.0000,0.0000,0.0000,0.0000,0.0000,8,0,0,0,0,12,0,0,0,0
zc,WS305,2012-06-01 09:16:00.313,2543.0000,30946,0,0.0000,0.0000,0,0,多换,B,2542.0000,0.0000,0.0000,0.0000,0.0000,2545.0000,0.0000,0.0000,0.0000,0.0000,9,0,0,0,0,12,0,0,0,0
zc,WS305,2012-06-01 09:16:08.360,2543.0000,30946,0,0.0000,0.0000,0,0,多换,B,2543.0000,0.0000,0.0000,0.0000,0.0000,2545.0000,0.0000,0.0000,0.0000,0.0000,8,0,0,0,0,11,0,0,0,0
zc,WS305,2012-06-01 09:16:09.597,2543.0000,30946,0,0.0000,0.0000,0,0,多换,B,2542.0000,0.0000,0.0000,0.0000,0.0000,2545.0000,0.0000,0.0000,0.0000,0.0000,10,0,0,0,0,12,0,0,0,0
zc,WS305,2012-06-01 09:16:12.783,2543.0000,30946,0,0.0000,0.0000,0,0,多换,B,2542.0000,0.0000,0.0000,0.0000,0.0000,2545.0000,0.0000,0.0000,0.0000,0.0000,10,0,0,0,0,13,0,0,0,0
zc,WS305,2012-06-01 09:16:15.783,2543.0000,30946,0,0.0000,0.0000,0,0,多换,B,2542.0000,0.0000,0.0000,0.0000,0.0000,2544.0000,0.0000,0.0000,0.0000,0.0000,10,0,0,0,0,1,0,0,0,0
zc,WS305,2012-06-01 09:16:25.767,2542.0000,30946,0,0.0000,30.0000,15,15,空换,S,2542.0000,0.0000,0.0000,0.0000,0.0000,2544.0000,0.0000,0.0000,0.0000,0.0000,15,0,0,0,0,1,0,0,0,0
zc,WS305,2012-06-01 09:16:29.267,2542.0000,30946,0,0.0000,0.0000,0,0,空换,S,2542.0000,0.0000,0.0000,0.0000,0.0000,2544.0000,0.0000,0.0000,0.0000,0.0000,15,0,0,0,0,11,0,0,0,0
zc,WS305,2012-06-01 09:16:30.283,2542.0000,30946,0,0.0000,0.0000,0,0,空换,S,2542.0000,0.0000,0.0000,0.0000,0.0000,2544.0000,0.0000,0.0000,0.0000,0.0000,14,0,0,0,0,11,0,0,0,0
zc,WS305,2012-06-01 09:16:30.533,2542.0000,30946,0,0.0000,0.0000,0,0,空换,S,2543.0000,0.0000,0.0000,0.0000,0.0000,2544.0000,0.0000,0.0000,0.0000,0.0000,2,0,0,0,0,11,0,0,0,0
zc,WS305,2012-06-01 09:16:32.297,2542.0000,30946,0,0.0000,0.0000,0,0,空换,S,2543.0000,0.0000,0.0000,0.0000,0.0000,2544.0000,0.0000,0.0000,0.0000,0.0000,2,0,0,0,0,12,0,0,0,0
zc,WS305,2012-06-01 09:16:38.033,2543.0000,30948,2,0.0000,4.0000,3,1,多开,B,2542.0000,0.0000,0.0000,0.0000,0.0000,2544.0000,0.0000,0.0000,0.0000,0.0000,1,0,0,0,0,12,0,0,0,0
zc,WS305,2012-06-01 09:16:42.017,2543.0000,30948,0,0.0000,0.0000,0,0,多换,B,2542.0000,0.0000,0.0000,0.0000,0.0000,2544.0000,0.0000,0.0000,0.0000,0.0000,1,0,0,0,0,11,0,0,0,0
zc,WS305,2012-06-01 09:16:47.500,2543.0000,30948,0,0.0000,0.0000,0,0,多换,B,2542.0000,0.0000,0.0000,0.0000,0.0000,2544.0000,0.0000,0.0000,0.0000,0.0000,1,0,0,0,0,12,0,0,0,0
zc,WS305,2012-06-01 09:16:54.500,2543.0000,30948,0,0.0000,0.0000,0,0,多换,B,2542.0000,0.0000,0.0000,0.0000,0.0000,2544.0000,0.0000,0.0000,0.0000,0.0000,14,0,0,0,0,11,0,0,0,0
zc,WS305,2012-06-01 09:16:56.813,2543.0000,30948,0,0.0000,0.0000,0,0,多换,B,2542.0000,0.0000,0.0000,0.0000,0.0000,2544.0000,0.0000,0.0000,0.0000,0.0000,12,0,0,0,0,11,0,0,0,0
zc,WS305,2012-06-01 09:16:57.237,2543.0000,30948,0,0.0000,0.0000,0,0,多换,B,2542.0000,0.0000,0.0000,0.0000,0.0000,2544.0000,0.0000,0.0000,0.0000,0.0000,11,0,0,0,0,11,0,0,0,0
zc,WS305,2012-06-01 09:16:57.750,2543.0000,30948,0,0.0000,0.0000,0,0,多换,B,2542.0000,0.0000,0.0000,0.0000,0.0000,2544.0000,0.0000,0.0000,0.0000,0.0000,1,0,0,0,0,11,0,0,0,0
zc,WS305,2012-06-01 09:16:58.267,2543.0000,30948,0,0.0000,0.0000,0,0,多换,B,2542.0000,0.0000,0.0000,0.0000,0.0000,2544.0000,0.0000,0.0000,0.0000,0.0000,14,0,0,0,0,11,0,0,0,0
zc,WS305,2012-06-01 09:16:59.033,2543.0000,30948,0,0.0000,0.0000,0,0,多换,B,2542.0000,0.0000,0.0000,0.0000,0.0000,2544.0000,0.0000,0.0000,0.0000,0.0000,1,0,0,0,0,12,0,0,0,0
zc,WS305,2012-06-01 09:17:10.500,2543.0000,30948,0,0.0000,0.0000,0,0,多换,B,2542.0000,0.0000,0.0000,0.0000,0.0000,2544.0000,0.0000,0.0000,0.0000,0.0000,1,0,0,0,0,13,0,0,0,0
zc,WS305,2012-06-01 09:17:16.500,2543.0000,30948,0,0.0000,0.0000,0,0,多换,B,2542.0000,0.0000,0.0000,0.0000,0.0000,2544.0000,0.0000,0.0000,0.0000,0.0000,2,0,0,0,0,13,0,0,0,0
zc,WS305,2012-06-01 09:17:25.267,2542.0000,30948,0,0.0000,2.0000,1,1,空换,S,2542.0000,0.0000,0.0000,0.0000,0.0000,2544.0000,0.0000,0.0000,0.0000,0.0000,1,0,0,0,0,13,0,0,0,0
zc,WS305,2012-06-01 09:17:27.033,2542.0000,30952,4,0.0000,4.0000,4,0,双开,S,2542.0000,0.0000,0.0000,0.0000,0.0000,2544.0000,0.0000,0.0000,0.0000,0.0000,49,0,0,0,0,13,0,0,0,0
zc,WS305,2012-06-01 09:17:34.813,2542.0000,30952,0,0.0000,0.0000,0,0,空换,S,2543.0000,0.0000,0.0000,0.0000,0.0000,2544.0000,0.0000,0.0000,0.0000,0.0000,8,0,0,0,0,13,0,0,0,0
zc,WS305,2012-06-01 09:17:35.783,2543.0000,30936,-16,0.0000,16.0000,0,16,双平,B,2542.0000,0.0000,0.0000,0.0000,0.0000,2543.0000,0.0000,0.0000,0.0000,0.0000,49,0,0,0,0,33,0,0,0,0
zc,WS305,2012-06-01 09:17:36.250,2543.0000,30936,0,0.0000,0.0000,0,0,多换,B,2542.0000,0.0000,0.0000,0.0000,0.0000,2543.0000,0.0000,0.0000,0.0000,0.0000,49,0,0,0,0,34,0,0,0,0
zc,WS305,2012-06-01 09:17:40.547,2542.0000,30938,2,0.0000,2.0000,2,0,双开,S,2542.0000,0.0000,0.0000,0.0000,0.0000,2543.0000,0.0000,0.0000,0.0000,0.0000,48,0,0,0,0,1,0,0,0,0
zc,WS305,2012-06-01 09:17:41.250,2542.0000,30938,0,0.0000,0.0000,0,0,空换,S,2542.0000,0.0000,0.0000,0.0000,0.0000,2544.0000,0.0000,0.0000,0.0000,0.0000,48,0,0,0,0,44,0,0,0,0
zc,WS305,2012-06-01 09:17:45.313,2542.0000,30938,0,0.0000,0.0000,0,0,空换,S,2542.0000,0.0000,0.0000,0.0000,0.0000,2544.0000,0.0000,0.0000,0.0000,0.0000,61,0,0,0,0,11,0,0,0,0
zc,WS305,2012-06-01 09:17:45.847,2542.0000,30938,0,0.0000,0.0000,0,0,空换,S,2542.0000,0.0000,0.0000,0.0000,0.0000,2544.0000,0.0000,0.0000,0.0000,0.0000,61,0,0,0,0,10,0,0,0,0
zc,WS305,2012-06-01 09:17:51.250,2542.0000,30938,0,0.0000,0.0000,0,0,空换,S,2542.0000,0.0000,0.0000,0.0000,0.0000,2544.0000,0.0000,0.0000,0.0000,0.0000,48,0,0,0,0,43,0,0,0,0
zc,WS305,2012-06-01 09:17:52.250,2542.0000,30938,0,0.0000,0.0000,0,0,空换,S,2542.0000,0.0000,0.0000,0.0000,0.0000,2543.0000,0.0000,0.0000,0.0000,0.0000,48,0,0,0,0,3,0,0,0,0
zc,WS305,2012-06-01 09:17:54.563,2542.0000,30938,0,0.0000,0.0000,0,0,空换,S,2542.0000,0.0000,0.0000,0.0000,0.0000,2543.0000,0.0000,0.0000,0.0000,0.0000,61,0,0,0,0,3,0,0,0,0
zc,WS305,2012-06-01 09:17:56.750,2542.0000,30938,0,0.0000,0.0000,0,0,空换,S,2542.0000,0.0000,0.0000,0.0000,0.0000,2543.0000,0.0000,0.0000,0.0000,0.0000,62,0,0,0,0,3,0,0,0,0
zc,WS305,2012-06-01 09:17:58.533,2543.0000,30938,0,0.0000,2.0000,1,1,多换,B,2542.0000,0.0000,0.0000,0.0000,0.0000,2543.0000,0.0000,0.0000,0.0000,0.0000,62,0,0,0,0,2,0,0,0,0
zc,WS305,2012-06-01 09:18:08.237,2543.0000,30938,0,0.0000,0.0000,0,0,多换,B,2542.0000,0.0000,0.0000,0.0000,0.0000,2543.0000,0.0000,0.0000,0.0000,0.0000,62,0,0,0,0,2,0,0,0,0
zc,WS305,2012-06-01 09:18:15.610,2543.0000,30938,0,0.0000,0.0000,0,0,多换,B,2542.0000,0.0000,0.0000,0.0000,0.0000,2543.0000,0.0000,0.0000,0.0000,0.0000,49,0,0,0,0,2,0,0,0,0
zc,WS305,2012-06-01 09:18:16.080,2543.0000,30938,0,0.0000,2.0000,1,1,多换,B,2542.0000,0.0000,0.0000,0.0000,0.0000,2543.0000,0.0000,0.0000,0.0000,0.0000,49,0,0,0,0,1,0,0,0,0
zc,WS305,2012-06-01 09:18:27.297,2543.0000,30938,0,0.0000,0.0000,0,0,多换,B,2542.0000,0.0000,0.0000,0.0000,0.0000,2543.0000,0.0000,0.0000,0.0000,0.0000,60,0,0,0,0,1,0,0,0,0
zc,WS305,2012-06-01 09:18:28.017,2543.0000,30938,0,0.0000,0.0000,0,0,多换,B,2542.0000,0.0000,0.0000,0.0000,0.0000,2543.0000,0.0000,0.0000,0.0000,0.0000,62,0,0,0,0,1,0,0,0,0
zc,WS305,2012-06-01 09:18:29.033,2543.0000,30938,0,0.0000,0.0000,0,0,多换,B,2542.0000,0.0000,0.0000,0.0000,0.0000,2543.0000,0.0000,0.0000,0.0000,0.0000,49,0,0,0,0,1,0,0,0,0
zc,WS305,2012-06-01 09:18:37.063,2543.0000,30938,0,0.0000,0.0000,0,0,多换,B,2542.0000,0.0000,0.0000,0.0000,0.0000,2543.0000,0.0000,0.0000,0.0000,0.0000,62,0,0,0,0,1,0,0,0,0
zc,WS305,2012-06-01 09:18:50.313,2543.0000,30938,0,0.0000,0.0000,0,0,多换,B,2542.0000,0.0000,0.0000,0.0000,0.0000,2543.0000,0.0000,0.0000,0.0000,0.0000,82,0,0,0,0,1,0,0,0,0
zc,WS305,2012-06-01 09:19:06.533,2543.0000,30938,0,0.0000,0.0000,0,0,多换,B,2542.0000,0.0000,0.0000,0.0000,0.0000,2543.0000,0.0000,0.0000,0.0000,0.0000,78,0,0,0,0,1,0,0,0,0
zc,WS305,2012-06-01 09:19:09.283,2543.0000,30938,0,0.0000,0.0000,0,0,多换,B,2542.0000,0.0000,0.0000,0.0000,0.0000,2543.0000,0.0000,0.0000,0.0000,0.0000,79,0,0,0,0,1,0,0,0,0
zc,WS305,2012-06-01 09:19:09.517,2543.0000,30938,0,0.0000,0.0000,0,0,多换,B,2542.0000,0.0000,0.0000,0.0000,0.0000,2543.0000,0.0000,0.0000,0.0000,0.0000,69,0,0,0,0,1,0,0,0,0
zc,WS305,2012-06-01 09:19:23.813,2543.0000,30940,2,0.0000,2.0000,2,0,双开,B,2542.0000,0.0000,0.0000,0.0000,0.0000,2544.0000,0.0000,0.0000,0.0000,0.0000,69,0,0,0,0,43,0,0,0,0
zc,WS305,2012-06-01 09:20:00.517,2543.0000,30940,0,0.0000,0.0000,0,0,多换,B,2542.0000,0.0000,0.0000,0.0000,0.0000,2543.0000,0.0000,0.0000,0.0000,0.0000,69,0,0,0,0,5,0,0,0,0
zc,WS305,2012-06-01 09:21:08.297,2543.0000,30940,0,0.0000,0.0000,0,0,多换,B,2542.0000,0.0000,0.0000,0.0000,0.0000,2543.0000,0.0000,0.0000,0.0000,0.0000,69,0,0,0,0,6,0,0,0,0
zc,WS305,2012-06-01 09:21:33.737,2543.0000,30940,0,0.0000,12.0000,6,6,多换,B,2543.0000,0.0000,0.0000,0.0000,0.0000,2544.0000,0.0000,0.0000,0.0000,0.0000,1,0,0,0,0,43,0,0,0,0
zc,WS305,2012-06-01 09:21:50.250,2543.0000,30938,-2,0.0000,2.0000,0,2,双平,B,2542.0000,0.0000,0.0000,0.0000,0.0000,2544.0000,0.0000,0.0000,0.0000,0.0000,69,0,0,0,0,42,0,0,0,0
zc,WS305,2012-06-01 09:22:02.487,2543.0000,30938,0,0.0000,0.0000,0,0,多换,B,2542.0000,0.0000,0.0000,0.0000,0.0000,2544.0000,0.0000,0.0000,0.0000,0.0000,69,0,0,0,0,62,0,0,0,0
zc,WS305,2012-06-01 09:22:06.750,2543.0000,30938,0,0.0000,0.0000,0,0,多换,B,2542.0000,0.0000,0.0000,0.0000,0.0000,2544.0000,0.0000,0.0000,0.0000,0.0000,82,0,0,0,0,30,0,0,0,0
zc,WS305,2012-06-01 09:22:20.047,2543.0000,30938,0,0.0000,0.0000,0,0,多换,B,2542.0000,0.0000,0.0000,0.0000,0.0000,2544.0000,0.0000,0.0000,0.0000,0.0000,69,0,0,0,0,62,0,0,0,0
zc,WS305,2012-06-01 09:22:33.517,2544.0000,30942,4,0.0000,4.0000,4,0,双开,B,2542.0000,0.0000,0.0000,0.0000,0.0000,2544.0000,0.0000,0.0000,0.0000,0.0000,69,0,0,0,0,60,0,0,0,0
zc,WS305,2012-06-01 09:22:45.500,2544.0000,30946,4,0.0000,4.0000,4,0,双开,B,2542.0000,0.0000,0.0000,0.0000,0.0000,2544.0000,0.0000,0.0000,0.0000,0.0000,69,0,0,0,0,58,0,0,0,0
zc,WS305,2012-06-01 09:23:08.220,2544.0000,30946,0,0.0000,0.0000,0,0,多换,B,2542.0000,0.0000,0.0000,0.0000,0.0000,2544.0000,0.0000,0.0000,0.0000,0.0000,69,0,0,0,0,58,0,0,0,0
zc,WS305,2012-06-01 09:23:46.017,2544.0000,30946,0,0.0000,0.0000,0,0,多换,B,2542.0000,0.0000,0.0000,0.0000,0.0000,2543.0000,0.0000,0.0000,0.0000,0.0000,69,0,0,0,0,1,0,0,0,0
zc,WS305,2012-06-01 09:23:50.047,2544.0000,30946,0,0.0000,0.0000,0,0,多换,B,2542.0000,0.0000,0.0000,0.0000,0.0000,2543.0000,0.0000,0.0000,0.0000,0.0000,80,0,0,0,0,1,0,0,0,0
zc,WS305,2012-06-01 09:23:50.533,2544.0000,30946,0,0.0000,0.0000,0,0,多换,B,2542.0000,0.0000,0.0000,0.0000,0.0000,2543.0000,0.0000,0.0000,0.0000,0.0000,79,0,0,0,0,1,0,0,0,0
zc,WS305,2012-06-01 09:23:51.063,2544.0000,30946,0,0.0000,0.0000,0,0,多换,B,2542.0000,0.0000,0.0000,0.0000,0.0000,2543.0000,0.0000,0.0000,0.0000,0.0000,76,0,0,0,0,1,0,0,0,0
zc,WS305,2012-06-01 09:23:52.720,2543.0000,30946,0,0.0000,2.0000,1,1,空换,S,2542.0000,0.0000,0.0000,0.0000,0.0000,2544.0000,0.0000,0.0000,0.0000,0.0000,75,0,0,0,0,26,0,0,0,0
zc,WS305,2012-06-01 09:23:54.033,2543.0000,30946,0,0.0000,0.0000,0,0,空换,S,2542.0000,0.0000,0.0000,0.0000,0.0000,2544.0000,0.0000,0.0000,0.0000,0.0000,74,0,0,0,0,26,0,0,0,0
zc,WS305,2012-06-01 09:23:54.283,2543.0000,30946,0,0.0000,0.0000,0,0,空换,S,2542.0000,0.0000,0.0000,0.0000,0.0000,2544.0000,0.0000,0.0000,0.0000,0.0000,70,0,0,0,0,26,0,0,0,0
zc,WS305,2012-06-01 09:23:55.063,2543.0000,30946,0,0.0000,0.0000,0,0,空换,S,2542.0000,0.0000,0.0000,0.0000,0.0000,2544.0000,0.0000,0.0000,0.0000,0.0000,69,0,0,0,0,31,0,0,0,0
zc,WS305,2012-06-01 09:23:55.517,2543.0000,30946,0,0.0000,0.0000,0,0,空换,S,2542.0000,0.0000,0.0000,0.0000,0.0000,2544.0000,0.0000,0.0000,0.0000,0.0000,69,0,0,0,0,46,0,0,0,0
zc,WS305,2012-06-01 09:23:56.750,2543.0000,30946,0,0.0000,0.0000,0,0,空换,S,2542.0000,0.0000,0.0000,0.0000,0.0000,2544.0000,0.0000,0.0000,0.0000,0.0000,69,0,0,0,0,48,0,0,0,0
zc,WS305,2012-06-01 09:23:57.783,2543.0000,30946,0,0.0000,0.0000,0,0,空换,S,2542.0000,0.0000,0.0000,0.0000,0.0000,2544.0000,0.0000,0.0000,0.0000,0.0000,69,0,0,0,0,49,0,0,0,0
zc,WS305,2012-06-01 09:23:58.267,2543.0000,30946,0,0.0000,0.0000,0,0,空换,S,2542.0000,0.0000,0.0000,0.0000,0.0000,2544.0000,0.0000,0.0000,0.0000,0.0000,69,0,0,0,0,48,0,0,0,0
zc,WS305,2012-06-01 09:24:00.517,2543.0000,30946,0,0.0000,0.0000,0,0,空换,S,2542.0000,0.0000,0.0000,0.0000,0.0000,2544.0000,0.0000,0.0000,0.0000,0.0000,69,0,0,0,0,49,0,0,0,0
zc,WS305,2012-06-01 09:24:03.283,2543.0000,30946,0,0.0000,0.0000,0,0,空换,S,2542.0000,0.0000,0.0000,0.0000,0.0000,2544.0000,0.0000,0.0000,0.0000,0.0000,69,0,0,0,0,48,0,0,0,0
zc,WS305,2012-06-01 09:24:07.283,2543.0000,30946,0,0.0000,0.0000,0,0,空换,S,2542.0000,0.0000,0.0000,0.0000,0.0000,2544.0000,0.0000,0.0000,0.0000,0.0000,69,0,0,0,0,49,0,0,0,0
zc,WS305,2012-06-01 09:24:09.267,2543.0000,30946,0,0.0000,0.0000,0,0,空换,S,2542.0000,0.0000,0.0000,0.0000,0.0000,2544.0000,0.0000,0.0000,0.0000,0.0000,69,0,0,0,0,50,0,0,0,0
zc,WS305,2012-06-01 09:24:09.750,2543.0000,30946,0,0.0000,0.0000,0,0,空换,S,2542.0000,0.0000,0.0000,0.0000,0.0000,2544.0000,0.0000,0.0000,0.0000,0.0000,69,0,0,0,0,49,0,0,0,0
zc,WS305,2012-06-01 09:24:10.283,2543.0000,30946,0,0.0000,0.0000,0,0,空换,S,2542.0000,0.0000,0.0000,0.0000,0.0000,2544.0000,0.0000,0.0000,0.0000,0.0000,69,0,0,0,0,58,0,0,0,0
zc,WS305,2012-06-01 09:24:12.517,2543.0000,30946,0,0.0000,0.0000,0,0,空换,S,2542.0000,0.0000,0.0000,0.0000,0.0000,2544.0000,0.0000,0.0000,0.0000,0.0000,82,0,0,0,0,26,0,0,0,0
zc,WS305,2012-06-01 09:24:39.250,2543.0000,30946,0,0.0000,0.0000,0,0,空换,S,2542.0000,0.0000,0.0000,0.0000,0.0000,2544.0000,0.0000,0.0000,0.0000,0.0000,82,0,0,0,0,27,0,0,0,0
zc,WS305,2012-06-01 09:24:52.750,2543.0000,30946,0,0.0000,0.0000,0,0,空换,S,2542.0000,0.0000,0.0000,0.0000,0.0000,2543.0000,0.0000,0.0000,0.0000,0.0000,82,0,0,0,0,1,0,0,0,0
zc,WS305,2012-06-01 09:25:01.017,2543.0000,30948,2,0.0000,2.0000,2,0,双开,S,2542.0000,0.0000,0.0000,0.0000,0.0000,2544.0000,0.0000,0.0000,0.0000,0.0000,81,0,0,0,0,27,0,0,0,0
zc,WS305,2012-06-01 09:25:08.797,2543.0000,30948,0,0.0000,0.0000,0,0,空换,S,2543.0000,0.0000,0.0000,0.0000,0.0000,2544.0000,0.0000,0.0000,0.0000,0.0000,12,0,0,0,0,27,0,0,0,0
zc,WS305,2012-06-01 09:25:15.500,2544.0000,31002,54,0.0000,54.0000,54,0,双开,B,2543.0000,0.0000,0.0000,0.0000,0.0000,2545.0000,0.0000,0.0000,0.0000,0.0000,15,0,0,0,0,11,0,0,0,0
zc,WS305,2012-06-01 09:25:19.080,2544.0000,31002,0,0.0000,0.0000,0,0,多换,B,2544.0000,0.0000,0.0000,0.0000,0.0000,2545.0000,0.0000,0.0000,0.0000,0.0000,10,0,0,0,0,11,0,0,0,0
zc,WS305,2012-06-01 09:25:19.533,2544.0000,31002,0,0.0000,0.0000,0,0,多换,B,2543.0000,0.0000,0.0000,0.0000,0.0000,2545.0000,0.0000,0.0000,0.0000,0.0000,15,0,0,0,0,11,0,0,0,0
zc,WS305,2012-06-01 09:25:20.017,2544.0000,31002,0,0.0000,0.0000,0,0,多换,B,2544.0000,0.0000,0.0000,0.0000,0.0000,2545.0000,0.0000,0.0000,0.0000,0.0000,3,0,0,0,0,11,0,0,0,0
zc,WS305,2012-06-01 09:25:20.767,2544.0000,31002,0,0.0000,0.0000,0,0,多换,B,2544.0000,0.0000,0.0000,0.0000,0.0000,2545.0000,0.0000,0.0000,0.0000,0.0000,4,0,0,0,0,11,0,0,0,0
zc,WS305,2012-06-01 09:25:21.033,2544.0000,31002,0,0.0000,0.0000,0,0,多换,B,2544.0000,0.0000,0.0000,0.0000,0.0000,2545.0000,0.0000,0.0000,0.0000,0.0000,3,0,0,0,0,11,0,0,0,0
zc,WS305,2012-06-01 09:25:21.783,2544.0000,31002,0,0.0000,0.0000,0,0,多换,B,2544.0000,0.0000,0.0000,0.0000,0.0000,2545.0000,0.0000,0.0000,0.0000,0.0000,2,0,0,0,0,11,0,0,0,0
zc,WS305,2012-06-01 09:25:23.033,2544.0000,31002,0,0.0000,0.0000,0,0,多换,B,2544.0000,0.0000,0.0000,0.0000,0.0000,2545.0000,0.0000,0.0000,0.0000,0.0000,1,0,0,0,0,11,0,0,0,0
zc,WS305,2012-06-01 09:25:23.267,2544.0000,31002,0,0.0000,0.0000,0,0,多换,B,2544.0000,0.0000,0.0000,0.0000,0.0000,2545.0000,0.0000,0.0000,0.0000,0.0000,3,0,0,0,0,11,0,0,0,0
zc,WS305,2012-06-01 09:25:24.830,2544.0000,31002,0,0.0000,0.0000,0,0,多换,B,2544.0000,0.0000,0.0000,0.0000,0.0000,2545.0000,0.0000,0.0000,0.0000,0.0000,1,0,0,0,0,11,0,0,0,0
zc,WS305,2012-06-01 09:25:31.297,2544.0000,31002,0,0.0000,0.0000,0,0,多换,B,2544.0000,0.0000,0.0000,0.0000,0.0000,2545.0000,0.0000,0.0000,0.0000,0.0000,1,0,0,0,0,43,0,0,0,0
zc,WS305,2012-06-01 09:25:35.563,2544.0000,31002,0,0.0000,2.0000,1,1,多换,B,2543.0000,0.0000,0.0000,0.0000,0.0000,2545.0000,0.0000,0.0000,0.0000,0.0000,1,0,0,0,0,43,0,0,0,0
zc,WS305,2012-06-01 09:25:37.250,2544.0000,31002,0,0.0000,0.0000,0,0,多换,B,2543.0000,0.0000,0.0000,0.0000,0.0000,2544.0000,0.0000,0.0000,0.0000,0.0000,1,0,0,0,0,1,0,0,0,0
zc,WS305,2012-06-01 09:25:52.000,2544.0000,31002,0,0.0000,0.0000,0,0,多换,B,2542.0000,0.0000,0.0000,0.0000,0.0000,2544.0000,0.0000,0.0000,0.0000,0.0000,84,0,0,0,0,1,0,0,0,0
zc,WS305,2012-06-01 09:26:01.563,2544.0000,31002,0,0.0000,0.0000,0,0,多换,B,2542.0000,0.0000,0.0000,0.0000,0.0000,2545.0000,0.0000,0.0000,0.0000,0.0000,84,0,0,0,0,44,0,0,0,0
zc,WS305,2012-06-01 09:26:12.047,2544.0000,31002,0,0.0000,0.0000,0,0,多换,B,2543.0000,0.0000,0.0000,0.0000,0.0000,2545.0000,0.0000,0.0000,0.0000,0.0000,20,0,0,0,0,44,0,0,0,0
zc,WS305,2012-06-01 09:26:16.250,2544.0000,31002,0,0.0000,0.0000,0,0,多换,B,2543.0000,0.0000,0.0000,0.0000,0.0000,2545.0000,0.0000,0.0000,0.0000,0.0000,20,0,0,0,0,45,0,0,0,0
zc,WS305,2012-06-01 09:26:17.000,2544.0000,31002,0,0.0000,0.0000,0,0,多换,B,2543.0000,0.0000,0.0000,0.0000,0.0000,2545.0000,0.0000,0.0000,0.0000,0.0000,20,0,0,0,0,14,0,0,0,0
zc,WS305,2012-06-01 09:26:17.517,2544.0000,31002,0,0.0000,0.0000,0,0,多换,B,2543.0000,0.0000,0.0000,0.0000,0.0000,2545.0000,0.0000,0.0000,0.0000,0.0000,29,0,0,0,0,13,0,0,0,0
zc,WS305,2012-06-01 09:26:18.283,2544.0000,31002,0,0.0000,0.0000,0,0,多换,B,2543.0000,0.0000,0.0000,0.0000,0.0000,2545.0000,0.0000,0.0000,0.0000,0.0000,30,0,0,0,0,13,0,0,0,0
zc,WS305,2012-06-01 09:26:18.783,2544.0000,31002,0,0.0000,0.0000,0,0,多换,B,2543.0000,0.0000,0.0000,0.0000,0.0000,2545.0000,0.0000,0.0000,0.0000,0.0000,35,0,0,0,0,13,0,0,0,0
zc,WS305,2012-06-01 09:26:32.250,2544.0000,31002,0,0.0000,0.0000,0,0,多换,B,2544.0000,0.0000,0.0000,0.0000,0.0000,2545.0000,0.0000,0.0000,0.0000,0.0000,1,0,0,0,0,13,0,0,0,0
zc,WS305,2012-06-01 09:26:36.250,2544.0000,31002,0,0.0000,0.0000,0,0,多换,B,2544.0000,0.0000,0.0000,0.0000,0.0000,2545.0000,0.0000,0.0000,0.0000,0.0000,1,0,0,0,0,12,0,0,0,0
zc,WS305,2012-06-01 09:26:41.987,2544.0000,31002,0,0.0000,0.0000,0,0,多换,B,2544.0000,0.0000,0.0000,0.0000,0.0000,2545.0000,0.0000,0.0000,0.0000,0.0000,2,0,0,0,0,12,0,0,0,0
zc,WS305,2012-06-01 09:26:49.237,2544.0000,31002,0,0.0000,0.0000,0,0,多换,B,2544.0000,0.0000,0.0000,0.0000,0.0000,2545.0000,0.0000,0.0000,0.0000,0.0000,2,0,0,0,0,26,0,0,0,0
zc,WS305,2012-06-01 09:26:51.000,2544.0000,31002,0,0.0000,0.0000,0,0,多换,B,2544.0000,0.0000,0.0000,0.0000,0.0000,2545.0000,0.0000,0.0000,0.0000,0.0000,2,0,0,0,0,44,0,0,0,0
zc,WS305,2012-06-01 09:26:52.000,2544.0000,31002,0,0.0000,0.0000,0,0,多换,B,2544.0000,0.0000,0.0000,0.0000,0.0000,2545.0000,0.0000,0.0000,0.0000,0.0000,1,0,0,0,0,44,0,0,0,0
zc,WS305,2012-06-01 09:27:00.000,2544.0000,31004,2,0.0000,2.0000,2,0,双开,B,2543.0000,0.0000,0.0000,0.0000,0.0000,2545.0000,0.0000,0.0000,0.0000,0.0000,21,0,0,0,0,44,0,0,0,0
zc,WS305,2012-06-01 09:27:01.033,2544.0000,31004,0,0.0000,0.0000,0,0,多换,B,2544.0000,0.0000,0.0000,0.0000,0.0000,2545.0000,0.0000,0.0000,0.0000,0.0000,1,0,0,0,0,44,0,0,0,0
zc,WS305,2012-06-01 09:27:01.767,2544.0000,31004,0,0.0000,0.0000,0,0,多换,B,2544.0000,0.0000,0.0000,0.0000,0.0000,2545.0000,0.0000,0.0000,0.0000,0.0000,1,0,0,0,0,12,0,0,0,0
zc,WS305,2012-06-01 09:27:07.047,2544.0000,31004,0,0.0000,0.0000,0,0,多换,B,2544.0000,0.0000,0.0000,0.0000,0.0000,2545.0000,0.0000,0.0000,0.0000,0.0000,1,0,0,0,0,44,0,0,0,0
zc,WS305,2012-06-01 09:27:16.797,2544.0000,31004,0,0.0000,2.0000,1,1,多换,B,2543.0000,0.0000,0.0000,0.0000,0.0000,2544.0000,0.0000,0.0000,0.0000,0.0000,21,0,0,0,0,31,0,0,0,0
zc,WS305,2012-06-01 09:27:17.533,2544.0000,31004,0,0.0000,0.0000,0,0,多换,B,2543.0000,0.0000,0.0000,0.0000,0.0000,2544.0000,0.0000,0.0000,0.0000,0.0000,21,0,0,0,0,32,0,0,0,0
zc,WS305,2012-06-01 09:27:18.547,2544.0000,31004,0,0.0000,0.0000,0,0,多换,B,2543.0000,0.0000,0.0000,0.0000,0.0000,2545.0000,0.0000,0.0000,0.0000,0.0000,21,0,0,0,0,43,0,0,0,0
zc,WS305,2012-06-01 09:27:21.750,2544.0000,31004,0,0.0000,0.0000,0,0,多换,B,2543.0000,0.0000,0.0000,0.0000,0.0000,2544.0000,0.0000,0.0000,0.0000,0.0000,21,0,0,0,0,31,0,0,0,0
zc,WS305,2012-06-01 09:27:22.517,2544.0000,31004,0,0.0000,0.0000,0,0,多换,B,2543.0000,0.0000,0.0000,0.0000,0.0000,2545.0000,0.0000,0.0000,0.0000,0.0000,21,0,0,0,0,43,0,0,0,0
zc,WS305,2012-06-01 09:27:28.750,2544.0000,31004,0,0.0000,0.0000,0,0,多换,B,2543.0000,0.0000,0.0000,0.0000,0.0000,2544.0000,0.0000,0.0000,0.0000,0.0000,21,0,0,0,0,9,0,0,0,0
zc,WS305,2012-06-01 09:27:30.500,2544.0000,31004,0,0.0000,0.0000,0,0,多换,B,2543.0000,0.0000,0.0000,0.0000,0.0000,2544.0000,0.0000,0.0000,0.0000,0.0000,21,0,0,0,0,10,0,0,0,0
zc,WS305,2012-06-01 09:27:31.000,2544.0000,31004,0,0.0000,0.0000,0,0,多换,B,2543.0000,0.0000,0.0000,0.0000,0.0000,2545.0000,0.0000,0.0000,0.0000,0.0000,21,0,0,0,0,43,0,0,0,0
zc,WS305,2012-06-01 09:27:31.783,2544.0000,31004,0,0.0000,0.0000,0,0,多换,B,2543.0000,0.0000,0.0000,0.0000,0.0000,2544.0000,0.0000,0.0000,0.0000,0.0000,21,0,0,0,0,1,0,0,0,0
zc,WS305,2012-06-01 09:27:32.000,2544.0000,31004,0,0.0000,0.0000,0,0,多换,B,2543.0000,0.0000,0.0000,0.0000,0.0000,2545.0000,0.0000,0.0000,0.0000,0.0000,21,0,0,0,0,43,0,0,0,0
zc,WS305,2012-06-01 09:27:34.033,2544.0000,31004,0,0.0000,0.0000,0,0,多换,B,2543.0000,0.0000,0.0000,0.0000,0.0000,2544.0000,0.0000,0.0000,0.0000,0.0000,21,0,0,0,0,11,0,0,0,0
zc,WS305,2012-06-01 09:27:35.000,2544.0000,31004,0,0.0000,0.0000,0,0,多换,B,2543.0000,0.0000,0.0000,0.0000,0.0000,2545.0000,0.0000,0.0000,0.0000,0.0000,21,0,0,0,0,43,0,0,0,0
zc,WS305,2012-06-01 09:27:41.500,2544.0000,31004,0,0.0000,0.0000,0,0,多换,B,2543.0000,0.0000,0.0000,0.0000,0.0000,2545.0000,0.0000,0.0000,0.0000,0.0000,20,0,0,0,0,43,0,0,0,0
zc,WS305,2012-06-01 09:28:07.017,2544.0000,31004,0,0.0000,0.0000,0,0,多换,B,2543.0000,0.0000,0.0000,0.0000,0.0000,2545.0000,0.0000,0.0000,0.0000,0.0000,21,0,0,0,0,43,0,0,0,0
zc,WS305,2012-06-01 09:28:10.737,2544.0000,31004,0,0.0000,0.0000,0,0,多换,B,2543.0000,0.0000,0.0000,0.0000,0.0000,2545.0000,0.0000,0.0000,0.0000,0.0000,21,0,0,0,0,24,0,0,0,0
zc,WS305,2012-06-01 09:28:12.047,2544.0000,31004,0,0.0000,0.0000,0,0,多换,B,2543.0000,0.0000,0.0000,0.0000,0.0000,2545.0000,0.0000,0.0000,0.0000,0.0000,21,0,0,0,0,17,0,0,0,0
zc,WS305,2012-06-01 09:28:12.500,2544.0000,31004,0,0.0000,0.0000,0,0,多换,B,2543.0000,0.0000,0.0000,0.0000,0.0000,2545.0000,0.0000,0.0000,0.0000,0.0000,21,0,0,0,0,37,0,0,0,0
zc,WS305,2012-06-01 09:28:14.737,2544.0000,31004,0,0.0000,0.0000,0,0,多换,B,2543.0000,0.0000,0.0000,0.0000,0.0000,2545.0000,0.0000,0.0000,0.0000,0.0000,21,0,0,0,0,40,0,0,0,0
zc,WS305,2012-06-01 09:28:20.250,2544.0000,31004,0,0.0000,0.0000,0,0,多换,B,2543.0000,0.0000,0.0000,0.0000,0.0000,2545.0000,0.0000,0.0000,0.0000,0.0000,21,0,0,0,0,38,0,0,0,0
zc,WS305,2012-06-01 09:28:20.517,2544.0000,31004,0,0.0000,0.0000,0,0,多换,B,2543.0000,0.0000,0.0000,0.0000,0.0000,2545.0000,0.0000,0.0000,0.0000,0.0000,21,0,0,0,0,37,0,0,0,0
zc,WS305,2012-06-01 09:28:21.237,2544.0000,31004,0,0.0000,0.0000,0,0,多换,B,2543.0000,0.0000,0.0000,0.0000,0.0000,2545.0000,0.0000,0.0000,0.0000,0.0000,21,0,0,0,0,32,0,0,0,0
zc,WS305,2012-06-01 09:28:23.000,2544.0000,31004,0,0.0000,0.0000,0,0,多换,B,2543.0000,0.0000,0.0000,0.0000,0.0000,2545.0000,0.0000,0.0000,0.0000,0.0000,21,0,0,0,0,42,0,0,0,0
zc,WS305,2012-06-01 09:28:24.500,2544.0000,31004,0,0.0000,0.0000,0,0,多换,B,2543.0000,0.0000,0.0000,0.0000,0.0000,2545.0000,0.0000,0.0000,0.0000,0.0000,21,0,0,0,0,35,0,0,0,0
zc,WS305,2012-06-01 09:28:25.017,2544.0000,31004,0,0.0000,0.0000,0,0,多换,B,2543.0000,0.0000,0.0000,0.0000,0.0000,2545.0000,0.0000,0.0000,0.0000,0.0000,36,0,0,0,0,12,0,0,0,0
zc,WS305,2012-06-01 09:28:35.033,2544.0000,31004,0,0.0000,0.0000,0,0,多换,B,2543.0000,0.0000,0.0000,0.0000,0.0000,2545.0000,0.0000,0.0000,0.0000,0.0000,16,0,0,0,0,12,0,0,0,0
zc,WS305,2012-06-01 09:28:40.487,2544.0000,31004,0,0.0000,0.0000,0,0,多换,B,2543.0000,0.0000,0.0000,0.0000,0.0000,2545.0000,0.0000,0.0000,0.0000,0.0000,17,0,0,0,0,12,0,0,0,0
zc,WS305,2012-06-01 09:28:44.547,2544.0000,31004,0,0.0000,0.0000,0,0,多换,B,2543.0000,0.0000,0.0000,0.0000,0.0000,2545.0000,0.0000,0.0000,0.0000,0.0000,3,0,0,0,0,12,0,0,0,0
zc,WS305,2012-06-01 09:28:45.487,2544.0000,31004,0,0.0000,0.0000,0,0,多换,B,2543.0000,0.0000,0.0000,0.0000,0.0000,2545.0000,0.0000,0.0000,0.0000,0.0000,4,0,0,0,0,12,0,0,0,0
zc,WS305,2012-06-01 09:28:46.297,2544.0000,31004,0,0.0000,0.0000,0,0,多换,B,2543.0000,0.0000,0.0000,0.0000,0.0000,2545.0000,0.0000,0.0000,0.0000,0.0000,3,0,0,0,0,12,0,0,0,0
zc,WS305,2012-06-01 09:28:48.250,2544.0000,31004,0,0.0000,0.0000,0,0,多换,B,2543.0000,0.0000,0.0000,0.0000,0.0000,2545.0000,0.0000,0.0000,0.0000,0.0000,4,0,0,0,0,12,0,0,0,0
zc,WS305,2012-06-01 09:28:50.970,2544.0000,31004,0,0.0000,0.0000,0,0,多换,B,2543.0000,0.0000,0.0000,0.0000,0.0000,2545.0000,0.0000,0.0000,0.0000,0.0000,4,0,0,0,0,11,0,0,0,0
zc,WS305,2012-06-01 09:28:51.750,2544.0000,31004,0,0.0000,0.0000,0,0,多换,B,2543.0000,0.0000,0.0000,0.0000,0.0000,2545.0000,0.0000,0.0000,0.0000,0.0000,17,0,0,0,0,11,0,0,0,0
zc,WS305,2012-06-01 09:28:56.500,2544.0000,31004,0,0.0000,0.0000,0,0,多换,B,2544.0000,0.0000,0.0000,0.0000,0.0000,2545.0000,0.0000,0.0000,0.0000,0.0000,1,0,0,0,0,11,0,0,0,0
zc,WS305,2012-06-01 09:29:12.987,2544.0000,31002,-2,0.0000,2.0000,0,2,双平,B,2543.0000,0.0000,0.0000,0.0000,0.0000,2545.0000,0.0000,0.0000,0.0000,0.0000,16,0,0,0,0,11,0,0,0,0
zc,WS305,2012-06-01 09:29:16.813,2544.0000,31002,0,0.0000,0.0000,0,0,多换,B,2543.0000,0.0000,0.0000,0.0000,0.0000,2545.0000,0.0000,0.0000,0.0000,0.0000,1,0,0,0,0,42,0,0,0,0
zc,WS305,2012-06-01 09:29:36.250,2544.0000,31002,0,0.0000,0.0000,0,0,多换,B,2543.0000,0.0000,0.0000,0.0000,0.0000,2545.0000,0.0000,0.0000,0.0000,0.0000,1,0,0,0,0,11,0,0,0,0
zc,WS305,2012-06-01 09:29:36.750,2544.0000,31002,0,0.0000,0.0000,0,0,多换,B,2543.0000,0.0000,0.0000,0.0000,0.0000,2545.0000,0.0000,0.0000,0.0000,0.0000,1,0,0,0,0,16,0,0,0,0
zc,WS305,2012-06-01 09:29:39.267,2544.0000,31002,0,0.0000,0.0000,0,0,多换,B,2543.0000,0.0000,0.0000,0.0000,0.0000,2545.0000,0.0000,0.0000,0.0000,0.0000,15,0,0,0,0,11,0,0,0,0
zc,WS305,2012-06-01 09:29:44.487,2544.0000,31002,0,0.0000,0.0000,0,0,多换,B,2543.0000,0.0000,0.0000,0.0000,0.0000,2545.0000,0.0000,0.0000,0.0000,0.0000,1,0,0,0,0,11,0,0,0,0
zc,WS305,2012-06-01 09:29:44.783,2544.0000,31002,0,0.0000,0.0000,0,0,多换,B,2542.0000,0.0000,0.0000,0.0000,0.0000,2545.0000,0.0000,0.0000,0.0000,0.0000,65,0,0,0,0,11,0,0,0,0
zc,WS305,2012-06-01 09:29:45.783,2544.0000,31002,0,0.0000,0.0000,0,0,多换,B,2542.0000,0.0000,0.0000,0.0000,0.0000,2545.0000,0.0000,0.0000,0.0000,0.0000,65,0,0,0,0,12,0,0,0,0
zc,WS305,2012-06-01 09:29:48.283,2544.0000,31002,0,0.0000,0.0000,0,0,多换,B,2542.0000,0.0000,0.0000,0.0000,0.0000,2545.0000,0.0000,0.0000,0.0000,0.0000,65,0,0,0,0,14,0,0,0,0
zc,WS305,2012-06-01 09:29:48.487,2544.0000,31002,0,0.0000,0.0000,0,0,多换,B,2543.0000,0.0000,0.0000,0.0000,0.0000,2545.0000,0.0000,0.0000,0.0000,0.0000,1,0,0,0,0,14,0,0,0,0
zc,WS305,2012-06-01 09:29:49.237,2544.0000,31002,0,0.0000,0.0000,0,0,多换,B,2543.0000,0.0000,0.0000,0.0000,0.0000,2545.0000,0.0000,0.0000,0.0000,0.0000,1,0,0,0,0,13,0,0,0,0
zc,WS305,2012-06-01 09:29:49.783,2544.0000,31002,0,0.0000,0.0000,0,0,多换,B,2543.0000,0.0000,0.0000,0.0000,0.0000,2545.0000,0.0000,0.0000,0.0000,0.0000,16,0,0,0,0,11,0,0,0,0
zc,WS305,2012-06-01 09:29:57.220,2544.0000,31002,0,0.0000,0.0000,0,0,多换,B,2543.0000,0.0000,0.0000,0.0000,0.0000,2545.0000,0.0000,0.0000,0.0000,0.0000,17,0,0,0,0,11,0,0,0,0
zc,WS305,2012-06-01 09:30:08.220,2544.0000,31002,0,0.0000,0.0000,0,0,多换,B,2543.0000,0.0000,0.0000,0.0000,0.0000,2545.0000,0.0000,0.0000,0.0000,0.0000,17,0,0,0,0,11,0,0,0,0
zc,WS305,2012-06-01 09:30:46.500,2544.0000,31002,0,0.0000,0.0000,0,0,多换,B,2544.0000,0.0000,0.0000,0.0000,0.0000,2545.0000,0.0000,0.0000,0.0000,0.0000,15,0,0,0,0,11,0,0,0,0
zc,WS305,2012-06-01 09:30:47.017,2545.0000,31022,20,0.0000,22.0000,21,1,多开,B,2544.0000,0.0000,0.0000,0.0000,0.0000,2546.0000,0.0000,0.0000,0.0000,0.0000,4,0,0,0,0,33,0,0,0,0
zc,WS305,2012-06-01 09:31:07.033,2545.0000,31022,0,0.0000,0.0000,0,0,多换,B,2545.0000,0.0000,0.0000,0.0000,0.0000,2546.0000,0.0000,0.0000,0.0000,0.0000,1,0,0,0,0,33,0,0,0,0
zc,WS305,2012-06-01 09:31:08.220,2545.0000,31022,0,0.0000,0.0000,0,0,多换,B,2545.0000,0.0000,0.0000,0.0000,0.0000,2546.0000,0.0000,0.0000,0.0000,0.0000,1,0,0,0,0,33,0,0,0,0
zc,WS305,2012-06-01 09:31:11.237,2545.0000,31022,0,0.0000,0.0000,0,0,多换,B,2545.0000,0.0000,0.0000,0.0000,0.0000,2546.0000,0.0000,0.0000,0.0000,0.0000,2,0,0,0,0,33,0,0,0,0
zc,WS305,2012-06-01 09:31:18.080,2545.0000,31022,0,0.0000,0.0000,0,0,多换,B,2545.0000,0.0000,0.0000,0.0000,0.0000,2546.0000,0.0000,0.0000,0.0000,0.0000,3,0,0,0,0,33,0,0,0,0
zc,WS305,2012-06-01 09:31:25.533,2545.0000,31022,0,0.0000,0.0000,0,0,多换,B,2545.0000,0.0000,0.0000,0.0000,0.0000,2546.0000,0.0000,0.0000,0.0000,0.0000,3,0,0,0,0,64,0,0,0,0
zc,WS305,2012-06-01 09:31:29.297,2545.0000,31022,0,0.0000,6.0000,3,3,多换,B,2543.0000,0.0000,0.0000,0.0000,0.0000,2545.0000,0.0000,0.0000,0.0000,0.0000,1,0,0,0,0,28,0,0,0,0
zc,WS305,2012-06-01 09:31:29.517,2545.0000,31022,0,0.0000,0.0000,0,0,多换,B,2543.0000,0.0000,0.0000,0.0000,0.0000,2545.0000,0.0000,0.0000,0.0000,0.0000,1,0,0,0,0,29,0,0,0,0
zc,WS305,2012-06-01 09:31:57.267,2545.0000,31022,0,0.0000,0.0000,0,0,多换,B,2543.0000,0.0000,0.0000,0.0000,0.0000,2545.0000,0.0000,0.0000,0.0000,0.0000,1,0,0,0,0,39,0,0,0,0
zc,WS305,2012-06-01 09:32:01.813,2545.0000,31022,0,0.0000,0.0000,0,0,多换,B,2543.0000,0.0000,0.0000,0.0000,0.0000,2545.0000,0.0000,0.0000,0.0000,0.0000,21,0,0,0,0,39,0,0,0,0
zc,WS305,2012-06-01 09:32:03.970,2545.0000,31022,0,0.0000,0.0000,0,0,多换,B,2543.0000,0.0000,0.0000,0.0000,0.0000,2545.0000,0.0000,0.0000,0.0000,0.0000,21,0,0,0,0,40,0,0,0,0
zc,WS305,2012-06-01 09:32:12.783,2545.0000,31022,0,0.0000,0.0000,0,0,多换,B,2543.0000,0.0000,0.0000,0.0000,0.0000,2545.0000,0.0000,0.0000,0.0000,0.0000,21,0,0,0,0,37,0,0,0,0
zc,WS305,2012-06-01 09:32:13.987,2545.0000,31022,0,0.0000,0.0000,0,0,多换,B,2543.0000,0.0000,0.0000,0.0000,0.0000,2545.0000,0.0000,0.0000,0.0000,0.0000,21,0,0,0,0,35,0,0,0,0
zc,WS305,2012-06-01 09:32:14.533,2545.0000,31022,0,0.0000,0.0000,0,0,多换,B,2543.0000,0.0000,0.0000,0.0000,0.0000,2545.0000,0.0000,0.0000,0.0000,0.0000,25,0,0,0,0,12,0,0,0,0
zc,WS305,2012-06-01 09:32:15.000,2545.0000,31022,0,0.0000,0.0000,0,0,多换,B,2543.0000,0.0000,0.0000,0.0000,0.0000,2545.0000,0.0000,0.0000,0.0000,0.0000,25,0,0,0,0,11,0,0,0,0
zc,WS305,2012-06-01 09:32:21.767,2545.0000,31022,0,0.0000,0.0000,0,0,多换,B,2543.0000,0.0000,0.0000,0.0000,0.0000,2545.0000,0.0000,0.0000,0.0000,0.0000,21,0,0,0,0,19,0,0,0,0
zc,WS305,2012-06-01 09:32:22.767,2545.0000,31022,0,0.0000,0.0000,0,0,多换,B,2543.0000,0.0000,0.0000,0.0000,0.0000,2545.0000,0.0000,0.0000,0.0000,0.0000,21,0,0,0,0,18,0,0,0,0
zc,WS305,2012-06-01 09:32:24.533,2545.0000,31022,0,0.0000,0.0000,0,0,多换,B,2543.0000,0.0000,0.0000,0.0000,0.0000,2545.0000,0.0000,0.0000,0.0000,0.0000,25,0,0,0,0,11,0,0,0,0
zc,WS305,2012-06-01 09:32:27.250,2545.0000,31022,0,0.0000,0.0000,0,0,多换,B,2543.0000,0.0000,0.0000,0.0000,0.0000,2545.0000,0.0000,0.0000,0.0000,0.0000,21,0,0,0,0,16,0,0,0,0
zc,WS305,2012-06-01 09:32:28.237,2545.0000,31022,0,0.0000,0.0000,0,0,多换,B,2543.0000,0.0000,0.0000,0.0000,0.0000,2545.0000,0.0000,0.0000,0.0000,0.0000,21,0,0,0,0,17,0,0,0,0
zc,WS305,2012-06-01 09:32:28.750,2545.0000,31022,0,0.0000,0.0000,0,0,多换,B,2543.0000,0.0000,0.0000,0.0000,0.0000,2545.0000,0.0000,0.0000,0.0000,0.0000,21,0,0,0,0,14,0,0,0,0
zc,WS305,2012-06-01 09:32:29.267,2545.0000,31022,0,0.0000,0.0000,0,0,多换,B,2543.0000,0.0000,0.0000,0.0000,0.0000,2545.0000,0.0000,0.0000,0.0000,0.0000,21,0,0,0,0,15,0,0,0,0
zc,WS305,2012-06-01 09:32:30.533,2545.0000,31022,0,0.0000,0.0000,0,0,多换,B,2543.0000,0.0000,0.0000,0.0000,0.0000,2545.0000,0.0000,0.0000,0.0000,0.0000,21,0,0,0,0,18,0,0,0,0
zc,WS305,2012-06-01 09:32:31.017,2545.0000,31022,0,0.0000,0.0000,0,0,多换,B,2543.0000,0.0000,0.0000,0.0000,0.0000,2545.0000,0.0000,0.0000,0.0000,0.0000,25,0,0,0,0,11,0,0,0,0
zc,WS305,2012-06-01 09:32:33.703,2545.0000,31022,0,0.0000,0.0000,0,0,多换,B,2543.0000,0.0000,0.0000,0.0000,0.0000,2545.0000,0.0000,0.0000,0.0000,0.0000,23,0,0,0,0,11,0,0,0,0
zc,WS305,2012-06-01 09:32:34.750,2545.0000,31022,0,0.0000,0.0000,0,0,多换,B,2543.0000,0.0000,0.0000,0.0000,0.0000,2545.0000,0.0000,0.0000,0.0000,0.0000,22,0,0,0,0,11,0,0,0,0
zc,WS305,2012-06-01 09:32:35.267,2545.0000,31022,0,0.0000,0.0000,0,0,多换,B,2543.0000,0.0000,0.0000,0.0000,0.0000,2545.0000,0.0000,0.0000,0.0000,0.0000,21,0,0,0,0,11,0,0,0,0
zc,WS305,2012-06-01 09:32:39.237,2545.0000,31022,0,0.0000,0.0000,0,0,多换,B,2543.0000,0.0000,0.0000,0.0000,0.0000,2545.0000,0.0000,0.0000,0.0000,0.0000,21,0,0,0,0,12,0,0,0,0
zc,WS305,2012-06-01 09:32:39.797,2545.0000,31022,0,0.0000,0.0000,0,0,多换,B,2543.0000,0.0000,0.0000,0.0000,0.0000,2545.0000,0.0000,0.0000,0.0000,0.0000,21,0,0,0,0,13,0,0,0,0
zc,WS305,2012-06-01 09:32:41.987,2545.0000,31022,0,0.0000,0.0000,0,0,多换,B,2543.0000,0.0000,0.0000,0.0000,0.0000,2545.0000,0.0000,0.0000,0.0000,0.0000,21,0,0,0,0,39,0,0,0,0
zc,WS305,2012-06-01 09:32:46.533,2545.0000,31022,0,0.0000,0.0000,0,0,多换,B,2543.0000,0.0000,0.0000,0.0000,0.0000,2545.0000,0.0000,0.0000,0.0000,0.0000,25,0,0,0,0,11,0,0,0,0
zc,WS305,2012-06-01 09:33:14.237,2545.0000,31022,0,0.0000,0.0000,0,0,多换,B,2543.0000,0.0000,0.0000,0.0000,0.0000,2545.0000,0.0000,0.0000,0.0000,0.0000,21,0,0,0,0,13,0,0,0,0
zc,WS305,2012-06-01 09:33:15.767,2545.0000,31022,0,0.0000,0.0000,0,0,多换,B,2543.0000,0.0000,0.0000,0.0000,0.0000,2545.0000,0.0000,0.0000,0.0000,0.0000,21,0,0,0,0,16,0,0,0,0
zc,WS305,2012-06-01 09:33:16.220,2545.0000,31022,0,0.0000,0.0000,0,0,多换,B,2543.0000,0.0000,0.0000,0.0000,0.0000,2545.0000,0.0000,0.0000,0.0000,0.0000,21,0,0,0,0,14,0,0,0,0
zc,WS305,2012-06-01 09:33:17.000,2545.0000,31022,0,0.0000,0.0000,0,0,多换,B,2543.0000,0.0000,0.0000,0.0000,0.0000,2545.0000,0.0000,0.0000,0.0000,0.0000,25,0,0,0,0,11,0,0,0,0
zc,WS305,2012-06-01 09:34:08.220,2545.0000,31022,0,0.0000,0.0000,0,0,多换,B,2543.0000,0.0000,0.0000,0.0000,0.0000,2545.0000,0.0000,0.0000,0.0000,0.0000,25,0,0,0,0,11,0,0,0,0
zc,WS305,2012-06-01 09:34:20.267,2545.0000,31022,0,0.0000,0.0000,0,0,多换,B,2544.0000,0.0000,0.0000,0.0000,0.0000,2545.0000,0.0000,0.0000,0.0000,0.0000,4,0,0,0,0,11,0,0,0,0
zc,WS305,2012-06-01 09:34:21.000,2545.0000,31022,0,0.0000,0.0000,0,0,多换,B,2544.0000,0.0000,0.0000,0.0000,0.0000,2545.0000,0.0000,0.0000,0.0000,0.0000,5,0,0,0,0,11,0,0,0,0
zc,WS305,2012-06-01 09:34:38.250,2545.0000,31022,0,0.0000,0.0000,0,0,多换,B,2543.0000,0.0000,0.0000,0.0000,0.0000,2545.0000,0.0000,0.0000,0.0000,0.0000,25,0,0,0,0,11,0,0,0,0
zc,WS305,2012-06-01 09:34:55.220,2545.0000,31022,0,0.0000,0.0000,0,0,多换,B,2543.0000,0.0000,0.0000,0.0000,0.0000,2545.0000,0.0000,0.0000,0.0000,0.0000,21,0,0,0,0,39,0,0,0,0
zc,WS305,2012-06-01 09:35:09.283,2545.0000,31022,0,0.0000,0.0000,0,0,多换,B,2543.0000,0.0000,0.0000,0.0000,0.0000,2545.0000,0.0000,0.0000,0.0000,0.0000,21,0,0,0,0,40,0,0,0,0
zc,WS305,2012-06-01 09:35:23.017,2545.0000,31022,0,0.0000,0.0000,0,0,多换,B,2543.0000,0.0000,0.0000,0.0000,0.0000,2545.0000,0.0000,0.0000,0.0000,0.0000,21,0,0,0,0,45,0,0,0,0
