市场代码,合约代码,时间,最新,持仓,增仓,成交额,成交量,开仓,平仓,成交类型,方向,买一价,买二价,买三价,买四价,买五价,卖一价,卖二价,卖三价,卖四价,卖五价,买一量,买二量,买三量,买四量,买五量,卖一量,卖二量,卖三量,卖四量,卖五量
zc,WS301,2012-06-01 07:45:29.563,0.0000,213906,0,0.0000,0.0000,0,0,空换,S,0.0000,0.0000,0.0000,0.0000,0.0000,0.0000,0.0000,0.0000,0.0000,0.0000,0,0,0,0,0,0,0,0,0,0
zc,WS301,2012-06-01 07:46:08.330,0.0000,213906,0,0.0000,0.0000,0,0,空换,S,0.0000,0.0000,0.0000,0.0000,0.0000,0.0000,0.0000,0.0000,0.0000,0.0000,0,0,0,0,0,0,0,0,0,0
zc,WS301,2012-06-01 07:47:08.330,0.0000,213906,0,0.0000,0.0000,0,0,空换,S,0.0000,0.0000,0.0000,0.0000,0.0000,0.0000,0.0000,0.0000,0.0000,0.0000,0,0,0,0,0,0,0,0,0,0
zc,WS301,2012-06-01 07:48:08.330,0.0000,213906,0,0.0000,0.0000,0,0,空换,S,0.0000,0.0000,0.0000,0.0000,0.0000,0.0000,0.0000,0.0000,0.0000,0.0000,0,0,0,0,0,0,0,0,0,0
zc,WS301,2012-06-01 07:49:08.330,0.0000,213906,0,0.0000,0.0000,0,0,空换,S,0.0000,0.0000,0.0000,0.0000,0.0000,0.0000,0.0000,0.0000,0.0000,0.0000,0,0,0,0,0,0,0,0,0,0
zc,WS301,2012-06-01 07:51:08.330,0.0000,213906,0,0.0000,0.0000,0,0,空换,S,0.0000,0.0000,0.0000,0.0000,0.0000,0.0000,0.0000,0.0000,0.0000,0.0000,0,0,0,0,0,0,0,0,0,0
zc,WS301,2012-06-01 08:01:08.313,0.0000,213906,0,0.0000,0.0000,0,0,空换,S,0.0000,0.0000,0.0000,0.0000,0.0000,0.0000,0.0000,0.0000,0.0000,0.0000,0,0,0,0,0,0,0,0,0,0
zc,WS301,2012-06-01 08:04:08.313,0.0000,213906,0,0.0000,0.0000,0,0,空换,S,0.0000,0.0000,0.0000,0.0000,0.0000,0.0000,0.0000,0.0000,0.0000,0.0000,0,0,0,0,0,0,0,0,0,0
zc,WS301,2012-06-01 08:18:08.297,0.0000,213906,0,0.0000,0.0000,0,0,空换,S,0.0000,0.0000,0.0000,0.0000,0.0000,0.0000,0.0000,0.0000,0.0000,0.0000,0,0,0,0,0,0,0,0,0,0
zc,WS301,2012-06-01 08:21:08.283,0.0000,213906,0,0.0000,0.0000,0,0,空换,S,0.0000,0.0000,0.0000,0.0000,0.0000,0.0000,0.0000,0.0000,0.0000,0.0000,0,0,0,0,0,0,0,0,0,0
zc,WS301,2012-06-01 08:24:08.297,0.0000,213906,0,0.0000,0.0000,0,0,空换,S,0.0000,0.0000,0.0000,0.0000,0.0000,0.0000,0.0000,0.0000,0.0000,0.0000,0,0,0,0,0,0,0,0,0,0
zc,WS301,2012-06-01 08:25:08.283,0.0000,213906,0,0.0000,0.0000,0,0,空换,S,0.0000,0.0000,0.0000,0.0000,0.0000,0.0000,0.0000,0.0000,0.0000,0.0000,0,0,0,0,0,0,0,0,0,0
zc,WS301,2012-06-01 08:26:08.283,0.0000,213906,0,0.0000,0.0000,0,0,空换,S,0.0000,0.0000,0.0000,0.0000,0.0000,0.0000,0.0000,0.0000,0.0000,0.0000,0,0,0,0,0,0,0,0,0,0
zc,WS301,2012-06-01 08:33:08.283,0.0000,213906,0,0.0000,0.0000,0,0,空换,S,0.0000,0.0000,0.0000,0.0000,0.0000,0.0000,0.0000,0.0000,0.0000,0.0000,0,0,0,0,0,0,0,0,0,0
zc,WS301,2012-06-01 08:35:08.267,0.0000,213906,0,0.0000,0.0000,0,0,空换,S,0.0000,0.0000,0.0000,0.0000,0.0000,0.0000,0.0000,0.0000,0.0000,0.0000,0,0,0,0,0,0,0,0,0,0
zc,WS301,2012-06-01 08:41:08.267,0.0000,213906,0,0.0000,0.0000,0,0,空换,S,0.0000,0.0000,0.0000,0.0000,0.0000,0.0000,0.0000,0.0000,0.0000,0.0000,0,0,0,0,0,0,0,0,0,0
zc,WS301,2012-06-01 08:43:08.267,0.0000,213906,0,0.0000,0.0000,0,0,空换,S,0.0000,0.0000,0.0000,0.0000,0.0000,0.0000,0.0000,0.0000,0.0000,0.0000,0,0,0,0,0,0,0,0,0,0
zc,WS301,2012-06-01 08:44:08.267,0.0000,213906,0,0.0000,0.0000,0,0,空换,S,0.0000,0.0000,0.0000,0.0000,0.0000,0.0000,0.0000,0.0000,0.0000,0.0000,0,0,0,0,0,0,0,0,0,0
zc,WS301,2012-06-01 08:46:08.267,0.0000,213906,0,0.0000,0.0000,0,0,空换,S,0.0000,0.0000,0.0000,0.0000,0.0000,0.0000,0.0000,0.0000,0.0000,0.0000,0,0,0,0,0,0,0,0,0,0
zc,WS301,2012-06-01 08:47:08.267,0.0000,213906,0,0.0000,0.0000,0,0,空换,S,0.0000,0.0000,0.0000,0.0000,0.0000,0.0000,0.0000,0.0000,0.0000,0.0000,0,0,0,0,0,0,0,0,0,0
zc,WS301,2012-06-01 08:49:08.267,0.0000,213906,0,0.0000,0.0000,0,0,空换,S,0.0000,0.0000,0.0000,0.0000,0.0000,0.0000,0.0000,0.0000,0.0000,0.0000,0,0,0,0,0,0,0,0,0,0
zc,WS301,2012-06-01 08:50:08.250,0.0000,213906,0,0.0000,0.0000,0,0,空换,S,0.0000,0.0000,0.0000,0.0000,0.0000,0.0000,0.0000,0.0000,0.0000,0.0000,0,0,0,0,0,0,0,0,0,0
zc,WS301,2012-06-01 08:51:08.250,0.0000,213906,0,0.0000,0.0000,0,0,空换,S,0.0000,0.0000,0.0000,0.0000,0.0000,0.0000,0.0000,0.0000,0.0000,0.0000,0,0,0,0,0,0,0,0,0,0
zc,WS301,2012-06-01 08:52:08.250,0.0000,213906,0,0.0000,0.0000,0,0,空换,S,0.0000,0.0000,0.0000,0.0000,0.0000,0.0000,0.0000,0.0000,0.0000,0.0000,0,0,0,0,0,0,0,0,0,0
zc,WS301,2012-06-01 08:55:01.547,0.0000,213906,0,0.0000,0.0000,0,0,空换,S,0.0000,0.0000,0.0000,0.0000,0.0000,0.0000,0.0000,0.0000,0.0000,0.0000,0,0,0,0,0,0,0,0,0,0
zc,WS301,2012-06-01 08:55:02.033,0.0000,213906,0,0.0000,0.0000,0,0,空换,S,0.0000,0.0000,0.0000,0.0000,0.0000,0.0000,0.0000,0.0000,0.0000,0.0000,0,0,0,0,0,0,0,0,0,0
zc,WS301,2012-06-01 08:55:02.500,0.0000,213906,0,0.0000,0.0000,0,0,空换,S,0.0000,0.0000,0.0000,0.0000,0.0000,0.0000,0.0000,0.0000,0.0000,0.0000,0,0,0,0,0,0,0,0,0,0
zc,WS301,2012-06-01 08:55:04.737,0.0000,213906,0,0.0000,0.0000,0,0,空换,S,0.0000,0.0000,0.0000,0.0000,0.0000,0.0000,0.0000,0.0000,0.0000,0.0000,0,0,0,0,0,0,0,0,0,0
zc,WS301,2012-06-01 08:55:08.250,0.0000,213906,0,0.0000,0.0000,0,0,空换,S,0.0000,0.0000,0.0000,0.0000,0.0000,0.0000,0.0000,0.0000,0.0000,0.0000,0,0,0,0,0,0,0,0,0,0
zc,WS301,2012-06-01 08:55:21.487,0.0000,213906,0,0.0000,0.0000,0,0,空换,S,0.0000,0.0000,0.0000,0.0000,0.0000,0.0000,0.0000,0.0000,0.0000,0.0000,0,0,0,0,0,0,0,0,0,0
zc,WS301,2012-06-01 08:55:25.237,0.0000,213906,0,0.0000,0.0000,0,0,空换,S,0.0000,0.0000,0.0000,0.0000,0.0000,0.0000,0.0000,0.0000,0.0000,0.0000,0,0,0,0,0,0,0,0,0,0
zc,WS301,2012-06-01 08:55:26.487,0.0000,213906,0,0.0000,0.0000,0,0,空换,S,0.0000,0.0000,0.0000,0.0000,0.0000,0.0000,0.0000,0.0000,0.0000,0.0000,0,0,0,0,0,0,0,0,0,0
zc,WS301,2012-06-01 08:55:26.987,0.0000,213906,0,0.0000,0.0000,0,0,空换,S,0.0000,0.0000,0.0000,0.0000,0.0000,0.0000,0.0000,0.0000,0.0000,0.0000,0,0,0,0,0,0,0,0,0,0
zc,WS301,2012-06-01 08:56:44.487,0.0000,213906,0,0.0000,0.0000,0,0,空换,S,0.0000,0.0000,0.0000,0.0000,0.0000,0.0000,0.0000,0.0000,0.0000,0.0000,0,0,0,0,0,0,0,0,0,0
zc,WS301,2012-06-01 08:57:08.987,0.0000,213906,0,0.0000,0.0000,0,0,空换,S,0.0000,0.0000,0.0000,0.0000,0.0000,0.0000,0.0000,0.0000,0.0000,0.0000,0,0,0,0,0,0,0,0,0,0
zc,WS301,2012-06-01 08:58:33.487,0.0000,213906,0,0.0000,0.0000,0,0,空换,S,0.0000,0.0000,0.0000,0.0000,0.0000,0.0000,0.0000,0.0000,0.0000,0.0000,0,0,0,0,0,0,0,0,0,0
zc,WS301,2012-06-01 08:59:08.250,2481.0000,213864,-42,0.0000,780.0000,369,411,空平,B,2481.0000,0.0000,0.0000,0.0000,0.0000,2482.0000,0.0000,0.0000,0.0000,0.0000,2,0,0,0,0,17,0,0,0,0
zc,WS301,2012-06-01 09:00:01.470,2483.0000,213880,16,0.0000,66.0000,41,25,多开,B,2482.0000,0.0000,0.0000,0.0000,0.0000,2483.0000,0.0000,0.0000,0.0000,0.0000,3,0,0,0,0,4,0,0,0,0
zc,WS301,2012-06-01 09:00:03.487,2482.0000,213654,-226,0.0000,368.0000,71,297,多平,S,2481.0000,0.0000,0.0000,0.0000,0.0000,2482.0000,0.0000,0.0000,0.0000,0.0000,76,0,0,0,0,2,0,0,0,0
zc,WS301,2012-06-01 09:00:04.203,2482.0000,213648,-6,0.0000,16.0000,5,11,多平,S,2481.0000,0.0000,0.0000,0.0000,0.0000,2482.0000,0.0000,0.0000,0.0000,0.0000,68,0,0,0,0,4,0,0,0,0
zc,WS301,2012-06-01 09:00:04.720,2482.0000,213652,4,0.0000,12.0000,8,4,空开,S,2482.0000,0.0000,0.0000,0.0000,0.0000,2483.0000,0.0000,0.0000,0.0000,0.0000,1,0,0,0,0,9,0,0,0,0
zc,WS301,2012-06-01 09:00:05.470,2483.0000,213666,14,0.0000,30.0000,22,8,多开,B,2483.0000,0.0000,0.0000,0.0000,0.0000,2484.0000,0.0000,0.0000,0.0000,0.0000,47,0,0,0,0,7,0,0,0,0
zc,WS301,2012-06-01 09:00:05.907,2483.0000,213664,-2,0.0000,2.0000,0,2,双平,B,2483.0000,0.0000,0.0000,0.0000,0.0000,2484.0000,0.0000,0.0000,0.0000,0.0000,47,0,0,0,0,7,0,0,0,0
zc,WS301,2012-06-01 09:00:06.690,2484.0000,213668,4,0.0000,14.0000,9,5,多开,B,2484.0000,0.0000,0.0000,0.0000,0.0000,2485.0000,0.0000,0.0000,0.0000,0.0000,35,0,0,0,0,60,0,0,0,0
zc,WS301,2012-06-01 09:00:07.440,2484.0000,213668,0,0.0000,0.0000,0,0,多换,B,2484.0000,0.0000,0.0000,0.0000,0.0000,2485.0000,0.0000,0.0000,0.0000,0.0000,37,0,0,0,0,60,0,0,0,0
zc,WS301,2012-06-01 09:00:07.877,2485.0000,213670,2,0.0000,18.0000,10,8,多开,B,2484.0000,0.0000,0.0000,0.0000,0.0000,2485.0000,0.0000,0.0000,0.0000,0.0000,30,0,0,0,0,59,0,0,0,0
zc,WS301,2012-06-01 09:00:08.440,2483.0000,213774,104,0.0000,208.0000,156,52,空开,S,2482.0000,0.0000,0.0000,0.0000,0.0000,2483.0000,0.0000,0.0000,0.0000,0.0000,63,0,0,0,0,23,0,0,0,0
zc,WS301,2012-06-01 09:00:08.907,2482.0000,213774,0,0.0000,4.0000,2,2,空换,S,2482.0000,0.0000,0.0000,0.0000,0.0000,2483.0000,0.0000,0.0000,0.0000,0.0000,62,0,0,0,0,31,0,0,0,0
zc,WS301,2012-06-01 09:00:09.750,2483.0000,213784,10,0.0000,30.0000,20,10,多开,B,2482.0000,0.0000,0.0000,0.0000,0.0000,2483.0000,0.0000,0.0000,0.0000,0.0000,56,0,0,0,0,9,0,0,0,0
zc,WS301,2012-06-01 09:00:10.157,2483.0000,213784,0,0.0000,18.0000,9,9,多换,B,2483.0000,0.0000,0.0000,0.0000,0.0000,2484.0000,0.0000,0.0000,0.0000,0.0000,54,0,0,0,0,36,0,0,0,0
zc,WS301,2012-06-01 09:00:10.877,2484.0000,213778,-6,0.0000,16.0000,5,11,空平,B,2483.0000,0.0000,0.0000,0.0000,0.0000,2484.0000,0.0000,0.0000,0.0000,0.0000,66,0,0,0,0,28,0,0,0,0
zc,WS301,2012-06-01 09:00:11.597,2484.0000,213778,0,0.0000,8.0000,4,4,多换,B,2483.0000,0.0000,0.0000,0.0000,0.0000,2484.0000,0.0000,0.0000,0.0000,0.0000,70,0,0,0,0,27,0,0,0,0
zc,WS301,2012-06-01 09:00:12.157,2484.0000,213768,-10,0.0000,10.0000,0,10,双平,B,2483.0000,0.0000,0.0000,0.0000,0.0000,2484.0000,0.0000,0.0000,0.0000,0.0000,70,0,0,0,0,22,0,0,0,0
zc,WS301,2012-06-01 09:00:12.970,2484.0000,213768,0,0.0000,12.0000,6,6,多换,B,2483.0000,0.0000,0.0000,0.0000,0.0000,2484.0000,0.0000,0.0000,0.0000,0.0000,67,0,0,0,0,30,0,0,0,0
zc,WS301,2012-06-01 09:00:13.847,2484.0000,213768,0,0.0000,0.0000,0,0,多换,B,2483.0000,0.0000,0.0000,0.0000,0.0000,2484.0000,0.0000,0.0000,0.0000,0.0000,67,0,0,0,0,38,0,0,0,0
zc,WS301,2012-06-01 09:00:14.360,2484.0000,213774,6,0.0000,12.0000,9,3,多开,B,2483.0000,0.0000,0.0000,0.0000,0.0000,2484.0000,0.0000,0.0000,0.0000,0.0000,38,0,0,0,0,32,0,0,0,0
zc,WS301,2012-06-01 09:00:15.143,2484.0000,213740,-34,0.0000,66.0000,16,50,空平,B,2484.0000,0.0000,0.0000,0.0000,0.0000,2485.0000,0.0000,0.0000,0.0000,0.0000,13,0,0,0,0,63,0,0,0,0
zc,WS301,2012-06-01 09:00:15.893,2484.0000,213734,-6,0.0000,34.0000,14,20,空平,B,2484.0000,0.0000,0.0000,0.0000,0.0000,2485.0000,0.0000,0.0000,0.0000,0.0000,2,0,0,0,0,62,0,0,0,0
zc,WS301,2012-06-01 09:00:16.643,2484.0000,213730,-4,0.0000,10.0000,3,7,空平,B,2483.0000,0.0000,0.0000,0.0000,0.0000,2484.0000,0.0000,0.0000,0.0000,0.0000,39,0,0,0,0,173,0,0,0,0
zc,WS301,2012-06-01 09:00:17.157,2483.0000,213728,-2,0.0000,4.0000,1,3,多平,S,2483.0000,0.0000,0.0000,0.0000,0.0000,2484.0000,0.0000,0.0000,0.0000,0.0000,39,0,0,0,0,172,0,0,0,0
zc,WS301,2012-06-01 09:00:17.940,2483.0000,213732,4,0.0000,4.0000,4,0,双开,S,2483.0000,0.0000,0.0000,0.0000,0.0000,2484.0000,0.0000,0.0000,0.0000,0.0000,28,0,0,0,0,189,0,0,0,0
zc,WS301,2012-06-01 09:00:18.440,2483.0000,213788,56,0.0000,58.0000,57,1,空开,S,2482.0000,0.0000,0.0000,0.0000,0.0000,2483.0000,0.0000,0.0000,0.0000,0.0000,316,0,0,0,0,60,0,0,0,0
zc,WS301,2012-06-01 09:00:19.377,2483.0000,213758,-30,0.0000,54.0000,12,42,多平,S,2482.0000,0.0000,0.0000,0.0000,0.0000,2483.0000,0.0000,0.0000,0.0000,0.0000,312,0,0,0,0,47,0,0,0,0
zc,WS301,2012-06-01 09:00:19.907,2482.0000,213758,0,0.0000,14.0000,7,7,空换,S,2482.0000,0.0000,0.0000,0.0000,0.0000,2483.0000,0.0000,0.0000,0.0000,0.0000,319,0,0,0,0,41,0,0,0,0
zc,WS301,2012-06-01 09:00:20.673,2483.0000,213758,0,0.0000,10.0000,5,5,多换,B,2482.0000,0.0000,0.0000,0.0000,0.0000,2483.0000,0.0000,0.0000,0.0000,0.0000,321,0,0,0,0,36,0,0,0,0
zc,WS301,2012-06-01 09:00:21.360,2483.0000,213756,-2,0.0000,14.0000,6,8,空平,B,2482.0000,0.0000,0.0000,0.0000,0.0000,2483.0000,0.0000,0.0000,0.0000,0.0000,337,0,0,0,0,31,0,0,0,0
zc,WS301,2012-06-01 09:00:22.173,2483.0000,213758,2,0.0000,62.0000,32,30,多开,B,2483.0000,0.0000,0.0000,0.0000,0.0000,2484.0000,0.0000,0.0000,0.0000,0.0000,51,0,0,0,0,34,0,0,0,0
zc,WS301,2012-06-01 09:00:22.673,2483.0000,213644,-114,0.0000,370.0000,128,242,空平,B,2482.0000,0.0000,0.0000,0.0000,0.0000,2483.0000,0.0000,0.0000,0.0000,0.0000,236,0,0,0,0,49,0,0,0,0
zc,WS301,2012-06-01 09:00:23.393,2484.0000,213742,98,0.0000,200.0000,149,51,多开,B,2483.0000,0.0000,0.0000,0.0000,0.0000,2485.0000,0.0000,0.0000,0.0000,0.0000,63,0,0,0,0,74,0,0,0,0
zc,WS301,2012-06-01 09:00:23.860,2484.0000,213742,0,0.0000,0.0000,0,0,多换,B,2483.0000,0.0000,0.0000,0.0000,0.0000,2485.0000,0.0000,0.0000,0.0000,0.0000,72,0,0,0,0,74,0,0,0,0
zc,WS301,2012-06-01 09:00:24.627,2484.0000,213742,0,0.0000,0.0000,0,0,多换,B,2483.0000,0.0000,0.0000,0.0000,0.0000,2485.0000,0.0000,0.0000,0.0000,0.0000,82,0,0,0,0,104,0,0,0,0
zc,WS301,2012-06-01 09:00:25.110,2485.0000,213742,0,0.0000,4.0000,2,2,多换,B,2483.0000,0.0000,0.0000,0.0000,0.0000,2485.0000,0.0000,0.0000,0.0000,0.0000,82,0,0,0,0,104,0,0,0,0
zc,WS301,2012-06-01 09:00:25.907,2485.0000,213742,0,0.0000,0.0000,0,0,多换,B,2483.0000,0.0000,0.0000,0.0000,0.0000,2485.0000,0.0000,0.0000,0.0000,0.0000,90,0,0,0,0,104,0,0,0,0
zc,WS301,2012-06-01 09:00:26.440,2485.0000,213740,-2,0.0000,2.0000,0,2,双平,B,2483.0000,0.0000,0.0000,0.0000,0.0000,2485.0000,0.0000,0.0000,0.0000,0.0000,92,0,0,0,0,92,0,0,0,0
zc,WS301,2012-06-01 09:00:26.830,2485.0000,213720,-20,0.0000,46.0000,13,33,空平,B,2483.0000,0.0000,0.0000,0.0000,0.0000,2485.0000,0.0000,0.0000,0.0000,0.0000,106,0,0,0,0,67,0,0,0,0
zc,WS301,2012-06-01 09:00:27.347,2485.0000,213720,0,0.0000,0.0000,0,0,多换,B,2483.0000,0.0000,0.0000,0.0000,0.0000,2485.0000,0.0000,0.0000,0.0000,0.0000,113,0,0,0,0,67,0,0,0,0
zc,WS301,2012-06-01 09:00:28.157,2483.0000,213746,26,0.0000,106.0000,66,40,空开,S,2483.0000,0.0000,0.0000,0.0000,0.0000,2484.0000,0.0000,0.0000,0.0000,0.0000,117,0,0,0,0,2,0,0,0,0
zc,WS301,2012-06-01 09:00:28.643,2484.0000,213746,0,0.0000,2.0000,1,1,多换,B,2483.0000,0.0000,0.0000,0.0000,0.0000,2484.0000,0.0000,0.0000,0.0000,0.0000,128,0,0,0,0,21,0,0,0,0
zc,WS301,2012-06-01 09:00:29.377,2484.0000,213748,2,0.0000,2.0000,2,0,双开,B,2483.0000,0.0000,0.0000,0.0000,0.0000,2484.0000,0.0000,0.0000,0.0000,0.0000,125,0,0,0,0,20,0,0,0,0
zc,WS301,2012-06-01 09:00:29.860,2484.0000,213748,0,0.0000,10.0000,5,5,多换,B,2483.0000,0.0000,0.0000,0.0000,0.0000,2484.0000,0.0000,0.0000,0.0000,0.0000,134,0,0,0,0,15,0,0,0,0
zc,WS301,2012-06-01 09:00:30.627,2484.0000,213748,0,0.0000,0.0000,0,0,多换,B,2483.0000,0.0000,0.0000,0.0000,0.0000,2484.0000,0.0000,0.0000,0.0000,0.0000,122,0,0,0,0,55,0,0,0,0
zc,WS301,2012-06-01 09:00:31.110,2484.0000,213748,0,0.0000,10.0000,5,5,多换,B,2483.0000,0.0000,0.0000,0.0000,0.0000,2484.0000,0.0000,0.0000,0.0000,0.0000,112,0,0,0,0,54,0,0,0,0
zc,WS301,2012-06-01 09:00:31.860,2484.0000,213688,-60,0.0000,62.0000,1,61,空平,B,2483.0000,0.0000,0.0000,0.0000,0.0000,2484.0000,0.0000,0.0000,0.0000,0.0000,113,0,0,0,0,25,0,0,0,0
zc,WS301,2012-06-01 09:00:33.127,2484.0000,213688,0,0.0000,2.0000,1,1,多换,B,2483.0000,0.0000,0.0000,0.0000,0.0000,2484.0000,0.0000,0.0000,0.0000,0.0000,115,0,0,0,0,24,0,0,0,0
zc,WS301,2012-06-01 09:00:33.923,2484.0000,213688,0,0.0000,2.0000,1,1,多换,B,2483.0000,0.0000,0.0000,0.0000,0.0000,2484.0000,0.0000,0.0000,0.0000,0.0000,123,0,0,0,0,23,0,0,0,0
zc,WS301,2012-06-01 09:00:34.360,2484.0000,213682,-6,0.0000,26.0000,10,16,空平,B,2483.0000,0.0000,0.0000,0.0000,0.0000,2484.0000,0.0000,0.0000,0.0000,0.0000,127,0,0,0,0,11,0,0,0,0
zc,WS301,2012-06-01 09:00:35.097,2484.0000,213682,0,0.0000,2.0000,1,1,多换,B,2483.0000,0.0000,0.0000,0.0000,0.0000,2484.0000,0.0000,0.0000,0.0000,0.0000,128,0,0,0,0,10,0,0,0,0
zc,WS301,2012-06-01 09:00:35.610,2484.0000,213686,4,0.0000,20.0000,12,8,多开,B,2484.0000,0.0000,0.0000,0.0000,0.0000,2485.0000,0.0000,0.0000,0.0000,0.0000,70,0,0,0,0,146,0,0,0,0
zc,WS301,2012-06-01 09:00:36.347,2484.0000,213686,0,0.0000,0.0000,0,0,多换,B,2484.0000,0.0000,0.0000,0.0000,0.0000,2485.0000,0.0000,0.0000,0.0000,0.0000,88,0,0,0,0,160,0,0,0,0
zc,WS301,2012-06-01 09:00:36.610,2485.0000,213688,2,0.0000,2.0000,2,0,双开,B,2484.0000,0.0000,0.0000,0.0000,0.0000,2485.0000,0.0000,0.0000,0.0000,0.0000,89,0,0,0,0,159,0,0,0,0
zc,WS301,2012-06-01 09:00:37.377,2484.0000,213688,0,0.0000,2.0000,1,1,空换,S,2484.0000,0.0000,0.0000,0.0000,0.0000,2485.0000,0.0000,0.0000,0.0000,0.0000,88,0,0,0,0,160,0,0,0,0
zc,WS301,2012-06-01 09:00:37.847,2484.0000,213688,0,0.0000,14.0000,7,7,空换,S,2484.0000,0.0000,0.0000,0.0000,0.0000,2485.0000,0.0000,0.0000,0.0000,0.0000,81,0,0,0,0,160,0,0,0,0
zc,WS301,2012-06-01 09:00:38.610,2485.0000,213688,0,0.0000,14.0000,7,7,多换,B,2484.0000,0.0000,0.0000,0.0000,0.0000,2485.0000,0.0000,0.0000,0.0000,0.0000,75,0,0,0,0,147,0,0,0,0
zc,WS301,2012-06-01 09:00:39.110,2484.0000,213688,0,0.0000,48.0000,24,24,空换,S,2484.0000,0.0000,0.0000,0.0000,0.0000,2485.0000,0.0000,0.0000,0.0000,0.0000,51,0,0,0,0,147,0,0,0,0
zc,WS301,2012-06-01 09:00:39.627,2485.0000,213686,-2,0.0000,2.0000,0,2,双平,B,2484.0000,0.0000,0.0000,0.0000,0.0000,2485.0000,0.0000,0.0000,0.0000,0.0000,51,0,0,0,0,146,0,0,0,0
zc,WS301,2012-06-01 09:00:40.347,2485.0000,213686,0,0.0000,0.0000,0,0,多换,B,2484.0000,0.0000,0.0000,0.0000,0.0000,2485.0000,0.0000,0.0000,0.0000,0.0000,63,0,0,0,0,146,0,0,0,0
zc,WS301,2012-06-01 09:00:41.097,2484.0000,213688,2,0.0000,2.0000,2,0,双开,S,2484.0000,0.0000,0.0000,0.0000,0.0000,2485.0000,0.0000,0.0000,0.0000,0.0000,64,0,0,0,0,146,0,0,0,0
zc,WS301,2012-06-01 09:00:41.657,2485.0000,213694,6,0.0000,40.0000,23,17,多开,B,2484.0000,0.0000,0.0000,0.0000,0.0000,2485.0000,0.0000,0.0000,0.0000,0.0000,62,0,0,0,0,126,0,0,0,0
zc,WS301,2012-06-01 09:00:42.173,2484.0000,213706,12,0.0000,64.0000,38,26,空开,S,2484.0000,0.0000,0.0000,0.0000,0.0000,2485.0000,0.0000,0.0000,0.0000,0.0000,58,0,0,0,0,97,0,0,0,0
zc,WS301,2012-06-01 09:00:42.847,2484.0000,213706,0,0.0000,0.0000,0,0,空换,S,2484.0000,0.0000,0.0000,0.0000,0.0000,2485.0000,0.0000,0.0000,0.0000,0.0000,59,0,0,0,0,97,0,0,0,0
zc,WS301,2012-06-01 09:00:44.097,2484.0000,213918,212,0.0000,212.0000,212,0,双开,S,2485.0000,0.0000,0.0000,0.0000,0.0000,2486.0000,0.0000,0.0000,0.0000,0.0000,4,0,0,0,0,7,0,0,0,0
zc,WS301,2012-06-01 09:00:44.610,2484.0000,213918,0,0.0000,0.0000,0,0,空换,S,2485.0000,0.0000,0.0000,0.0000,0.0000,2486.0000,0.0000,0.0000,0.0000,0.0000,60,0,0,0,0,7,0,0,0,0
zc,WS301,2012-06-01 09:00:45.407,2486.0000,213916,-2,0.0000,2.0000,0,2,双平,B,2485.0000,0.0000,0.0000,0.0000,0.0000,2486.0000,0.0000,0.0000,0.0000,0.0000,68,0,0,0,0,6,0,0,0,0
zc,WS301,2012-06-01 09:00:45.610,2486.0000,213918,2,0.0000,2.0000,2,0,双开,B,2485.0000,0.0000,0.0000,0.0000,0.0000,2486.0000,0.0000,0.0000,0.0000,0.0000,100,0,0,0,0,5,0,0,0,0
zc,WS301,2012-06-01 09:00:46.377,2485.0000,213918,0,0.0000,10.0000,5,5,空换,S,2485.0000,0.0000,0.0000,0.0000,0.0000,2486.0000,0.0000,0.0000,0.0000,0.0000,97,0,0,0,0,3,0,0,0,0
zc,WS301,2012-06-01 09:00:46.847,2486.0000,213920,2,0.0000,4.0000,3,1,多开,B,2485.0000,0.0000,0.0000,0.0000,0.0000,2486.0000,0.0000,0.0000,0.0000,0.0000,89,0,0,0,0,1,0,0,0,0
zc,WS301,2012-06-01 09:00:47.610,2486.0000,213920,0,0.0000,0.0000,0,0,多换,B,2485.0000,0.0000,0.0000,0.0000,0.0000,2486.0000,0.0000,0.0000,0.0000,0.0000,80,0,0,0,0,42,0,0,0,0
zc,WS301,2012-06-01 09:00:48.297,2486.0000,213924,4,0.0000,86.0000,45,41,多开,B,2486.0000,0.0000,0.0000,0.0000,0.0000,2487.0000,0.0000,0.0000,0.0000,0.0000,2,0,0,0,0,136,0,0,0,0
zc,WS301,2012-06-01 09:00:48.923,2486.0000,213924,0,0.0000,0.0000,0,0,多换,B,2486.0000,0.0000,0.0000,0.0000,0.0000,2487.0000,0.0000,0.0000,0.0000,0.0000,204,0,0,0,0,136,0,0,0,0
zc,WS301,2012-06-01 09:00:49.580,2487.0000,213924,0,0.0000,118.0000,59,59,多换,B,2486.0000,0.0000,0.0000,0.0000,0.0000,2487.0000,0.0000,0.0000,0.0000,0.0000,203,0,0,0,0,135,0,0,0,0
zc,WS301,2012-06-01 09:00:50.110,2487.0000,213868,-56,0.0000,60.0000,2,58,空平,B,2486.0000,0.0000,0.0000,0.0000,0.0000,2487.0000,0.0000,0.0000,0.0000,0.0000,202,0,0,0,0,106,0,0,0,0
zc,WS301,2012-06-01 09:00:50.907,2487.0000,213868,0,0.0000,8.0000,4,4,多换,B,2486.0000,0.0000,0.0000,0.0000,0.0000,2487.0000,0.0000,0.0000,0.0000,0.0000,203,0,0,0,0,93,0,0,0,0
zc,WS301,2012-06-01 09:00:51.127,2487.0000,213766,-102,0.0000,156.0000,27,129,空平,B,2486.0000,0.0000,0.0000,0.0000,0.0000,2487.0000,0.0000,0.0000,0.0000,0.0000,198,0,0,0,0,20,0,0,0,0
zc,WS301,2012-06-01 09:00:51.847,2487.0000,213768,2,0.0000,42.0000,22,20,多开,B,2487.0000,0.0000,0.0000,0.0000,0.0000,2488.0000,0.0000,0.0000,0.0000,0.0000,31,0,0,0,0,30,0,0,0,0
zc,WS301,2012-06-01 09:00:52.360,2487.0000,213768,0,0.0000,6.0000,3,3,多换,B,2487.0000,0.0000,0.0000,0.0000,0.0000,2488.0000,0.0000,0.0000,0.0000,0.0000,33,0,0,0,0,30,0,0,0,0
zc,WS301,2012-06-01 09:00:53.047,2487.0000,213776,8,0.0000,8.0000,8,0,双开,B,2487.0000,0.0000,0.0000,0.0000,0.0000,2488.0000,0.0000,0.0000,0.0000,0.0000,33,0,0,0,0,54,0,0,0,0
zc,WS301,2012-06-01 09:00:53.610,2488.0000,213776,0,0.0000,12.0000,6,6,多换,B,2487.0000,0.0000,0.0000,0.0000,0.0000,2488.0000,0.0000,0.0000,0.0000,0.0000,40,0,0,0,0,48,0,0,0,0
zc,WS301,2012-06-01 09:00:54.063,2488.0000,213788,12,0.0000,16.0000,14,2,多开,B,2487.0000,0.0000,0.0000,0.0000,0.0000,2488.0000,0.0000,0.0000,0.0000,0.0000,41,0,0,0,0,64,0,0,0,0
zc,WS301,2012-06-01 09:00:54.813,2487.0000,213790,2,0.0000,8.0000,5,3,空开,S,2487.0000,0.0000,0.0000,0.0000,0.0000,2488.0000,0.0000,0.0000,0.0000,0.0000,40,0,0,0,0,83,0,0,0,0
zc,WS301,2012-06-01 09:00:55.377,2487.0000,213784,-6,0.0000,26.0000,10,16,多平,S,2487.0000,0.0000,0.0000,0.0000,0.0000,2488.0000,0.0000,0.0000,0.0000,0.0000,48,0,0,0,0,58,0,0,0,0
zc,WS301,2012-06-01 09:00:56.157,2488.0000,213672,-112,0.0000,120.0000,4,116,空平,B,2488.0000,0.0000,0.0000,0.0000,0.0000,2489.0000,0.0000,0.0000,0.0000,0.0000,1,0,0,0,0,199,0,0,0,0
zc,WS301,2012-06-01 09:00:56.643,2487.0000,213674,2,0.0000,4.0000,3,1,空开,S,2487.0000,0.0000,0.0000,0.0000,0.0000,2489.0000,0.0000,0.0000,0.0000,0.0000,58,0,0,0,0,200,0,0,0,0
zc,WS301,2012-06-01 09:00:57.377,2487.0000,213674,0,0.0000,24.0000,12,12,空换,S,2487.0000,0.0000,0.0000,0.0000,0.0000,2489.0000,0.0000,0.0000,0.0000,0.0000,49,0,0,0,0,199,0,0,0,0
zc,WS301,2012-06-01 09:00:57.847,2488.0000,213674,0,0.0000,2.0000,1,1,多换,B,2487.0000,0.0000,0.0000,0.0000,0.0000,2488.0000,0.0000,0.0000,0.0000,0.0000,50,0,0,0,0,1,0,0,0,0
zc,WS301,2012-06-01 09:00:58.377,2488.0000,213680,6,0.0000,10.0000,8,2,多开,B,2487.0000,0.0000,0.0000,0.0000,0.0000,2488.0000,0.0000,0.0000,0.0000,0.0000,50,0,0,0,0,13,0,0,0,0
zc,WS301,2012-06-01 09:00:58.847,2487.0000,213682,2,0.0000,68.0000,35,33,空开,S,2487.0000,0.0000,0.0000,0.0000,0.0000,2489.0000,0.0000,0.0000,0.0000,0.0000,47,0,0,0,0,262,0,0,0,0
zc,WS301,2012-06-01 09:00:59.813,2487.0000,213674,-8,0.0000,12.0000,2,10,多平,S,2487.0000,0.0000,0.0000,0.0000,0.0000,2488.0000,0.0000,0.0000,0.0000,0.0000,43,0,0,0,0,3,0,0,0,0
zc,WS301,2012-06-01 09:01:00.360,2488.0000,213680,6,0.0000,6.0000,6,0,双开,B,2487.0000,0.0000,0.0000,0.0000,0.0000,2488.0000,0.0000,0.0000,0.0000,0.0000,44,0,0,0,0,1,0,0,0,0
zc,WS301,2012-06-01 09:01:01.080,2488.0000,213682,2,0.0000,66.0000,34,32,多开,B,2487.0000,0.0000,0.0000,0.0000,0.0000,2488.0000,0.0000,0.0000,0.0000,0.0000,44,0,0,0,0,53,0,0,0,0
zc,WS301,2012-06-01 09:01:01.643,2488.0000,213678,-4,0.0000,6.0000,1,5,空平,B,2487.0000,0.0000,0.0000,0.0000,0.0000,2488.0000,0.0000,0.0000,0.0000,0.0000,44,0,0,0,0,56,0,0,0,0
zc,WS301,2012-06-01 09:01:02.313,2488.0000,213678,0,0.0000,30.0000,15,15,多换,B,2487.0000,0.0000,0.0000,0.0000,0.0000,2488.0000,0.0000,0.0000,0.0000,0.0000,44,0,0,0,0,42,0,0,0,0
zc,WS301,2012-06-01 09:01:02.907,2488.0000,213678,0,0.0000,0.0000,0,0,多换,B,2487.0000,0.0000,0.0000,0.0000,0.0000,2488.0000,0.0000,0.0000,0.0000,0.0000,59,0,0,0,0,48,0,0,0,0
zc,WS301,2012-06-01 09:01:03.627,2488.0000,213678,0,0.0000,0.0000,0,0,多换,B,2487.0000,0.0000,0.0000,0.0000,0.0000,2488.0000,0.0000,0.0000,0.0000,0.0000,59,0,0,0,0,64,0,0,0,0
zc,WS301,2012-06-01 09:01:04.097,2488.0000,213682,4,0.0000,140.0000,72,68,多开,B,2488.0000,0.0000,0.0000,0.0000,0.0000,2489.0000,0.0000,0.0000,0.0000,0.0000,233,0,0,0,0,197,0,0,0,0
zc,WS301,2012-06-01 09:01:04.893,2488.0000,213684,2,0.0000,130.0000,66,64,多开,B,2488.0000,0.0000,0.0000,0.0000,0.0000,2489.0000,0.0000,0.0000,0.0000,0.0000,269,0,0,0,0,197,0,0,0,0
zc,WS301,2012-06-01 09:01:05.330,2488.0000,213684,0,0.0000,2.0000,1,1,多换,B,2488.0000,0.0000,0.0000,0.0000,0.0000,2489.0000,0.0000,0.0000,0.0000,0.0000,274,0,0,0,0,197,0,0,0,0
zc,WS301,2012-06-01 09:01:06.047,2488.0000,213684,0,0.0000,2.0000,1,1,多换,B,2488.0000,0.0000,0.0000,0.0000,0.0000,2489.0000,0.0000,0.0000,0.0000,0.0000,274,0,0,0,0,197,0,0,0,0
zc,WS301,2012-06-01 09:01:06.610,2488.0000,213684,0,0.0000,14.0000,7,7,多换,B,2488.0000,0.0000,0.0000,0.0000,0.0000,2489.0000,0.0000,0.0000,0.0000,0.0000,282,0,0,0,0,192,0,0,0,0
zc,WS301,2012-06-01 09:01:07.907,2489.0000,213692,8,0.0000,70.0000,39,31,多开,B,2488.0000,0.0000,0.0000,0.0000,0.0000,2489.0000,0.0000,0.0000,0.0000,0.0000,278,0,0,0,0,166,0,0,0,0
zc,WS301,2012-06-01 09:01:08.267,2489.0000,213692,0,0.0000,4.0000,2,2,多换,B,2488.0000,0.0000,0.0000,0.0000,0.0000,2489.0000,0.0000,0.0000,0.0000,0.0000,278,0,0,0,0,164,0,0,0,0
zc,WS301,2012-06-01 09:01:08.610,2489.0000,213692,0,0.0000,0.0000,0,0,多换,B,2488.0000,0.0000,0.0000,0.0000,0.0000,2489.0000,0.0000,0.0000,0.0000,0.0000,279,0,0,0,0,164,0,0,0,0
zc,WS301,2012-06-01 09:01:09.127,2488.0000,213692,0,0.0000,2.0000,1,1,空换,S,2488.0000,0.0000,0.0000,0.0000,0.0000,2489.0000,0.0000,0.0000,0.0000,0.0000,273,0,0,0,0,165,0,0,0,0
zc,WS301,2012-06-01 09:01:09.860,2489.0000,213692,0,0.0000,14.0000,7,7,多换,B,2488.0000,0.0000,0.0000,0.0000,0.0000,2489.0000,0.0000,0.0000,0.0000,0.0000,274,0,0,0,0,160,0,0,0,0
zc,WS301,2012-06-01 09:01:10.360,2489.0000,213692,0,0.0000,12.0000,6,6,多换,B,2488.0000,0.0000,0.0000,0.0000,0.0000,2489.0000,0.0000,0.0000,0.0000,0.0000,274,0,0,0,0,164,0,0,0,0
zc,WS301,2012-06-01 09:01:10.813,2489.0000,213688,-4,0.0000,8.0000,2,6,空平,B,2488.0000,0.0000,0.0000,0.0000,0.0000,2489.0000,0.0000,0.0000,0.0000,0.0000,275,0,0,0,0,160,0,0,0,0
zc,WS301,2012-06-01 09:01:11.597,2489.0000,213684,-4,0.0000,10.0000,3,7,空平,B,2488.0000,0.0000,0.0000,0.0000,0.0000,2489.0000,0.0000,0.0000,0.0000,0.0000,274,0,0,0,0,157,0,0,0,0
zc,WS301,2012-06-01 09:01:12.110,2489.0000,213678,-6,0.0000,6.0000,0,6,双平,B,2488.0000,0.0000,0.0000,0.0000,0.0000,2489.0000,0.0000,0.0000,0.0000,0.0000,277,0,0,0,0,160,0,0,0,0
zc,WS301,2012-06-01 09:01:12.860,2489.0000,213678,0,0.0000,0.0000,0,0,多换,B,2488.0000,0.0000,0.0000,0.0000,0.0000,2489.0000,0.0000,0.0000,0.0000,0.0000,279,0,0,0,0,160,0,0,0,0
zc,WS301,2012-06-01 09:01:13.347,2489.0000,213668,-10,0.0000,124.0000,57,67,空平,B,2488.0000,0.0000,0.0000,0.0000,0.0000,2489.0000,0.0000,0.0000,0.0000,0.0000,288,0,0,0,0,98,0,0,0,0
zc,WS301,2012-06-01 09:01:13.830,2489.0000,213698,30,0.0000,198.0000,114,84,多开,B,2489.0000,0.0000,0.0000,0.0000,0.0000,2490.0000,0.0000,0.0000,0.0000,0.0000,70,0,0,0,0,169,0,0,0,0
zc,WS301,2012-06-01 09:01:14.393,2488.0000,213702,4,0.0000,8.0000,6,2,空开,S,2488.0000,0.0000,0.0000,0.0000,0.0000,2489.0000,0.0000,0.0000,0.0000,0.0000,288,0,0,0,0,1,0,0,0,0
zc,WS301,2012-06-01 09:01:15.110,2489.0000,213706,4,0.0000,8.0000,6,2,多开,B,2489.0000,0.0000,0.0000,0.0000,0.0000,2490.0000,0.0000,0.0000,0.0000,0.0000,2,0,0,0,0,169,0,0,0,0
zc,WS301,2012-06-01 09:01:15.847,2490.0000,213706,0,0.0000,6.0000,3,3,多换,B,2489.0000,0.0000,0.0000,0.0000,0.0000,2490.0000,0.0000,0.0000,0.0000,0.0000,3,0,0,0,0,166,0,0,0,0
zc,WS301,2012-06-01 09:01:16.360,2489.0000,213702,-4,0.0000,120.0000,58,62,多平,S,2489.0000,0.0000,0.0000,0.0000,0.0000,2490.0000,0.0000,0.0000,0.0000,0.0000,16,0,0,0,0,166,0,0,0,0
zc,WS301,2012-06-01 09:01:17.127,2489.0000,213702,0,0.0000,4.0000,2,2,空换,S,2489.0000,0.0000,0.0000,0.0000,0.0000,2490.0000,0.0000,0.0000,0.0000,0.0000,15,0,0,0,0,165,0,0,0,0
zc,WS301,2012-06-01 09:01:17.347,2489.0000,213708,6,0.0000,8.0000,7,1,空开,S,2489.0000,0.0000,0.0000,0.0000,0.0000,2490.0000,0.0000,0.0000,0.0000,0.0000,29,0,0,0,0,167,0,0,0,0
zc,WS301,2012-06-01 09:01:18.097,2489.0000,213710,2,0.0000,20.0000,11,9,空开,S,2489.0000,0.0000,0.0000,0.0000,0.0000,2490.0000,0.0000,0.0000,0.0000,0.0000,20,0,0,0,0,150,0,0,0,0
zc,WS301,2012-06-01 09:01:18.597,2489.0000,213702,-8,0.0000,20.0000,6,14,多平,S,2489.0000,0.0000,0.0000,0.0000,0.0000,2490.0000,0.0000,0.0000,0.0000,0.0000,32,0,0,0,0,148,0,0,0,0
zc,WS301,2012-06-01 09:01:19.377,2490.0000,213698,-4,0.0000,20.0000,8,12,空平,B,2489.0000,0.0000,0.0000,0.0000,0.0000,2490.0000,0.0000,0.0000,0.0000,0.0000,88,0,0,0,0,154,0,0,0,0
zc,WS301,2012-06-01 09:01:19.893,2489.0000,213678,-20,0.0000,30.0000,5,25,多平,S,2489.0000,0.0000,0.0000,0.0000,0.0000,2490.0000,0.0000,0.0000,0.0000,0.0000,73,0,0,0,0,154,0,0,0,0
zc,WS301,2012-06-01 09:01:20.377,2490.0000,213692,14,0.0000,32.0000,23,9,多开,B,2489.0000,0.0000,0.0000,0.0000,0.0000,2490.0000,0.0000,0.0000,0.0000,0.0000,65,0,0,0,0,139,0,0,0,0
zc,WS301,2012-06-01 09:01:21.143,2489.0000,213690,-2,0.0000,8.0000,3,5,多平,S,2489.0000,0.0000,0.0000,0.0000,0.0000,2490.0000,0.0000,0.0000,0.0000,0.0000,64,0,0,0,0,137,0,0,0,0
zc,WS301,2012-06-01 09:01:21.563,2489.0000,213694,4,0.0000,106.0000,55,51,空开,S,2489.0000,0.0000,0.0000,0.0000,0.0000,2490.0000,0.0000,0.0000,0.0000,0.0000,62,0,0,0,0,86,0,0,0,0
zc,WS301,2012-06-01 09:01:22.360,2490.0000,213694,0,0.0000,2.0000,1,1,多换,B,2489.0000,0.0000,0.0000,0.0000,0.0000,2490.0000,0.0000,0.0000,0.0000,0.0000,65,0,0,0,0,83,0,0,0,0
zc,WS301,2012-06-01 09:01:22.830,2490.0000,213694,0,0.0000,0.0000,0,0,多换,B,2489.0000,0.0000,0.0000,0.0000,0.0000,2490.0000,0.0000,0.0000,0.0000,0.0000,66,0,0,0,0,84,0,0,0,0
zc,WS301,2012-06-01 09:01:23.360,2490.0000,213694,0,0.0000,40.0000,20,20,多换,B,2489.0000,0.0000,0.0000,0.0000,0.0000,2490.0000,0.0000,0.0000,0.0000,0.0000,66,0,0,0,0,64,0,0,0,0
zc,WS301,2012-06-01 09:01:23.907,2490.0000,213702,8,0.0000,22.0000,15,7,多开,B,2489.0000,0.0000,0.0000,0.0000,0.0000,2490.0000,0.0000,0.0000,0.0000,0.0000,64,0,0,0,0,69,0,0,0,0
zc,WS301,2012-06-01 09:01:24.610,2490.0000,213716,14,0.0000,14.0000,14,0,双开,B,2489.0000,0.0000,0.0000,0.0000,0.0000,2490.0000,0.0000,0.0000,0.0000,0.0000,64,0,0,0,0,62,0,0,0,0
zc,WS301,2012-06-01 09:01:25.097,2490.0000,213804,88,0.0000,108.0000,98,10,多开,B,2489.0000,0.0000,0.0000,0.0000,0.0000,2490.0000,0.0000,0.0000,0.0000,0.0000,64,0,0,0,0,44,0,0,0,0
zc,WS301,2012-06-01 09:01:25.830,2490.0000,213806,2,0.0000,2.0000,2,0,双开,B,2489.0000,0.0000,0.0000,0.0000,0.0000,2490.0000,0.0000,0.0000,0.0000,0.0000,64,0,0,0,0,48,0,0,0,0
zc,WS301,2012-06-01 09:01:26.360,2489.0000,213832,26,0.0000,26.0000,26,0,双开,S,2489.0000,0.0000,0.0000,0.0000,0.0000,2490.0000,0.0000,0.0000,0.0000,0.0000,51,0,0,0,0,42,0,0,0,0
zc,WS301,2012-06-01 09:01:27.097,2489.0000,213834,2,0.0000,6.0000,4,2,空开,S,2489.0000,0.0000,0.0000,0.0000,0.0000,2490.0000,0.0000,0.0000,0.0000,0.0000,49,0,0,0,0,52,0,0,0,0
zc,WS301,2012-06-01 09:01:27.597,2490.0000,213836,2,0.0000,2.0000,2,0,双开,B,2489.0000,0.0000,0.0000,0.0000,0.0000,2490.0000,0.0000,0.0000,0.0000,0.0000,49,0,0,0,0,75,0,0,0,0
zc,WS301,2012-06-01 09:01:28.440,2489.0000,213928,92,0.0000,94.0000,93,1,空开,S,2489.0000,0.0000,0.0000,0.0000,0.0000,2490.0000,0.0000,0.0000,0.0000,0.0000,37,0,0,0,0,69,0,0,0,0
zc,WS301,2012-06-01 09:01:28.847,2489.0000,213928,0,0.0000,88.0000,44,44,空换,S,2488.0000,0.0000,0.0000,0.0000,0.0000,2489.0000,0.0000,0.0000,0.0000,0.0000,123,0,0,0,0,44,0,0,0,0
zc,WS301,2012-06-01 09:01:29.330,2489.0000,213928,0,0.0000,4.0000,2,2,空换,S,2488.0000,0.0000,0.0000,0.0000,0.0000,2489.0000,0.0000,0.0000,0.0000,0.0000,123,0,0,0,0,43,0,0,0,0
zc,WS301,2012-06-01 09:01:30.080,2488.0000,214046,118,0.0000,204.0000,161,43,空开,S,2488.0000,0.0000,0.0000,0.0000,0.0000,2490.0000,0.0000,0.0000,0.0000,0.0000,127,0,0,0,0,57,0,0,0,0
zc,WS301,2012-06-01 09:01:30.563,2490.0000,214046,0,0.0000,8.0000,4,4,多换,B,2488.0000,0.0000,0.0000,0.0000,0.0000,2490.0000,0.0000,0.0000,0.0000,0.0000,127,0,0,0,0,67,0,0,0,0
zc,WS301,2012-06-01 09:01:31.063,2488.0000,214286,240,0.0000,256.0000,248,8,空开,S,2487.0000,0.0000,0.0000,0.0000,0.0000,2488.0000,0.0000,0.0000,0.0000,0.0000,49,0,0,0,0,73,0,0,0,0
zc,WS301,2012-06-01 09:01:31.610,2488.0000,214288,2,0.0000,4.0000,3,1,空开,S,2487.0000,0.0000,0.0000,0.0000,0.0000,2488.0000,0.0000,0.0000,0.0000,0.0000,49,0,0,0,0,71,0,0,0,0
zc,WS301,2012-06-01 09:01:32.313,2488.0000,214288,0,0.0000,0.0000,0,0,空换,S,2487.0000,0.0000,0.0000,0.0000,0.0000,2488.0000,0.0000,0.0000,0.0000,0.0000,49,0,0,0,0,72,0,0,0,0
zc,WS301,2012-06-01 09:01:32.847,2488.0000,214296,8,0.0000,8.0000,8,0,双开,S,2487.0000,0.0000,0.0000,0.0000,0.0000,2488.0000,0.0000,0.0000,0.0000,0.0000,158,0,0,0,0,69,0,0,0,0
zc,WS301,2012-06-01 09:01:33.563,2488.0000,214298,2,0.0000,2.0000,2,0,双开,S,2487.0000,0.0000,0.0000,0.0000,0.0000,2488.0000,0.0000,0.0000,0.0000,0.0000,158,0,0,0,0,67,0,0,0,0
zc,WS301,2012-06-01 09:01:34.080,2488.0000,214306,8,0.0000,8.0000,8,0,双开,S,2487.0000,0.0000,0.0000,0.0000,0.0000,2488.0000,0.0000,0.0000,0.0000,0.0000,159,0,0,0,0,65,0,0,0,0
zc,WS301,2012-06-01 09:01:35.267,2488.0000,214306,0,0.0000,4.0000,2,2,空换,S,2487.0000,0.0000,0.0000,0.0000,0.0000,2488.0000,0.0000,0.0000,0.0000,0.0000,158,0,0,0,0,65,0,0,0,0
zc,WS301,2012-06-01 09:01:35.847,2488.0000,214340,34,0.0000,36.0000,35,1,空开,S,2487.0000,0.0000,0.0000,0.0000,0.0000,2488.0000,0.0000,0.0000,0.0000,0.0000,158,0,0,0,0,49,0,0,0,0
zc,WS301,2012-06-01 09:01:36.547,2488.0000,214340,0,0.0000,14.0000,7,7,空换,S,2487.0000,0.0000,0.0000,0.0000,0.0000,2488.0000,0.0000,0.0000,0.0000,0.0000,151,0,0,0,0,44,0,0,0,0
zc,WS301,2012-06-01 09:01:36.847,2488.0000,214342,2,0.0000,22.0000,12,10,空开,S,2487.0000,0.0000,0.0000,0.0000,0.0000,2488.0000,0.0000,0.0000,0.0000,0.0000,151,0,0,0,0,33,0,0,0,0
zc,WS301,2012-06-01 09:01:37.533,2488.0000,214350,8,0.0000,8.0000,8,0,双开,S,2487.0000,0.0000,0.0000,0.0000,0.0000,2488.0000,0.0000,0.0000,0.0000,0.0000,151,0,0,0,0,27,0,0,0,0
zc,WS301,2012-06-01 09:01:38.063,2488.0000,214370,20,0.0000,20.0000,20,0,双开,S,2487.0000,0.0000,0.0000,0.0000,0.0000,2488.0000,0.0000,0.0000,0.0000,0.0000,151,0,0,0,0,18,0,0,0,0
zc,WS301,2012-06-01 09:01:38.830,2487.0000,214386,16,0.0000,22.0000,19,3,空开,S,2487.0000,0.0000,0.0000,0.0000,0.0000,2488.0000,0.0000,0.0000,0.0000,0.0000,148,0,0,0,0,11,0,0,0,0
zc,WS301,2012-06-01 09:01:39.313,2487.0000,214386,0,0.0000,4.0000,2,2,空换,S,2487.0000,0.0000,0.0000,0.0000,0.0000,2488.0000,0.0000,0.0000,0.0000,0.0000,146,0,0,0,0,11,0,0,0,0
zc,WS301,2012-06-01 09:01:40.033,2488.0000,214388,2,0.0000,26.0000,14,12,多开,B,2488.0000,0.0000,0.0000,0.0000,0.0000,2489.0000,0.0000,0.0000,0.0000,0.0000,24,0,0,0,0,27,0,0,0,0
zc,WS301,2012-06-01 09:01:40.783,2488.0000,214390,2,0.0000,2.0000,2,0,双开,B,2488.0000,0.0000,0.0000,0.0000,0.0000,2489.0000,0.0000,0.0000,0.0000,0.0000,27,0,0,0,0,28,0,0,0,0
zc,WS301,2012-06-01 09:01:41.783,2488.0000,214390,0,0.0000,0.0000,0,0,多换,B,2488.0000,0.0000,0.0000,0.0000,0.0000,2489.0000,0.0000,0.0000,0.0000,0.0000,28,0,0,0,0,28,0,0,0,0
zc,WS301,2012-06-01 09:01:42.330,2488.0000,214390,0,0.0000,0.0000,0,0,多换,B,2488.0000,0.0000,0.0000,0.0000,0.0000,2489.0000,0.0000,0.0000,0.0000,0.0000,28,0,0,0,0,23,0,0,0,0
zc,WS301,2012-06-01 09:01:43.627,2488.0000,214392,2,0.0000,4.0000,3,1,多开,B,2488.0000,0.0000,0.0000,0.0000,0.0000,2489.0000,0.0000,0.0000,0.0000,0.0000,26,0,0,0,0,24,0,0,0,0
zc,WS301,2012-06-01 09:01:44.283,2488.0000,214392,0,0.0000,0.0000,0,0,多换,B,2488.0000,0.0000,0.0000,0.0000,0.0000,2489.0000,0.0000,0.0000,0.0000,0.0000,26,0,0,0,0,32,0,0,0,0
zc,WS301,2012-06-01 09:01:44.847,2489.0000,214392,0,0.0000,2.0000,1,1,多换,B,2488.0000,0.0000,0.0000,0.0000,0.0000,2489.0000,0.0000,0.0000,0.0000,0.0000,26,0,0,0,0,32,0,0,0,0
zc,WS301,2012-06-01 09:01:45.547,2489.0000,214392,0,0.0000,0.0000,0,0,多换,B,2488.0000,0.0000,0.0000,0.0000,0.0000,2489.0000,0.0000,0.0000,0.0000,0.0000,28,0,0,0,0,30,0,0,0,0
zc,WS301,2012-06-01 09:01:46.080,2489.0000,214394,2,0.0000,6.0000,4,2,多开,B,2488.0000,0.0000,0.0000,0.0000,0.0000,2489.0000,0.0000,0.0000,0.0000,0.0000,28,0,0,0,0,29,0,0,0,0
zc,WS301,2012-06-01 09:01:46.860,2488.0000,214418,24,0.0000,34.0000,29,5,空开,S,2488.0000,0.0000,0.0000,0.0000,0.0000,2489.0000,0.0000,0.0000,0.0000,0.0000,11,0,0,0,0,29,0,0,0,0
zc,WS301,2012-06-01 09:01:47.347,2488.0000,214418,0,0.0000,0.0000,0,0,空换,S,2488.0000,0.0000,0.0000,0.0000,0.0000,2489.0000,0.0000,0.0000,0.0000,0.0000,11,0,0,0,0,31,0,0,0,0
zc,WS301,2012-06-01 09:01:47.877,2488.0000,214420,2,0.0000,8.0000,5,3,空开,S,2488.0000,0.0000,0.0000,0.0000,0.0000,2489.0000,0.0000,0.0000,0.0000,0.0000,10,0,0,0,0,44,0,0,0,0
zc,WS301,2012-06-01 09:01:48.643,2488.0000,214420,0,0.0000,14.0000,7,7,空换,S,2488.0000,0.0000,0.0000,0.0000,0.0000,2489.0000,0.0000,0.0000,0.0000,0.0000,3,0,0,0,0,53,0,0,0,0
zc,WS301,2012-06-01 09:01:48.860,2487.0000,214426,6,0.0000,8.0000,7,1,空开,S,2487.0000,0.0000,0.0000,0.0000,0.0000,2488.0000,0.0000,0.0000,0.0000,0.0000,146,0,0,0,0,1,0,0,0,0
zc,WS301,2012-06-01 09:01:49.597,2487.0000,214426,0,0.0000,0.0000,0,0,空换,S,2487.0000,0.0000,0.0000,0.0000,0.0000,2488.0000,0.0000,0.0000,0.0000,0.0000,146,0,0,0,0,2,0,0,0,0
zc,WS301,2012-06-01 09:01:50.097,2487.0000,214426,0,0.0000,0.0000,0,0,空换,S,2487.0000,0.0000,0.0000,0.0000,0.0000,2488.0000,0.0000,0.0000,0.0000,0.0000,147,0,0,0,0,2,0,0,0,0
zc,WS301,2012-06-01 09:01:50.597,2487.0000,214426,0,0.0000,0.0000,0,0,空换,S,2487.0000,0.0000,0.0000,0.0000,0.0000,2488.0000,0.0000,0.0000,0.0000,0.0000,153,0,0,0,0,5,0,0,0,0
zc,WS301,2012-06-01 09:01:51.347,2488.0000,214428,2,0.0000,6.0000,4,2,多开,B,2487.0000,0.0000,0.0000,0.0000,0.0000,2488.0000,0.0000,0.0000,0.0000,0.0000,153,0,0,0,0,2,0,0,0,0
zc,WS301,2012-06-01 09:01:51.813,2487.0000,214422,-6,0.0000,8.0000,1,7,多平,S,2487.0000,0.0000,0.0000,0.0000,0.0000,2488.0000,0.0000,0.0000,0.0000,0.0000,150,0,0,0,0,1,0,0,0,0
zc,WS301,2012-06-01 09:01:52.627,2489.0000,214432,10,0.0000,12.0000,11,1,多开,B,2487.0000,0.0000,0.0000,0.0000,0.0000,2489.0000,0.0000,0.0000,0.0000,0.0000,150,0,0,0,0,51,0,0,0,0
zc,WS301,2012-06-01 09:01:52.893,2489.0000,214432,0,0.0000,0.0000,0,0,多换,B,2488.0000,0.0000,0.0000,0.0000,0.0000,2489.0000,0.0000,0.0000,0.0000,0.0000,4,0,0,0,0,52,0,0,0,0
zc,WS301,2012-06-01 09:01:54.063,2489.0000,214432,0,0.0000,0.0000,0,0,多换,B,2488.0000,0.0000,0.0000,0.0000,0.0000,2489.0000,0.0000,0.0000,0.0000,0.0000,5,0,0,0,0,52,0,0,0,0
zc,WS301,2012-06-01 09:01:54.847,2489.0000,214434,2,0.0000,2.0000,2,0,双开,B,2488.0000,0.0000,0.0000,0.0000,0.0000,2489.0000,0.0000,0.0000,0.0000,0.0000,5,0,0,0,0,51,0,0,0,0
zc,WS301,2012-06-01 09:01:55.847,2489.0000,214436,2,0.0000,2.0000,2,0,双开,B,2488.0000,0.0000,0.0000,0.0000,0.0000,2489.0000,0.0000,0.0000,0.0000,0.0000,5,0,0,0,0,50,0,0,0,0
zc,WS301,2012-06-01 09:01:56.580,2488.0000,214442,6,0.0000,8.0000,7,1,空开,S,2488.0000,0.0000,0.0000,0.0000,0.0000,2489.0000,0.0000,0.0000,0.0000,0.0000,17,0,0,0,0,47,0,0,0,0
zc,WS301,2012-06-01 09:01:57.063,2489.0000,214462,20,0.0000,20.0000,20,0,双开,B,2488.0000,0.0000,0.0000,0.0000,0.0000,2489.0000,0.0000,0.0000,0.0000,0.0000,10,0,0,0,0,44,0,0,0,0
zc,WS301,2012-06-01 09:01:58.063,2488.0000,214468,6,0.0000,8.0000,7,1,空开,S,2488.0000,0.0000,0.0000,0.0000,0.0000,2489.0000,0.0000,0.0000,0.0000,0.0000,10,0,0,0,0,58,0,0,0,0
zc,WS301,2012-06-01 09:01:58.847,2489.0000,214246,-222,0.0000,320.0000,49,271,空平,B,2487.0000,0.0000,0.0000,0.0000,0.0000,2489.0000,0.0000,0.0000,0.0000,0.0000,191,0,0,0,0,63,0,0,0,0
zc,WS301,2012-06-01 09:01:59.360,2489.0000,214246,0,0.0000,6.0000,3,3,多换,B,2487.0000,0.0000,0.0000,0.0000,0.0000,2489.0000,0.0000,0.0000,0.0000,0.0000,191,0,0,0,0,60,0,0,0,0
zc,WS301,2012-06-01 09:02:00.033,2489.0000,214246,0,0.0000,0.0000,0,0,多换,B,2488.0000,0.0000,0.0000,0.0000,0.0000,2489.0000,0.0000,0.0000,0.0000,0.0000,1,0,0,0,0,60,0,0,0,0
zc,WS301,2012-06-01 09:02:01.080,2488.0000,214246,0,0.0000,2.0000,1,1,空换,S,2487.0000,0.0000,0.0000,0.0000,0.0000,2489.0000,0.0000,0.0000,0.0000,0.0000,192,0,0,0,0,59,0,0,0,0
zc,WS301,2012-06-01 09:02:01.877,2488.0000,214246,0,0.0000,0.0000,0,0,空换,S,2487.0000,0.0000,0.0000,0.0000,0.0000,2488.0000,0.0000,0.0000,0.0000,0.0000,192,0,0,0,0,1,0,0,0,0
zc,WS301,2012-06-01 09:02:02.330,2488.0000,214246,0,0.0000,0.0000,0,0,空换,S,2487.0000,0.0000,0.0000,0.0000,0.0000,2488.0000,0.0000,0.0000,0.0000,0.0000,192,0,0,0,0,2,0,0,0,0
zc,WS301,2012-06-01 09:02:03.907,2488.0000,214248,2,0.0000,18.0000,10,8,空开,S,2488.0000,0.0000,0.0000,0.0000,0.0000,2489.0000,0.0000,0.0000,0.0000,0.0000,1,0,0,0,0,62,0,0,0,0
zc,WS301,2012-06-01 09:02:04.347,2488.0000,214250,2,0.0000,2.0000,2,0,双开,S,2487.0000,0.0000,0.0000,0.0000,0.0000,2488.0000,0.0000,0.0000,0.0000,0.0000,144,0,0,0,0,1,0,0,0,0
zc,WS301,2012-06-01 09:02:05.097,2488.0000,214250,0,0.0000,0.0000,0,0,空换,S,2487.0000,0.0000,0.0000,0.0000,0.0000,2488.0000,0.0000,0.0000,0.0000,0.0000,144,0,0,0,0,4,0,0,0,0
zc,WS301,2012-06-01 09:02:05.563,2488.0000,214254,4,0.0000,4.0000,4,0,双开,S,2487.0000,0.0000,0.0000,0.0000,0.0000,2488.0000,0.0000,0.0000,0.0000,0.0000,144,0,0,0,0,2,0,0,0,0
zc,WS301,2012-06-01 09:02:06.063,2488.0000,214254,0,0.0000,0.0000,0,0,空换,S,2487.0000,0.0000,0.0000,0.0000,0.0000,2488.0000,0.0000,0.0000,0.0000,0.0000,144,0,0,0,0,8,0,0,0,0
zc,WS301,2012-06-01 09:02:06.860,2488.0000,214254,0,0.0000,0.0000,0,0,空换,S,2487.0000,0.0000,0.0000,0.0000,0.0000,2488.0000,0.0000,0.0000,0.0000,0.0000,153,0,0,0,0,18,0,0,0,0
zc,WS301,2012-06-01 09:02:07.283,2488.0000,214274,20,0.0000,36.0000,28,8,空开,S,2487.0000,0.0000,0.0000,0.0000,0.0000,2488.0000,0.0000,0.0000,0.0000,0.0000,152,0,0,0,0,1,0,0,0,0
zc,WS301,2012-06-01 09:02:08.267,2488.0000,214278,4,0.0000,8.0000,6,2,空开,S,2488.0000,0.0000,0.0000,0.0000,0.0000,2489.0000,0.0000,0.0000,0.0000,0.0000,44,0,0,0,0,110,0,0,0,0
zc,WS301,2012-06-01 09:02:08.407,2489.0000,214278,0,0.0000,2.0000,1,1,多换,B,2488.0000,0.0000,0.0000,0.0000,0.0000,2489.0000,0.0000,0.0000,0.0000,0.0000,44,0,0,0,0,110,0,0,0,0
zc,WS301,2012-06-01 09:02:09.047,2488.0000,214282,4,0.0000,16.0000,10,6,空开,S,2488.0000,0.0000,0.0000,0.0000,0.0000,2489.0000,0.0000,0.0000,0.0000,0.0000,36,0,0,0,0,112,0,0,0,0
zc,WS301,2012-06-01 09:02:09.533,2488.0000,214282,0,0.0000,2.0000,1,1,空换,S,2488.0000,0.0000,0.0000,0.0000,0.0000,2489.0000,0.0000,0.0000,0.0000,0.0000,35,0,0,0,0,113,0,0,0,0
zc,WS301,2012-06-01 09:02:10.047,2488.0000,214284,2,0.0000,2.0000,2,0,双开,S,2488.0000,0.0000,0.0000,0.0000,0.0000,2489.0000,0.0000,0.0000,0.0000,0.0000,35,0,0,0,0,114,0,0,0,0
zc,WS301,2012-06-01 09:02:10.797,2488.0000,214284,0,0.0000,2.0000,1,1,空换,S,2488.0000,0.0000,0.0000,0.0000,0.0000,2489.0000,0.0000,0.0000,0.0000,0.0000,34,0,0,0,0,115,0,0,0,0
zc,WS301,2012-06-01 09:02:11.330,2488.0000,214284,0,0.0000,4.0000,2,2,空换,S,2488.0000,0.0000,0.0000,0.0000,0.0000,2489.0000,0.0000,0.0000,0.0000,0.0000,32,0,0,0,0,116,0,0,0,0
zc,WS301,2012-06-01 09:02:12.110,2488.0000,214284,0,0.0000,4.0000,2,2,空换,S,2488.0000,0.0000,0.0000,0.0000,0.0000,2489.0000,0.0000,0.0000,0.0000,0.0000,30,0,0,0,0,116,0,0,0,0
zc,WS301,2012-06-01 09:02:12.533,2488.0000,214284,0,0.0000,22.0000,11,11,空换,S,2488.0000,0.0000,0.0000,0.0000,0.0000,2489.0000,0.0000,0.0000,0.0000,0.0000,19,0,0,0,0,116,0,0,0,0
zc,WS301,2012-06-01 09:02:13.063,2488.0000,214284,0,0.0000,2.0000,1,1,空换,S,2488.0000,0.0000,0.0000,0.0000,0.0000,2489.0000,0.0000,0.0000,0.0000,0.0000,21,0,0,0,0,118,0,0,0,0
zc,WS301,2012-06-01 09:02:13.580,2488.0000,214284,0,0.0000,0.0000,0,0,空换,S,2488.0000,0.0000,0.0000,0.0000,0.0000,2489.0000,0.0000,0.0000,0.0000,0.0000,21,0,0,0,0,108,0,0,0,0
zc,WS301,2012-06-01 09:02:14.330,2488.0000,214314,30,0.0000,42.0000,36,6,空开,S,2487.0000,0.0000,0.0000,0.0000,0.0000,2488.0000,0.0000,0.0000,0.0000,0.0000,152,0,0,0,0,32,0,0,0,0
zc,WS301,2012-06-01 09:02:14.813,2488.0000,214374,60,0.0000,64.0000,62,2,空开,S,2488.0000,0.0000,0.0000,0.0000,0.0000,2489.0000,0.0000,0.0000,0.0000,0.0000,18,0,0,0,0,102,0,0,0,0
zc,WS301,2012-06-01 09:02:15.283,2489.0000,214380,6,0.0000,12.0000,9,3,多开,B,2488.0000,0.0000,0.0000,0.0000,0.0000,2489.0000,0.0000,0.0000,0.0000,0.0000,17,0,0,0,0,97,0,0,0,0
zc,WS301,2012-06-01 09:02:16.110,2488.0000,214380,0,0.0000,2.0000,1,1,空换,S,2488.0000,0.0000,0.0000,0.0000,0.0000,2489.0000,0.0000,0.0000,0.0000,0.0000,16,0,0,0,0,98,0,0,0,0
zc,WS301,2012-06-01 09:02:16.547,2488.0000,214400,20,0.0000,20.0000,20,0,双开,S,2488.0000,0.0000,0.0000,0.0000,0.0000,2489.0000,0.0000,0.0000,0.0000,0.0000,6,0,0,0,0,98,0,0,0,0
zc,WS301,2012-06-01 09:02:17.063,2488.0000,214434,34,0.0000,40.0000,37,3,空开,S,2487.0000,0.0000,0.0000,0.0000,0.0000,2488.0000,0.0000,0.0000,0.0000,0.0000,143,0,0,0,0,52,0,0,0,0
zc,WS301,2012-06-01 09:02:17.597,2487.0000,214436,2,0.0000,2.0000,2,0,双开,S,2487.0000,0.0000,0.0000,0.0000,0.0000,2488.0000,0.0000,0.0000,0.0000,0.0000,142,0,0,0,0,51,0,0,0,0
zc,WS301,2012-06-01 09:02:18.313,2487.0000,214438,2,0.0000,2.0000,2,0,双开,S,2487.0000,0.0000,0.0000,0.0000,0.0000,2488.0000,0.0000,0.0000,0.0000,0.0000,141,0,0,0,0,50,0,0,0,0
zc,WS301,2012-06-01 09:02:19.110,2488.0000,214438,0,0.0000,2.0000,1,1,多换,B,2487.0000,0.0000,0.0000,0.0000,0.0000,2488.0000,0.0000,0.0000,0.0000,0.0000,141,0,0,0,0,57,0,0,0,0
zc,WS301,2012-06-01 09:02:19.580,2488.0000,214438,0,0.0000,4.0000,2,2,多换,B,2487.0000,0.0000,0.0000,0.0000,0.0000,2488.0000,0.0000,0.0000,0.0000,0.0000,141,0,0,0,0,55,0,0,0,0
zc,WS301,2012-06-01 09:02:20.080,2488.0000,214438,0,0.0000,6.0000,3,3,多换,B,2487.0000,0.0000,0.0000,0.0000,0.0000,2488.0000,0.0000,0.0000,0.0000,0.0000,141,0,0,0,0,56,0,0,0,0
zc,WS301,2012-06-01 09:02:20.813,2488.0000,214438,0,0.0000,0.0000,0,0,多换,B,2487.0000,0.0000,0.0000,0.0000,0.0000,2488.0000,0.0000,0.0000,0.0000,0.0000,143,0,0,0,0,58,0,0,0,0
zc,WS301,2012-06-01 09:02:21.313,2487.0000,214424,-14,0.0000,16.0000,1,15,多平,S,2487.0000,0.0000,0.0000,0.0000,0.0000,2488.0000,0.0000,0.0000,0.0000,0.0000,165,0,0,0,0,58,0,0,0,0
zc,WS301,2012-06-01 09:02:22.143,2488.0000,214420,-4,0.0000,92.0000,44,48,空平,B,2487.0000,0.0000,0.0000,0.0000,0.0000,2488.0000,0.0000,0.0000,0.0000,0.0000,163,0,0,0,0,15,0,0,0,0
zc,WS301,2012-06-01 09:02:22.517,2488.0000,214420,0,0.0000,2.0000,1,1,多换,B,2487.0000,0.0000,0.0000,0.0000,0.0000,2488.0000,0.0000,0.0000,0.0000,0.0000,163,0,0,0,0,18,0,0,0,0
zc,WS301,2012-06-01 09:02:23.813,2487.0000,214420,0,0.0000,4.0000,2,2,空换,S,2487.0000,0.0000,0.0000,0.0000,0.0000,2488.0000,0.0000,0.0000,0.0000,0.0000,161,0,0,0,0,22,0,0,0,0
zc,WS301,2012-06-01 09:02:24.063,2487.0000,214420,0,0.0000,0.0000,0,0,空换,S,2487.0000,0.0000,0.0000,0.0000,0.0000,2488.0000,0.0000,0.0000,0.0000,0.0000,163,0,0,0,0,20,0,0,0,0
zc,WS301,2012-06-01 09:02:24.797,2487.0000,214418,-2,0.0000,2.0000,0,2,双平,S,2487.0000,0.0000,0.0000,0.0000,0.0000,2488.0000,0.0000,0.0000,0.0000,0.0000,162,0,0,0,0,20,0,0,0,0
zc,WS301,2012-06-01 09:02:25.347,2488.0000,214430,12,0.0000,32.0000,22,10,多开,B,2487.0000,0.0000,0.0000,0.0000,0.0000,2488.0000,0.0000,0.0000,0.0000,0.0000,162,0,0,0,0,4,0,0,0,0
zc,WS301,2012-06-01 09:02:26.080,2487.0000,214422,-8,0.0000,10.0000,1,9,多平,S,2487.0000,0.0000,0.0000,0.0000,0.0000,2488.0000,0.0000,0.0000,0.0000,0.0000,157,0,0,0,0,6,0,0,0,0
zc,WS301,2012-06-01 09:02:26.610,2487.0000,214422,0,0.0000,8.0000,4,4,空换,S,2487.0000,0.0000,0.0000,0.0000,0.0000,2488.0000,0.0000,0.0000,0.0000,0.0000,153,0,0,0,0,6,0,0,0,0
zc,WS301,2012-06-01 09:02:27.080,2488.0000,214422,0,0.0000,2.0000,1,1,多换,B,2487.0000,0.0000,0.0000,0.0000,0.0000,2488.0000,0.0000,0.0000,0.0000,0.0000,152,0,0,0,0,6,0,0,0,0
zc,WS301,2012-06-01 09:02:27.830,2488.0000,214422,0,0.0000,0.0000,0,0,多换,B,2487.0000,0.0000,0.0000,0.0000,0.0000,2488.0000,0.0000,0.0000,0.0000,0.0000,152,0,0,0,0,9,0,0,0,0
zc,WS301,2012-06-01 09:02:28.330,2488.0000,214426,4,0.0000,34.0000,19,15,多开,B,2488.0000,0.0000,0.0000,0.0000,0.0000,2489.0000,0.0000,0.0000,0.0000,0.0000,8,0,0,0,0,107,0,0,0,0
zc,WS301,2012-06-01 09:02:29.127,2488.0000,214430,4,0.0000,14.0000,9,5,多开,B,2488.0000,0.0000,0.0000,0.0000,0.0000,2489.0000,0.0000,0.0000,0.0000,0.0000,1,0,0,0,0,107,0,0,0,0
zc,WS301,2012-06-01 09:02:29.563,2488.0000,214430,0,0.0000,0.0000,0,0,多换,B,2488.0000,0.0000,0.0000,0.0000,0.0000,2489.0000,0.0000,0.0000,0.0000,0.0000,7,0,0,0,0,107,0,0,0,0
zc,WS301,2012-06-01 09:02:30.033,2487.0000,214444,14,0.0000,24.0000,19,5,空开,S,2487.0000,0.0000,0.0000,0.0000,0.0000,2489.0000,0.0000,0.0000,0.0000,0.0000,179,0,0,0,0,107,0,0,0,0
zc,WS301,2012-06-01 09:02:30.547,2487.0000,214444,0,0.0000,0.0000,0,0,空换,S,2487.0000,0.0000,0.0000,0.0000,0.0000,2488.0000,0.0000,0.0000,0.0000,0.0000,179,0,0,0,0,83,0,0,0,0
zc,WS301,2012-06-01 09:02:31.283,2487.0000,214444,0,0.0000,0.0000,0,0,空换,S,2487.0000,0.0000,0.0000,0.0000,0.0000,2488.0000,0.0000,0.0000,0.0000,0.0000,179,0,0,0,0,88,0,0,0,0
zc,WS301,2012-06-01 09:02:31.813,2487.0000,214444,0,0.0000,0.0000,0,0,空换,S,2487.0000,0.0000,0.0000,0.0000,0.0000,2488.0000,0.0000,0.0000,0.0000,0.0000,189,0,0,0,0,88,0,0,0,0
zc,WS301,2012-06-01 09:02:32.297,2487.0000,214444,0,0.0000,0.0000,0,0,空换,S,2487.0000,0.0000,0.0000,0.0000,0.0000,2488.0000,0.0000,0.0000,0.0000,0.0000,196,0,0,0,0,91,0,0,0,0
zc,WS301,2012-06-01 09:02:33.547,2487.0000,214444,0,0.0000,2.0000,1,1,空换,S,2487.0000,0.0000,0.0000,0.0000,0.0000,2488.0000,0.0000,0.0000,0.0000,0.0000,195,0,0,0,0,96,0,0,0,0
zc,WS301,2012-06-01 09:02:34.330,2488.0000,214444,0,0.0000,2.0000,1,1,多换,B,2487.0000,0.0000,0.0000,0.0000,0.0000,2488.0000,0.0000,0.0000,0.0000,0.0000,195,0,0,0,0,95,0,0,0,0
zc,WS301,2012-06-01 09:02:34.860,2488.0000,214444,0,0.0000,0.0000,0,0,多换,B,2487.0000,0.0000,0.0000,0.0000,0.0000,2488.0000,0.0000,0.0000,0.0000,0.0000,195,0,0,0,0,98,0,0,0,0
zc,WS301,2012-06-01 09:02:35.297,2488.0000,214444,0,0.0000,4.0000,2,2,多换,B,2487.0000,0.0000,0.0000,0.0000,0.0000,2488.0000,0.0000,0.0000,0.0000,0.0000,196,0,0,0,0,96,0,0,0,0
zc,WS301,2012-06-01 09:02:35.767,2487.0000,214444,0,0.0000,2.0000,1,1,空换,S,2487.0000,0.0000,0.0000,0.0000,0.0000,2488.0000,0.0000,0.0000,0.0000,0.0000,195,0,0,0,0,99,0,0,0,0
zc,WS301,2012-06-01 09:02:36.563,2488.0000,214444,0,0.0000,102.0000,51,51,多换,B,2487.0000,0.0000,0.0000,0.0000,0.0000,2488.0000,0.0000,0.0000,0.0000,0.0000,195,0,0,0,0,48,0,0,0,0
zc,WS301,2012-06-01 09:02:37.097,2488.0000,214444,0,0.0000,0.0000,0,0,多换,B,2487.0000,0.0000,0.0000,0.0000,0.0000,2488.0000,0.0000,0.0000,0.0000,0.0000,195,0,0,0,0,52,0,0,0,0
zc,WS301,2012-06-01 09:02:38.313,2487.0000,214444,0,0.0000,26.0000,13,13,空换,S,2487.0000,0.0000,0.0000,0.0000,0.0000,2488.0000,0.0000,0.0000,0.0000,0.0000,185,0,0,0,0,49,0,0,0,0
zc,WS301,2012-06-01 09:02:39.580,2487.0000,214444,0,0.0000,0.0000,0,0,空换,S,2487.0000,0.0000,0.0000,0.0000,0.0000,2488.0000,0.0000,0.0000,0.0000,0.0000,185,0,0,0,0,50,0,0,0,0
zc,WS301,2012-06-01 09:02:40.097,2487.0000,214442,-2,0.0000,2.0000,0,2,双平,S,2487.0000,0.0000,0.0000,0.0000,0.0000,2488.0000,0.0000,0.0000,0.0000,0.0000,184,0,0,0,0,53,0,0,0,0
zc,WS301,2012-06-01 09:02:40.813,2488.0000,214442,0,0.0000,4.0000,2,2,多换,B,2487.0000,0.0000,0.0000,0.0000,0.0000,2488.0000,0.0000,0.0000,0.0000,0.0000,183,0,0,0,0,52,0,0,0,0
zc,WS301,2012-06-01 09:02:41.393,2487.0000,214442,0,0.0000,2.0000,1,1,空换,S,2487.0000,0.0000,0.0000,0.0000,0.0000,2488.0000,0.0000,0.0000,0.0000,0.0000,182,0,0,0,0,52,0,0,0,0
zc,WS301,2012-06-01 09:02:41.830,2487.0000,214442,0,0.0000,6.0000,3,3,空换,S,2487.0000,0.0000,0.0000,0.0000,0.0000,2488.0000,0.0000,0.0000,0.0000,0.0000,179,0,0,0,0,70,0,0,0,0
zc,WS301,2012-06-01 09:02:42.423,2487.0000,214440,-2,0.0000,2.0000,0,2,双平,S,2487.0000,0.0000,0.0000,0.0000,0.0000,2488.0000,0.0000,0.0000,0.0000,0.0000,178,0,0,0,0,72,0,0,0,0
zc,WS301,2012-06-01 09:02:43.047,2488.0000,214440,0,0.0000,10.0000,5,5,多换,B,2487.0000,0.0000,0.0000,0.0000,0.0000,2488.0000,0.0000,0.0000,0.0000,0.0000,178,0,0,0,0,67,0,0,0,0
zc,WS301,2012-06-01 09:02:43.627,2488.0000,214440,0,0.0000,2.0000,1,1,多换,B,2487.0000,0.0000,0.0000,0.0000,0.0000,2488.0000,0.0000,0.0000,0.0000,0.0000,208,0,0,0,0,66,0,0,0,0
zc,WS301,2012-06-01 09:02:44.313,2488.0000,214440,0,0.0000,20.0000,10,10,多换,B,2487.0000,0.0000,0.0000,0.0000,0.0000,2488.0000,0.0000,0.0000,0.0000,0.0000,208,0,0,0,0,59,0,0,0,0
zc,WS301,2012-06-01 09:02:45.110,2488.0000,214428,-12,0.0000,18.0000,3,15,空平,B,2487.0000,0.0000,0.0000,0.0000,0.0000,2488.0000,0.0000,0.0000,0.0000,0.0000,208,0,0,0,0,55,0,0,0,0
zc,WS301,2012-06-01 09:02:45.563,2488.0000,214428,0,0.0000,0.0000,0,0,多换,B,2487.0000,0.0000,0.0000,0.0000,0.0000,2488.0000,0.0000,0.0000,0.0000,0.0000,207,0,0,0,0,55,0,0,0,0
zc,WS301,2012-06-01 09:02:46.063,2488.0000,214428,0,0.0000,0.0000,0,0,多换,B,2487.0000,0.0000,0.0000,0.0000,0.0000,2488.0000,0.0000,0.0000,0.0000,0.0000,207,0,0,0,0,56,0,0,0,0
zc,WS301,2012-06-01 09:02:46.547,2488.0000,214432,4,0.0000,14.0000,9,5,多开,B,2487.0000,0.0000,0.0000,0.0000,0.0000,2488.0000,0.0000,0.0000,0.0000,0.0000,208,0,0,0,0,49,0,0,0,0
zc,WS301,2012-06-01 09:02:47.547,2488.0000,214432,0,0.0000,0.0000,0,0,多换,B,2487.0000,0.0000,0.0000,0.0000,0.0000,2488.0000,0.0000,0.0000,0.0000,0.0000,208,0,0,0,0,50,0,0,0,0
zc,WS301,2012-06-01 09:02:49.017,2487.0000,214430,-2,0.0000,2.0000,0,2,双平,S,2487.0000,0.0000,0.0000,0.0000,0.0000,2488.0000,0.0000,0.0000,0.0000,0.0000,207,0,0,0,0,50,0,0,0,0
zc,WS301,2012-06-01 09:02:49.533,2487.0000,214428,-2,0.0000,2.0000,0,2,双平,S,2487.0000,0.0000,0.0000,0.0000,0.0000,2488.0000,0.0000,0.0000,0.0000,0.0000,207,0,0,0,0,50,0,0,0,0
zc,WS301,2012-06-01 09:02:50.330,2488.0000,214430,2,0.0000,2.0000,2,0,双开,B,2487.0000,0.0000,0.0000,0.0000,0.0000,2488.0000,0.0000,0.0000,0.0000,0.0000,207,0,0,0,0,47,0,0,0,0
zc,WS301,2012-06-01 09:02:50.533,2488.0000,214434,4,0.0000,4.0000,4,0,双开,B,2487.0000,0.0000,0.0000,0.0000,0.0000,2488.0000,0.0000,0.0000,0.0000,0.0000,207,0,0,0,0,56,0,0,0,0
zc,WS301,2012-06-01 09:02:51.297,2488.0000,214434,0,0.0000,0.0000,0,0,多换,B,2487.0000,0.0000,0.0000,0.0000,0.0000,2488.0000,0.0000,0.0000,0.0000,0.0000,207,0,0,0,0,55,0,0,0,0
zc,WS301,2012-06-01 09:02:51.813,2487.0000,214414,-20,0.0000,20.0000,0,20,双平,S,2487.0000,0.0000,0.0000,0.0000,0.0000,2488.0000,0.0000,0.0000,0.0000,0.0000,197,0,0,0,0,60,0,0,0,0
zc,WS301,2012-06-01 09:02:52.580,2487.0000,214414,0,0.0000,0.0000,0,0,空换,S,2487.0000,0.0000,0.0000,0.0000,0.0000,2488.0000,0.0000,0.0000,0.0000,0.0000,167,0,0,0,0,61,0,0,0,0
zc,WS301,2012-06-01 09:02:53.143,2488.0000,214504,90,0.0000,152.0000,121,31,多开,B,2488.0000,0.0000,0.0000,0.0000,0.0000,2489.0000,0.0000,0.0000,0.0000,0.0000,28,0,0,0,0,129,0,0,0,0
zc,WS301,2012-06-01 09:02:53.783,2488.0000,214562,58,0.0000,58.0000,58,0,双开,B,2487.0000,0.0000,0.0000,0.0000,0.0000,2488.0000,0.0000,0.0000,0.0000,0.0000,169,0,0,0,0,124,0,0,0,0
zc,WS301,2012-06-01 09:02:54.813,2487.0000,214522,-40,0.0000,100.0000,30,70,多平,S,2487.0000,0.0000,0.0000,0.0000,0.0000,2488.0000,0.0000,0.0000,0.0000,0.0000,119,0,0,0,0,124,0,0,0,0
zc,WS301,2012-06-01 09:02:55.563,2487.0000,214522,0,0.0000,2.0000,1,1,空换,S,2487.0000,0.0000,0.0000,0.0000,0.0000,2488.0000,0.0000,0.0000,0.0000,0.0000,118,0,0,0,0,124,0,0,0,0
zc,WS301,2012-06-01 09:02:55.783,2487.0000,214694,172,0.0000,236.0000,204,32,空开,S,2486.0000,0.0000,0.0000,0.0000,0.0000,2487.0000,0.0000,0.0000,0.0000,0.0000,222,0,0,0,0,31,0,0,0,0
zc,WS301,2012-06-01 09:02:56.517,2487.0000,214694,0,0.0000,0.0000,0,0,空换,S,2486.0000,0.0000,0.0000,0.0000,0.0000,2488.0000,0.0000,0.0000,0.0000,0.0000,222,0,0,0,0,125,0,0,0,0
zc,WS301,2012-06-01 09:02:57.173,2488.0000,214754,60,0.0000,60.0000,60,0,双开,B,2486.0000,0.0000,0.0000,0.0000,0.0000,2488.0000,0.0000,0.0000,0.0000,0.0000,222,0,0,0,0,95,0,0,0,0
zc,WS301,2012-06-01 09:02:57.813,2486.0000,214754,0,0.0000,16.0000,8,8,空换,S,2486.0000,0.0000,0.0000,0.0000,0.0000,2488.0000,0.0000,0.0000,0.0000,0.0000,215,0,0,0,0,116,0,0,0,0
zc,WS301,2012-06-01 09:02:58.110,2486.0000,214754,0,0.0000,0.0000,0,0,空换,S,2486.0000,0.0000,0.0000,0.0000,0.0000,2487.0000,0.0000,0.0000,0.0000,0.0000,215,0,0,0,0,10,0,0,0,0
zc,WS301,2012-06-01 09:02:58.813,2487.0000,214754,0,0.0000,10.0000,5,5,多换,B,2486.0000,0.0000,0.0000,0.0000,0.0000,2487.0000,0.0000,0.0000,0.0000,0.0000,215,0,0,0,0,5,0,0,0,0
zc,WS301,2012-06-01 09:02:59.547,2487.0000,214754,0,0.0000,2.0000,1,1,多换,B,2486.0000,0.0000,0.0000,0.0000,0.0000,2487.0000,0.0000,0.0000,0.0000,0.0000,215,0,0,0,0,4,0,0,0,0
zc,WS301,2012-06-01 09:03:00.097,2487.0000,214754,0,0.0000,0.0000,0,0,多换,B,2486.0000,0.0000,0.0000,0.0000,0.0000,2487.0000,0.0000,0.0000,0.0000,0.0000,216,0,0,0,0,4,0,0,0,0
zc,WS301,2012-06-01 09:03:01.080,2487.0000,214754,0,0.0000,2.0000,1,1,多换,B,2486.0000,0.0000,0.0000,0.0000,0.0000,2487.0000,0.0000,0.0000,0.0000,0.0000,226,0,0,0,0,3,0,0,0,0
zc,WS301,2012-06-01 09:03:01.813,2487.0000,214754,0,0.0000,0.0000,0,0,多换,B,2486.0000,0.0000,0.0000,0.0000,0.0000,2487.0000,0.0000,0.0000,0.0000,0.0000,231,0,0,0,0,3,0,0,0,0
zc,WS301,2012-06-01 09:03:02.063,2487.0000,214754,0,0.0000,0.0000,0,0,多换,B,2486.0000,0.0000,0.0000,0.0000,0.0000,2487.0000,0.0000,0.0000,0.0000,0.0000,232,0,0,0,0,4,0,0,0,0
zc,WS301,2012-06-01 09:03:03.313,2487.0000,214764,10,0.0000,16.0000,13,3,多开,B,2486.0000,0.0000,0.0000,0.0000,0.0000,2487.0000,0.0000,0.0000,0.0000,0.0000,247,0,0,0,0,2,0,0,0,0
zc,WS301,2012-06-01 09:03:04.047,2487.0000,214766,2,0.0000,2.0000,2,0,双开,B,2486.0000,0.0000,0.0000,0.0000,0.0000,2487.0000,0.0000,0.0000,0.0000,0.0000,247,0,0,0,0,1,0,0,0,0
zc,WS301,2012-06-01 09:03:04.563,2487.0000,214766,0,0.0000,0.0000,0,0,多换,B,2486.0000,0.0000,0.0000,0.0000,0.0000,2487.0000,0.0000,0.0000,0.0000,0.0000,247,0,0,0,0,38,0,0,0,0
zc,WS301,2012-06-01 09:03:05.033,2487.0000,214766,0,0.0000,0.0000,0,0,多换,B,2486.0000,0.0000,0.0000,0.0000,0.0000,2487.0000,0.0000,0.0000,0.0000,0.0000,240,0,0,0,0,38,0,0,0,0
zc,WS301,2012-06-01 09:03:05.847,2486.0000,214840,74,0.0000,110.0000,92,18,空开,S,2486.0000,0.0000,0.0000,0.0000,0.0000,2487.0000,0.0000,0.0000,0.0000,0.0000,193,0,0,0,0,83,0,0,0,0
zc,WS301,2012-06-01 09:03:06.347,2486.0000,214840,0,0.0000,0.0000,0,0,空换,S,2486.0000,0.0000,0.0000,0.0000,0.0000,2487.0000,0.0000,0.0000,0.0000,0.0000,193,0,0,0,0,84,0,0,0,0
zc,WS301,2012-06-01 09:03:07.033,2486.0000,214840,0,0.0000,0.0000,0,0,空换,S,2486.0000,0.0000,0.0000,0.0000,0.0000,2487.0000,0.0000,0.0000,0.0000,0.0000,193,0,0,0,0,96,0,0,0,0
zc,WS301,2012-06-01 09:03:07.297,2486.0000,214840,0,0.0000,10.0000,5,5,空换,S,2486.0000,0.0000,0.0000,0.0000,0.0000,2487.0000,0.0000,0.0000,0.0000,0.0000,188,0,0,0,0,99,0,0,0,0
zc,WS301,2012-06-01 09:03:08.267,2486.0000,214840,0,0.0000,4.0000,2,2,空换,S,2486.0000,0.0000,0.0000,0.0000,0.0000,2487.0000,0.0000,0.0000,0.0000,0.0000,187,0,0,0,0,99,0,0,0,0
zc,WS301,2012-06-01 09:03:08.610,2486.0000,214840,0,0.0000,0.0000,0,0,空换,S,2486.0000,0.0000,0.0000,0.0000,0.0000,2487.0000,0.0000,0.0000,0.0000,0.0000,186,0,0,0,0,99,0,0,0,0
zc,WS301,2012-06-01 09:03:09.330,2486.0000,214840,0,0.0000,0.0000,0,0,空换,S,2486.0000,0.0000,0.0000,0.0000,0.0000,2487.0000,0.0000,0.0000,0.0000,0.0000,188,0,0,0,0,101,0,0,0,0
zc,WS301,2012-06-01 09:03:10.080,2486.0000,214840,0,0.0000,2.0000,1,1,空换,S,2486.0000,0.0000,0.0000,0.0000,0.0000,2487.0000,0.0000,0.0000,0.0000,0.0000,187,0,0,0,0,101,0,0,0,0
zc,WS301,2012-06-01 09:03:11.097,2487.0000,214846,6,0.0000,20.0000,13,7,多开,B,2486.0000,0.0000,0.0000,0.0000,0.0000,2487.0000,0.0000,0.0000,0.0000,0.0000,184,0,0,0,0,94,0,0,0,0
zc,WS301,2012-06-01 09:03:11.580,2486.0000,214846,0,0.0000,16.0000,8,8,空换,S,2486.0000,0.0000,0.0000,0.0000,0.0000,2487.0000,0.0000,0.0000,0.0000,0.0000,177,0,0,0,0,94,0,0,0,0
zc,WS301,2012-06-01 09:03:12.330,2486.0000,214846,0,0.0000,0.0000,0,0,空换,S,2486.0000,0.0000,0.0000,0.0000,0.0000,2487.0000,0.0000,0.0000,0.0000,0.0000,179,0,0,0,0,94,0,0,0,0
zc,WS301,2012-06-01 09:03:12.813,2486.0000,215150,304,0.0000,360.0000,332,28,空开,S,2485.0000,0.0000,0.0000,0.0000,0.0000,2486.0000,0.0000,0.0000,0.0000,0.0000,150,0,0,0,0,121,0,0,0,0
zc,WS301,2012-06-01 09:03:13.813,2485.0000,215152,2,0.0000,2.0000,2,0,双开,S,2485.0000,0.0000,0.0000,0.0000,0.0000,2486.0000,0.0000,0.0000,0.0000,0.0000,149,0,0,0,0,121,0,0,0,0
zc,WS301,2012-06-01 09:03:14.627,2485.0000,215152,0,0.0000,0.0000,0,0,空换,S,2485.0000,0.0000,0.0000,0.0000,0.0000,2486.0000,0.0000,0.0000,0.0000,0.0000,149,0,0,0,0,122,0,0,0,0
zc,WS301,2012-06-01 09:03:15.407,2485.0000,215152,0,0.0000,0.0000,0,0,空换,S,2485.0000,0.0000,0.0000,0.0000,0.0000,2486.0000,0.0000,0.0000,0.0000,0.0000,149,0,0,0,0,123,0,0,0,0
zc,WS301,2012-06-01 09:03:15.797,2485.0000,215150,-2,0.0000,4.0000,1,3,多平,S,2485.0000,0.0000,0.0000,0.0000,0.0000,2486.0000,0.0000,0.0000,0.0000,0.0000,197,0,0,0,0,123,0,0,0,0
zc,WS301,2012-06-01 09:03:16.347,2485.0000,215142,-8,0.0000,8.0000,0,8,双平,S,2485.0000,0.0000,0.0000,0.0000,0.0000,2486.0000,0.0000,0.0000,0.0000,0.0000,254,0,0,0,0,138,0,0,0,0
zc,WS301,2012-06-01 09:03:16.877,2485.0000,215142,0,0.0000,0.0000,0,0,空换,S,2485.0000,0.0000,0.0000,0.0000,0.0000,2486.0000,0.0000,0.0000,0.0000,0.0000,255,0,0,0,0,139,0,0,0,0
zc,WS301,2012-06-01 09:03:17.627,2486.0000,215132,-10,0.0000,18.0000,4,14,空平,B,2485.0000,0.0000,0.0000,0.0000,0.0000,2486.0000,0.0000,0.0000,0.0000,0.0000,249,0,0,0,0,141,0,0,0,0
zc,WS301,2012-06-01 09:03:18.063,2485.0000,215132,0,0.0000,10.0000,5,5,空换,S,2485.0000,0.0000,0.0000,0.0000,0.0000,2486.0000,0.0000,0.0000,0.0000,0.0000,244,0,0,0,0,141,0,0,0,0
zc,WS301,2012-06-01 09:03:19.127,2485.0000,215132,0,0.0000,0.0000,0,0,空换,S,2485.0000,0.0000,0.0000,0.0000,0.0000,2486.0000,0.0000,0.0000,0.0000,0.0000,246,0,0,0,0,141,0,0,0,0
zc,WS301,2012-06-01 09:03:19.547,2485.0000,215132,0,0.0000,0.0000,0,0,空换,S,2485.0000,0.0000,0.0000,0.0000,0.0000,2486.0000,0.0000,0.0000,0.0000,0.0000,247,0,0,0,0,141,0,0,0,0
zc,WS301,2012-06-01 09:03:20.313,2485.0000,215086,-46,0.0000,46.0000,0,46,双平,S,2485.0000,0.0000,0.0000,0.0000,0.0000,2486.0000,0.0000,0.0000,0.0000,0.0000,231,0,0,0,0,142,0,0,0,0
zc,WS301,2012-06-01 09:03:20.813,2485.0000,215080,-6,0.0000,8.0000,1,7,多平,S,2485.0000,0.0000,0.0000,0.0000,0.0000,2486.0000,0.0000,0.0000,0.0000,0.0000,228,0,0,0,0,142,0,0,0,0
zc,WS301,2012-06-01 09:03:21.547,2485.0000,215078,-2,0.0000,2.0000,0,2,双平,S,2485.0000,0.0000,0.0000,0.0000,0.0000,2486.0000,0.0000,0.0000,0.0000,0.0000,223,0,0,0,0,142,0,0,0,0
zc,WS301,2012-06-01 09:03:22.547,2485.0000,215078,0,0.0000,10.0000,5,5,空换,S,2485.0000,0.0000,0.0000,0.0000,0.0000,2486.0000,0.0000,0.0000,0.0000,0.0000,226,0,0,0,0,192,0,0,0,0
zc,WS301,2012-06-01 09:03:23.063,2485.0000,215078,0,0.0000,0.0000,0,0,空换,S,2485.0000,0.0000,0.0000,0.0000,0.0000,2486.0000,0.0000,0.0000,0.0000,0.0000,227,0,0,0,0,192,0,0,0,0
zc,WS301,2012-06-01 09:03:24.063,2486.0000,215080,2,0.0000,14.0000,8,6,多开,B,2485.0000,0.0000,0.0000,0.0000,0.0000,2486.0000,0.0000,0.0000,0.0000,0.0000,221,0,0,0,0,193,0,0,0,0
zc,WS301,2012-06-01 09:03:24.283,2486.0000,215082,2,0.0000,2.0000,2,0,双开,B,2485.0000,0.0000,0.0000,0.0000,0.0000,2486.0000,0.0000,0.0000,0.0000,0.0000,221,0,0,0,0,192,0,0,0,0
zc,WS301,2012-06-01 09:03:25.080,2485.0000,215084,2,0.0000,14.0000,8,6,空开,S,2485.0000,0.0000,0.0000,0.0000,0.0000,2486.0000,0.0000,0.0000,0.0000,0.0000,214,0,0,0,0,242,0,0,0,0
zc,WS301,2012-06-01 09:03:25.847,2485.0000,215084,0,0.0000,4.0000,2,2,空换,S,2485.0000,0.0000,0.0000,0.0000,0.0000,2486.0000,0.0000,0.0000,0.0000,0.0000,212,0,0,0,0,241,0,0,0,0
zc,WS301,2012-06-01 09:03:26.283,2486.0000,215086,2,0.0000,2.0000,2,0,双开,B,2485.0000,0.0000,0.0000,0.0000,0.0000,2486.0000,0.0000,0.0000,0.0000,0.0000,212,0,0,0,0,241,0,0,0,0
zc,WS301,2012-06-01 09:03:26.783,2486.0000,215096,10,0.0000,10.0000,10,0,双开,B,2485.0000,0.0000,0.0000,0.0000,0.0000,2486.0000,0.0000,0.0000,0.0000,0.0000,152,0,0,0,0,237,0,0,0,0
zc,WS301,2012-06-01 09:03:27.283,2485.0000,215116,20,0.0000,38.0000,29,9,空开,S,2485.0000,0.0000,0.0000,0.0000,0.0000,2486.0000,0.0000,0.0000,0.0000,0.0000,143,0,0,0,0,227,0,0,0,0
zc,WS301,2012-06-01 09:03:28.110,2485.0000,215132,16,0.0000,26.0000,21,5,空开,S,2485.0000,0.0000,0.0000,0.0000,0.0000,2486.0000,0.0000,0.0000,0.0000,0.0000,131,0,0,0,0,228,0,0,0,0
zc,WS301,2012-06-01 09:03:28.563,2485.0000,215132,0,0.0000,4.0000,2,2,空换,S,2485.0000,0.0000,0.0000,0.0000,0.0000,2486.0000,0.0000,0.0000,0.0000,0.0000,129,0,0,0,0,229,0,0,0,0
zc,WS301,2012-06-01 09:03:29.313,2485.0000,215138,6,0.0000,12.0000,9,3,空开,S,2485.0000,0.0000,0.0000,0.0000,0.0000,2486.0000,0.0000,0.0000,0.0000,0.0000,125,0,0,0,0,229,0,0,0,0
zc,WS301,2012-06-01 09:03:29.813,2485.0000,215228,90,0.0000,100.0000,95,5,空开,S,2485.0000,0.0000,0.0000,0.0000,0.0000,2486.0000,0.0000,0.0000,0.0000,0.0000,75,0,0,0,0,229,0,0,0,0
zc,WS301,2012-06-01 09:03:30.657,2485.0000,215352,124,0.0000,152.0000,138,14,空开,S,2484.0000,0.0000,0.0000,0.0000,0.0000,2485.0000,0.0000,0.0000,0.0000,0.0000,46,0,0,0,0,30,0,0,0,0
zc,WS301,2012-06-01 09:03:31.110,2485.0000,215352,0,0.0000,8.0000,4,4,空换,S,2484.0000,0.0000,0.0000,0.0000,0.0000,2485.0000,0.0000,0.0000,0.0000,0.0000,46,0,0,0,0,20,0,0,0,0
zc,WS301,2012-06-01 09:03:31.597,2484.0000,215318,-34,0.0000,90.0000,28,62,多平,S,2484.0000,0.0000,0.0000,0.0000,0.0000,2485.0000,0.0000,0.0000,0.0000,0.0000,37,0,0,0,0,23,0,0,0,0
zc,WS301,2012-06-01 09:03:32.313,2485.0000,215320,2,0.0000,2.0000,2,0,双开,B,2484.0000,0.0000,0.0000,0.0000,0.0000,2485.0000,0.0000,0.0000,0.0000,0.0000,38,0,0,0,0,32,0,0,0,0
zc,WS301,2012-06-01 09:03:32.783,2484.0000,215310,-10,0.0000,14.0000,2,12,多平,S,2484.0000,0.0000,0.0000,0.0000,0.0000,2485.0000,0.0000,0.0000,0.0000,0.0000,37,0,0,0,0,33,0,0,0,0
zc,WS301,2012-06-01 09:03:33.297,2484.0000,215294,-16,0.0000,26.0000,5,21,多平,S,2484.0000,0.0000,0.0000,0.0000,0.0000,2485.0000,0.0000,0.0000,0.0000,0.0000,32,0,0,0,0,33,0,0,0,0
zc,WS301,2012-06-01 09:03:34.110,2484.0000,215290,-4,0.0000,30.0000,13,17,多平,S,2484.0000,0.0000,0.0000,0.0000,0.0000,2485.0000,0.0000,0.0000,0.0000,0.0000,90,0,0,0,0,31,0,0,0,0
zc,WS301,2012-06-01 09:03:34.610,2484.0000,215282,-8,0.0000,14.0000,3,11,多平,S,2484.0000,0.0000,0.0000,0.0000,0.0000,2485.0000,0.0000,0.0000,0.0000,0.0000,84,0,0,0,0,33,0,0,0,0
zc,WS301,2012-06-01 09:03:35.063,2484.0000,215262,-20,0.0000,20.0000,0,20,双平,S,2484.0000,0.0000,0.0000,0.0000,0.0000,2485.0000,0.0000,0.0000,0.0000,0.0000,89,0,0,0,0,34,0,0,0,0
zc,WS301,2012-06-01 09:03:35.847,2484.0000,215264,2,0.0000,4.0000,3,1,空开,S,2484.0000,0.0000,0.0000,0.0000,0.0000,2485.0000,0.0000,0.0000,0.0000,0.0000,88,0,0,0,0,33,0,0,0,0
zc,WS301,2012-06-01 09:03:36.360,2484.0000,215092,-172,0.0000,178.0000,3,175,多平,S,2483.0000,0.0000,0.0000,0.0000,0.0000,2484.0000,0.0000,0.0000,0.0000,0.0000,110,0,0,0,0,11,0,0,0,0
zc,WS301,2012-06-01 09:03:37.080,2484.0000,215088,-4,0.0000,4.0000,0,4,双平,S,2483.0000,0.0000,0.0000,0.0000,0.0000,2484.0000,0.0000,0.0000,0.0000,0.0000,108,0,0,0,0,9,0,0,0,0
zc,WS301,2012-06-01 09:03:37.580,2484.0000,215068,-20,0.0000,20.0000,0,20,双平,S,2484.0000,0.0000,0.0000,0.0000,0.0000,2485.0000,0.0000,0.0000,0.0000,0.0000,50,0,0,0,0,34,0,0,0,0
zc,WS301,2012-06-01 09:03:38.047,2484.0000,215066,-2,0.0000,2.0000,0,2,双平,S,2484.0000,0.0000,0.0000,0.0000,0.0000,2485.0000,0.0000,0.0000,0.0000,0.0000,49,0,0,0,0,34,0,0,0,0
zc,WS301,2012-06-01 09:03:38.813,2484.0000,215066,0,0.0000,2.0000,1,1,空换,S,2484.0000,0.0000,0.0000,0.0000,0.0000,2485.0000,0.0000,0.0000,0.0000,0.0000,49,0,0,0,0,39,0,0,0,0
zc,WS301,2012-06-01 09:03:39.360,2484.0000,215064,-2,0.0000,2.0000,0,2,双平,S,2484.0000,0.0000,0.0000,0.0000,0.0000,2485.0000,0.0000,0.0000,0.0000,0.0000,48,0,0,0,0,39,0,0,0,0
zc,WS301,2012-06-01 09:03:40.080,2484.0000,215042,-22,0.0000,22.0000,0,22,双平,S,2484.0000,0.0000,0.0000,0.0000,0.0000,2485.0000,0.0000,0.0000,0.0000,0.0000,37,0,0,0,0,39,0,0,0,0
zc,WS301,2012-06-01 09:03:40.580,2484.0000,215042,0,0.0000,0.0000,0,0,空换,S,2484.0000,0.0000,0.0000,0.0000,0.0000,2485.0000,0.0000,0.0000,0.0000,0.0000,41,0,0,0,0,43,0,0,0,0
zc,WS301,2012-06-01 09:03:41.047,2484.0000,215032,-10,0.0000,10.0000,0,10,双平,S,2484.0000,0.0000,0.0000,0.0000,0.0000,2485.0000,0.0000,0.0000,0.0000,0.0000,34,0,0,0,0,44,0,0,0,0
zc,WS301,2012-06-01 09:03:41.563,2485.0000,215078,46,0.0000,88.0000,67,21,多开,B,2485.0000,0.0000,0.0000,0.0000,0.0000,2486.0000,0.0000,0.0000,0.0000,0.0000,46,0,0,0,0,271,0,0,0,0
zc,WS301,2012-06-01 09:03:42.360,2485.0000,215078,0,0.0000,12.0000,6,6,多换,B,2485.0000,0.0000,0.0000,0.0000,0.0000,2486.0000,0.0000,0.0000,0.0000,0.0000,40,0,0,0,0,272,0,0,0,0
zc,WS301,2012-06-01 09:03:42.860,2485.0000,215078,0,0.0000,8.0000,4,4,多换,B,2485.0000,0.0000,0.0000,0.0000,0.0000,2486.0000,0.0000,0.0000,0.0000,0.0000,40,0,0,0,0,272,0,0,0,0
zc,WS301,2012-06-01 09:03:43.533,2485.0000,215078,0,0.0000,2.0000,1,1,多换,B,2485.0000,0.0000,0.0000,0.0000,0.0000,2486.0000,0.0000,0.0000,0.0000,0.0000,39,0,0,0,0,272,0,0,0,0
zc,WS301,2012-06-01 09:03:44.047,2485.0000,215078,0,0.0000,0.0000,0,0,多换,B,2485.0000,0.0000,0.0000,0.0000,0.0000,2486.0000,0.0000,0.0000,0.0000,0.0000,40,0,0,0,0,272,0,0,0,0
zc,WS301,2012-06-01 09:03:44.797,2485.0000,215078,0,0.0000,2.0000,1,1,多换,B,2485.0000,0.0000,0.0000,0.0000,0.0000,2486.0000,0.0000,0.0000,0.0000,0.0000,39,0,0,0,0,273,0,0,0,0
zc,WS301,2012-06-01 09:03:45.330,2485.0000,215078,0,0.0000,0.0000,0,0,多换,B,2485.0000,0.0000,0.0000,0.0000,0.0000,2486.0000,0.0000,0.0000,0.0000,0.0000,40,0,0,0,0,273,0,0,0,0
zc,WS301,2012-06-01 09:03:46.143,2485.0000,215082,4,0.0000,4.0000,4,0,双开,B,2485.0000,0.0000,0.0000,0.0000,0.0000,2486.0000,0.0000,0.0000,0.0000,0.0000,38,0,0,0,0,271,0,0,0,0
zc,WS301,2012-06-01 09:03:46.610,2485.0000,215082,0,0.0000,2.0000,1,1,多换,B,2485.0000,0.0000,0.0000,0.0000,0.0000,2486.0000,0.0000,0.0000,0.0000,0.0000,37,0,0,0,0,271,0,0,0,0
zc,WS301,2012-06-01 09:03:48.110,2485.0000,215082,0,0.0000,4.0000,2,2,多换,B,2485.0000,0.0000,0.0000,0.0000,0.0000,2486.0000,0.0000,0.0000,0.0000,0.0000,53,0,0,0,0,271,0,0,0,0
zc,WS301,2012-06-01 09:03:48.580,2485.0000,215082,0,0.0000,22.0000,11,11,多换,B,2485.0000,0.0000,0.0000,0.0000,0.0000,2486.0000,0.0000,0.0000,0.0000,0.0000,42,0,0,0,0,271,0,0,0,0
zc,WS301,2012-06-01 09:03:49.063,2485.0000,215082,0,0.0000,6.0000,3,3,多换,B,2485.0000,0.0000,0.0000,0.0000,0.0000,2486.0000,0.0000,0.0000,0.0000,0.0000,39,0,0,0,0,271,0,0,0,0
zc,WS301,2012-06-01 09:03:49.597,2485.0000,215082,0,0.0000,2.0000,1,1,多换,B,2485.0000,0.0000,0.0000,0.0000,0.0000,2486.0000,0.0000,0.0000,0.0000,0.0000,42,0,0,0,0,271,0,0,0,0
zc,WS301,2012-06-01 09:03:50.360,2485.0000,215084,2,0.0000,2.0000,2,0,双开,B,2485.0000,0.0000,0.0000,0.0000,0.0000,2486.0000,0.0000,0.0000,0.0000,0.0000,42,0,0,0,0,270,0,0,0,0
zc,WS301,2012-06-01 09:03:50.877,2486.0000,215662,578,0.0000,638.0000,608,30,多开,B,2485.0000,0.0000,0.0000,0.0000,0.0000,2486.0000,0.0000,0.0000,0.0000,0.0000,46,0,0,0,0,1,0,0,0,0
zc,WS301,2012-06-01 09:03:51.563,2485.0000,215662,0,0.0000,20.0000,10,10,空换,S,2485.0000,0.0000,0.0000,0.0000,0.0000,2486.0000,0.0000,0.0000,0.0000,0.0000,36,0,0,0,0,1,0,0,0,0
zc,WS301,2012-06-01 09:03:51.813,2485.0000,215666,4,0.0000,4.0000,4,0,双开,S,2485.0000,0.0000,0.0000,0.0000,0.0000,2486.0000,0.0000,0.0000,0.0000,0.0000,41,0,0,0,0,1,0,0,0,0
zc,WS301,2012-06-01 09:03:52.610,2485.0000,215666,0,0.0000,2.0000,1,1,空换,S,2485.0000,0.0000,0.0000,0.0000,0.0000,2486.0000,0.0000,0.0000,0.0000,0.0000,40,0,0,0,0,2,0,0,0,0
zc,WS301,2012-06-01 09:03:53.360,2485.0000,215668,2,0.0000,2.0000,2,0,双开,S,2485.0000,0.0000,0.0000,0.0000,0.0000,2486.0000,0.0000,0.0000,0.0000,0.0000,39,0,0,0,0,2,0,0,0,0
zc,WS301,2012-06-01 09:03:53.893,2485.0000,215668,0,0.0000,0.0000,0,0,空换,S,2485.0000,0.0000,0.0000,0.0000,0.0000,2486.0000,0.0000,0.0000,0.0000,0.0000,40,0,0,0,0,2,0,0,0,0
zc,WS301,2012-06-01 09:03:54.597,2485.0000,215668,0,0.0000,0.0000,0,0,空换,S,2485.0000,0.0000,0.0000,0.0000,0.0000,2486.0000,0.0000,0.0000,0.0000,0.0000,41,0,0,0,0,2,0,0,0,0
zc,WS301,2012-06-01 09:03:54.797,2485.0000,215668,0,0.0000,0.0000,0,0,空换,S,2485.0000,0.0000,0.0000,0.0000,0.0000,2486.0000,0.0000,0.0000,0.0000,0.0000,41,0,0,0,0,3,0,0,0,0
zc,WS301,2012-06-01 09:03:55.597,2485.0000,215668,0,0.0000,0.0000,0,0,空换,S,2485.0000,0.0000,0.0000,0.0000,0.0000,2486.0000,0.0000,0.0000,0.0000,0.0000,42,0,0,0,0,3,0,0,0,0
zc,WS301,2012-06-01 09:03:56.033,2485.0000,215658,-10,0.0000,18.0000,4,14,多平,S,2485.0000,0.0000,0.0000,0.0000,0.0000,2486.0000,0.0000,0.0000,0.0000,0.0000,33,0,0,0,0,4,0,0,0,0
zc,WS301,2012-06-01 09:03:56.797,2485.0000,215658,0,0.0000,0.0000,0,0,空换,S,2485.0000,0.0000,0.0000,0.0000,0.0000,2486.0000,0.0000,0.0000,0.0000,0.0000,33,0,0,0,0,5,0,0,0,0
zc,WS301,2012-06-01 09:03:57.830,2485.0000,215658,0,0.0000,0.0000,0,0,空换,S,2485.0000,0.0000,0.0000,0.0000,0.0000,2486.0000,0.0000,0.0000,0.0000,0.0000,41,0,0,0,0,5,0,0,0,0
zc,WS301,2012-06-01 09:03:59.080,2485.0000,215658,0,0.0000,0.0000,0,0,空换,S,2485.0000,0.0000,0.0000,0.0000,0.0000,2486.0000,0.0000,0.0000,0.0000,0.0000,46,0,0,0,0,56,0,0,0,0
zc,WS301,2012-06-01 09:03:59.847,2486.0000,215660,2,0.0000,2.0000,2,0,双开,B,2485.0000,0.0000,0.0000,0.0000,0.0000,2486.0000,0.0000,0.0000,0.0000,0.0000,52,0,0,0,0,53,0,0,0,0
zc,WS301,2012-06-01 09:04:00.347,2486.0000,215660,0,0.0000,0.0000,0,0,多换,B,2485.0000,0.0000,0.0000,0.0000,0.0000,2486.0000,0.0000,0.0000,0.0000,0.0000,94,0,0,0,0,65,0,0,0,0
zc,WS301,2012-06-01 09:04:01.127,2486.0000,215660,0,0.0000,0.0000,0,0,多换,B,2485.0000,0.0000,0.0000,0.0000,0.0000,2486.0000,0.0000,0.0000,0.0000,0.0000,91,0,0,0,0,67,0,0,0,0
zc,WS301,2012-06-01 09:04:01.643,2486.0000,215660,0,0.0000,0.0000,0,0,多换,B,2485.0000,0.0000,0.0000,0.0000,0.0000,2486.0000,0.0000,0.0000,0.0000,0.0000,88,0,0,0,0,68,0,0,0,0
zc,WS301,2012-06-01 09:04:02.080,2486.0000,215660,0,0.0000,2.0000,1,1,多换,B,2485.0000,0.0000,0.0000,0.0000,0.0000,2486.0000,0.0000,0.0000,0.0000,0.0000,98,0,0,0,0,69,0,0,0,0
zc,WS301,2012-06-01 09:04:02.597,2486.0000,215660,0,0.0000,0.0000,0,0,多换,B,2485.0000,0.0000,0.0000,0.0000,0.0000,2486.0000,0.0000,0.0000,0.0000,0.0000,104,0,0,0,0,70,0,0,0,0
zc,WS301,2012-06-01 09:04:03.297,2486.0000,215660,0,0.0000,0.0000,0,0,多换,B,2485.0000,0.0000,0.0000,0.0000,0.0000,2486.0000,0.0000,0.0000,0.0000,0.0000,106,0,0,0,0,70,0,0,0,0
zc,WS301,2012-06-01 09:04:04.563,2485.0000,215620,-40,0.0000,40.0000,0,40,双平,S,2485.0000,0.0000,0.0000,0.0000,0.0000,2486.0000,0.0000,0.0000,0.0000,0.0000,90,0,0,0,0,70,0,0,0,0
zc,WS301,2012-06-01 09:04:05.063,2485.0000,215620,0,0.0000,0.0000,0,0,空换,S,2485.0000,0.0000,0.0000,0.0000,0.0000,2486.0000,0.0000,0.0000,0.0000,0.0000,90,0,0,0,0,71,0,0,0,0
zc,WS301,2012-06-01 09:04:05.847,2485.0000,215608,-12,0.0000,22.0000,5,17,多平,S,2485.0000,0.0000,0.0000,0.0000,0.0000,2486.0000,0.0000,0.0000,0.0000,0.0000,87,0,0,0,0,71,0,0,0,0
zc,WS301,2012-06-01 09:04:06.330,2485.0000,215608,0,0.0000,0.0000,0,0,空换,S,2485.0000,0.0000,0.0000,0.0000,0.0000,2486.0000,0.0000,0.0000,0.0000,0.0000,97,0,0,0,0,72,0,0,0,0
zc,WS301,2012-06-01 09:04:07.563,2485.0000,215608,0,0.0000,0.0000,0,0,空换,S,2485.0000,0.0000,0.0000,0.0000,0.0000,2486.0000,0.0000,0.0000,0.0000,0.0000,99,0,0,0,0,72,0,0,0,0
zc,WS301,2012-06-01 09:04:07.847,2485.0000,215548,-60,0.0000,68.0000,4,64,多平,S,2485.0000,0.0000,0.0000,0.0000,0.0000,2486.0000,0.0000,0.0000,0.0000,0.0000,117,0,0,0,0,70,0,0,0,0
zc,WS301,2012-06-01 09:04:08.797,2485.0000,215548,0,0.0000,0.0000,0,0,空换,S,2485.0000,0.0000,0.0000,0.0000,0.0000,2486.0000,0.0000,0.0000,0.0000,0.0000,117,0,0,0,0,71,0,0,0,0
zc,WS301,2012-06-01 09:04:09.330,2485.0000,215548,0,0.0000,0.0000,0,0,空换,S,2485.0000,0.0000,0.0000,0.0000,0.0000,2486.0000,0.0000,0.0000,0.0000,0.0000,117,0,0,0,0,72,0,0,0,0
zc,WS301,2012-06-01 09:04:10.047,2485.0000,215548,0,0.0000,0.0000,0,0,空换,S,2485.0000,0.0000,0.0000,0.0000,0.0000,2486.0000,0.0000,0.0000,0.0000,0.0000,118,0,0,0,0,72,0,0,0,0
zc,WS301,2012-06-01 09:04:11.063,2486.0000,215616,68,0.0000,144.0000,106,38,多开,B,2486.0000,0.0000,0.0000,0.0000,0.0000,2487.0000,0.0000,0.0000,0.0000,0.0000,48,0,0,0,0,58,0,0,0,0
zc,WS301,2012-06-01 09:04:11.627,2486.0000,215616,0,0.0000,10.0000,5,5,多换,B,2486.0000,0.0000,0.0000,0.0000,0.0000,2487.0000,0.0000,0.0000,0.0000,0.0000,43,0,0,0,0,58,0,0,0,0
zc,WS301,2012-06-01 09:04:12.877,2486.0000,215618,2,0.0000,2.0000,2,0,双开,B,2486.0000,0.0000,0.0000,0.0000,0.0000,2487.0000,0.0000,0.0000,0.0000,0.0000,42,0,0,0,0,58,0,0,0,0
zc,WS301,2012-06-01 09:04:13.377,2486.0000,215618,0,0.0000,0.0000,0,0,多换,B,2486.0000,0.0000,0.0000,0.0000,0.0000,2487.0000,0.0000,0.0000,0.0000,0.0000,48,0,0,0,0,59,0,0,0,0
zc,WS301,2012-06-01 09:04:14.033,2486.0000,215618,0,0.0000,2.0000,1,1,多换,B,2486.0000,0.0000,0.0000,0.0000,0.0000,2487.0000,0.0000,0.0000,0.0000,0.0000,50,0,0,0,0,59,0,0,0,0
zc,WS301,2012-06-01 09:04:16.297,2486.0000,215618,0,0.0000,0.0000,0,0,多换,B,2486.0000,0.0000,0.0000,0.0000,0.0000,2487.0000,0.0000,0.0000,0.0000,0.0000,51,0,0,0,0,59,0,0,0,0
zc,WS301,2012-06-01 09:04:17.330,2486.0000,215618,0,0.0000,0.0000,0,0,多换,B,2486.0000,0.0000,0.0000,0.0000,0.0000,2487.0000,0.0000,0.0000,0.0000,0.0000,52,0,0,0,0,59,0,0,0,0
zc,WS301,2012-06-01 09:04:18.063,2486.0000,215618,0,0.0000,0.0000,0,0,多换,B,2486.0000,0.0000,0.0000,0.0000,0.0000,2487.0000,0.0000,0.0000,0.0000,0.0000,52,0,0,0,0,69,0,0,0,0
zc,WS301,2012-06-01 09:04:19.063,2486.0000,215618,0,0.0000,2.0000,1,1,多换,B,2486.0000,0.0000,0.0000,0.0000,0.0000,2487.0000,0.0000,0.0000,0.0000,0.0000,51,0,0,0,0,69,0,0,0,0
zc,WS301,2012-06-01 09:04:20.330,2486.0000,215618,0,0.0000,0.0000,0,0,多换,B,2486.0000,0.0000,0.0000,0.0000,0.0000,2487.0000,0.0000,0.0000,0.0000,0.0000,52,0,0,0,0,69,0,0,0,0
zc,WS301,2012-06-01 09:04:21.610,2486.0000,215618,0,0.0000,0.0000,0,0,多换,B,2486.0000,0.0000,0.0000,0.0000,0.0000,2487.0000,0.0000,0.0000,0.0000,0.0000,104,0,0,0,0,69,0,0,0,0
zc,WS301,2012-06-01 09:04:22.547,2486.0000,215622,4,0.0000,4.0000,4,0,双开,B,2486.0000,0.0000,0.0000,0.0000,0.0000,2487.0000,0.0000,0.0000,0.0000,0.0000,102,0,0,0,0,67,0,0,0,0
zc,WS301,2012-06-01 09:04:23.813,2486.0000,215622,0,0.0000,0.0000,0,0,多换,B,2486.0000,0.0000,0.0000,0.0000,0.0000,2487.0000,0.0000,0.0000,0.0000,0.0000,109,0,0,0,0,67,0,0,0,0
zc,WS301,2012-06-01 09:04:24.563,2486.0000,215622,0,0.0000,2.0000,1,1,多换,B,2486.0000,0.0000,0.0000,0.0000,0.0000,2487.0000,0.0000,0.0000,0.0000,0.0000,108,0,0,0,0,67,0,0,0,0
zc,WS301,2012-06-01 09:04:25.110,2487.0000,215622,0,0.0000,10.0000,5,5,多换,B,2486.0000,0.0000,0.0000,0.0000,0.0000,2487.0000,0.0000,0.0000,0.0000,0.0000,108,0,0,0,0,63,0,0,0,0
zc,WS301,2012-06-01 09:04:26.813,2487.0000,215624,2,0.0000,4.0000,3,1,多开,B,2486.0000,0.0000,0.0000,0.0000,0.0000,2487.0000,0.0000,0.0000,0.0000,0.0000,109,0,0,0,0,63,0,0,0,0
zc,WS301,2012-06-01 09:04:27.297,2487.0000,215624,0,0.0000,0.0000,0,0,多换,B,2486.0000,0.0000,0.0000,0.0000,0.0000,2487.0000,0.0000,0.0000,0.0000,0.0000,114,0,0,0,0,63,0,0,0,0
zc,WS301,2012-06-01 09:04:28.080,2486.0000,215628,4,0.0000,4.0000,4,0,双开,S,2486.0000,0.0000,0.0000,0.0000,0.0000,2487.0000,0.0000,0.0000,0.0000,0.0000,106,0,0,0,0,63,0,0,0,0
zc,WS301,2012-06-01 09:04:28.580,2487.0000,215632,4,0.0000,16.0000,10,6,多开,B,2486.0000,0.0000,0.0000,0.0000,0.0000,2487.0000,0.0000,0.0000,0.0000,0.0000,105,0,0,0,0,56,0,0,0,0
zc,WS301,2012-06-01 09:04:29.047,2487.0000,215634,2,0.0000,8.0000,5,3,多开,B,2486.0000,0.0000,0.0000,0.0000,0.0000,2487.0000,0.0000,0.0000,0.0000,0.0000,102,0,0,0,0,59,0,0,0,0
zc,WS301,2012-06-01 09:04:30.297,2487.0000,215634,0,0.0000,2.0000,1,1,多换,B,2486.0000,0.0000,0.0000,0.0000,0.0000,2487.0000,0.0000,0.0000,0.0000,0.0000,102,0,0,0,0,58,0,0,0,0
zc,WS301,2012-06-01 09:04:31.080,2487.0000,215734,100,0.0000,102.0000,101,1,多开,B,2486.0000,0.0000,0.0000,0.0000,0.0000,2487.0000,0.0000,0.0000,0.0000,0.0000,102,0,0,0,0,12,0,0,0,0
zc,WS301,2012-06-01 09:04:31.313,2487.0000,215852,118,0.0000,122.0000,120,2,多开,B,2486.0000,0.0000,0.0000,0.0000,0.0000,2487.0000,0.0000,0.0000,0.0000,0.0000,52,0,0,0,0,1,0,0,0,0
zc,WS301,2012-06-01 09:04:32.047,2487.0000,215862,10,0.0000,16.0000,13,3,多开,B,2486.0000,0.0000,0.0000,0.0000,0.0000,2487.0000,0.0000,0.0000,0.0000,0.0000,52,0,0,0,0,1,0,0,0,0
zc,WS301,2012-06-01 09:04:32.563,2487.0000,215866,4,0.0000,4.0000,4,0,双开,B,2487.0000,0.0000,0.0000,0.0000,0.0000,2488.0000,0.0000,0.0000,0.0000,0.0000,5,0,0,0,0,63,0,0,0,0
zc,WS301,2012-06-01 09:04:33.000,2487.0000,215866,0,0.0000,2.0000,1,1,多换,B,2487.0000,0.0000,0.0000,0.0000,0.0000,2488.0000,0.0000,0.0000,0.0000,0.0000,5,0,0,0,0,73,0,0,0,0
zc,WS301,2012-06-01 09:04:33.797,2487.0000,215870,4,0.0000,4.0000,4,0,双开,B,2487.0000,0.0000,0.0000,0.0000,0.0000,2488.0000,0.0000,0.0000,0.0000,0.0000,4,0,0,0,0,71,0,0,0,0
zc,WS301,2012-06-01 09:04:34.347,2487.0000,215872,2,0.0000,2.0000,2,0,双开,B,2487.0000,0.0000,0.0000,0.0000,0.0000,2488.0000,0.0000,0.0000,0.0000,0.0000,3,0,0,0,0,70,0,0,0,0
zc,WS301,2012-06-01 09:04:34.813,2487.0000,215874,2,0.0000,2.0000,2,0,双开,B,2487.0000,0.0000,0.0000,0.0000,0.0000,2488.0000,0.0000,0.0000,0.0000,0.0000,2,0,0,0,0,70,0,0,0,0
zc,WS301,2012-06-01 09:04:35.360,2487.0000,215876,2,0.0000,4.0000,3,1,多开,B,2486.0000,0.0000,0.0000,0.0000,0.0000,2487.0000,0.0000,0.0000,0.0000,0.0000,57,0,0,0,0,49,0,0,0,0
zc,WS301,2012-06-01 09:04:37.063,2487.0000,215880,4,0.0000,4.0000,4,0,双开,B,2486.0000,0.0000,0.0000,0.0000,0.0000,2487.0000,0.0000,0.0000,0.0000,0.0000,57,0,0,0,0,77,0,0,0,0
zc,WS301,2012-06-01 09:04:37.813,2487.0000,215884,4,0.0000,4.0000,4,0,双开,B,2486.0000,0.0000,0.0000,0.0000,0.0000,2487.0000,0.0000,0.0000,0.0000,0.0000,57,0,0,0,0,76,0,0,0,0
zc,WS301,2012-06-01 09:04:38.297,2487.0000,215890,6,0.0000,8.0000,7,1,多开,B,2486.0000,0.0000,0.0000,0.0000,0.0000,2487.0000,0.0000,0.0000,0.0000,0.0000,57,0,0,0,0,72,0,0,0,0
zc,WS301,2012-06-01 09:04:39.063,2487.0000,215914,24,0.0000,24.0000,24,0,双开,B,2486.0000,0.0000,0.0000,0.0000,0.0000,2487.0000,0.0000,0.0000,0.0000,0.0000,64,0,0,0,0,60,0,0,0,0
zc,WS301,2012-06-01 09:04:39.547,2487.0000,215914,0,0.0000,0.0000,0,0,多换,B,2486.0000,0.0000,0.0000,0.0000,0.0000,2487.0000,0.0000,0.0000,0.0000,0.0000,64,0,0,0,0,45,0,0,0,0
zc,WS301,2012-06-01 09:04:40.347,2487.0000,215914,0,0.0000,0.0000,0,0,多换,B,2486.0000,0.0000,0.0000,0.0000,0.0000,2487.0000,0.0000,0.0000,0.0000,0.0000,64,0,0,0,0,30,0,0,0,0
zc,WS301,2012-06-01 09:04:40.813,2486.0000,215918,4,0.0000,4.0000,4,0,双开,S,2486.0000,0.0000,0.0000,0.0000,0.0000,2487.0000,0.0000,0.0000,0.0000,0.0000,63,0,0,0,0,29,0,0,0,0
zc,WS301,2012-06-01 09:04:41.797,2486.0000,215918,0,0.0000,0.0000,0,0,空换,S,2486.0000,0.0000,0.0000,0.0000,0.0000,2487.0000,0.0000,0.0000,0.0000,0.0000,78,0,0,0,0,13,0,0,0,0
zc,WS301,2012-06-01 09:04:42.533,2487.0000,215924,6,0.0000,18.0000,12,6,多开,B,2486.0000,0.0000,0.0000,0.0000,0.0000,2487.0000,0.0000,0.0000,0.0000,0.0000,75,0,0,0,0,16,0,0,0,0
zc,WS301,2012-06-01 09:04:43.047,2487.0000,215944,20,0.0000,32.0000,26,6,多开,B,2487.0000,0.0000,0.0000,0.0000,0.0000,2488.0000,0.0000,0.0000,0.0000,0.0000,9,0,0,0,0,128,0,0,0,0
zc,WS301,2012-06-01 09:04:43.547,2487.0000,215950,6,0.0000,6.0000,6,0,双开,B,2487.0000,0.0000,0.0000,0.0000,0.0000,2488.0000,0.0000,0.0000,0.0000,0.0000,9,0,0,0,0,128,0,0,0,0
zc,WS301,2012-06-01 09:04:44.313,2487.0000,215950,0,0.0000,0.0000,0,0,多换,B,2487.0000,0.0000,0.0000,0.0000,0.0000,2488.0000,0.0000,0.0000,0.0000,0.0000,14,0,0,0,0,128,0,0,0,0
zc,WS301,2012-06-01 09:04:44.627,2487.0000,215950,0,0.0000,0.0000,0,0,多换,B,2487.0000,0.0000,0.0000,0.0000,0.0000,2488.0000,0.0000,0.0000,0.0000,0.0000,19,0,0,0,0,129,0,0,0,0
zc,WS301,2012-06-01 09:04:45.283,2487.0000,215952,2,0.0000,2.0000,2,0,双开,B,2487.0000,0.0000,0.0000,0.0000,0.0000,2488.0000,0.0000,0.0000,0.0000,0.0000,18,0,0,0,0,131,0,0,0,0
zc,WS301,2012-06-01 09:04:45.783,2487.0000,215954,2,0.0000,2.0000,2,0,双开,B,2487.0000,0.0000,0.0000,0.0000,0.0000,2488.0000,0.0000,0.0000,0.0000,0.0000,18,0,0,0,0,130,0,0,0,0
zc,WS301,2012-06-01 09:04:47.157,2487.0000,215954,0,0.0000,4.0000,2,2,多换,B,2487.0000,0.0000,0.0000,0.0000,0.0000,2488.0000,0.0000,0.0000,0.0000,0.0000,16,0,0,0,0,131,0,0,0,0
zc,WS301,2012-06-01 09:04:47.580,2487.0000,215954,0,0.0000,2.0000,1,1,多换,B,2487.0000,0.0000,0.0000,0.0000,0.0000,2488.0000,0.0000,0.0000,0.0000,0.0000,18,0,0,0,0,131,0,0,0,0
zc,WS301,2012-06-01 09:04:48.347,2487.0000,215952,-2,0.0000,36.0000,17,19,空平,B,2486.0000,0.0000,0.0000,0.0000,0.0000,2487.0000,0.0000,0.0000,0.0000,0.0000,87,0,0,0,0,12,0,0,0,0
zc,WS301,2012-06-01 09:04:48.830,2487.0000,215942,-10,0.0000,10.0000,0,10,双平,B,2486.0000,0.0000,0.0000,0.0000,0.0000,2487.0000,0.0000,0.0000,0.0000,0.0000,87,0,0,0,0,10,0,0,0,0
zc,WS301,2012-06-01 09:04:49.830,2487.0000,215940,-2,0.0000,4.0000,1,3,空平,B,2486.0000,0.0000,0.0000,0.0000,0.0000,2487.0000,0.0000,0.0000,0.0000,0.0000,88,0,0,0,0,8,0,0,0,0
zc,WS301,2012-06-01 09:04:50.563,2487.0000,215940,0,0.0000,0.0000,0,0,多换,B,2486.0000,0.0000,0.0000,0.0000,0.0000,2487.0000,0.0000,0.0000,0.0000,0.0000,88,0,0,0,0,10,0,0,0,0
zc,WS301,2012-06-01 09:04:51.097,2487.0000,215940,0,0.0000,0.0000,0,0,多换,B,2486.0000,0.0000,0.0000,0.0000,0.0000,2487.0000,0.0000,0.0000,0.0000,0.0000,88,0,0,0,0,15,0,0,0,0
zc,WS301,2012-06-01 09:04:52.360,2487.0000,215940,0,0.0000,0.0000,0,0,多换,B,2486.0000,0.0000,0.0000,0.0000,0.0000,2487.0000,0.0000,0.0000,0.0000,0.0000,88,0,0,0,0,30,0,0,0,0
zc,WS301,2012-06-01 09:04:52.797,2486.0000,215940,0,0.0000,2.0000,1,1,空换,S,2486.0000,0.0000,0.0000,0.0000,0.0000,2487.0000,0.0000,0.0000,0.0000,0.0000,87,0,0,0,0,45,0,0,0,0
zc,WS301,2012-06-01 09:04:54.097,2487.0000,215956,16,0.0000,74.0000,45,29,多开,B,2486.0000,0.0000,0.0000,0.0000,0.0000,2487.0000,0.0000,0.0000,0.0000,0.0000,88,0,0,0,0,9,0,0,0,0
zc,WS301,2012-06-01 09:04:54.860,2487.0000,215954,-2,0.0000,2.0000,0,2,双平,B,2486.0000,0.0000,0.0000,0.0000,0.0000,2487.0000,0.0000,0.0000,0.0000,0.0000,88,0,0,0,0,8,0,0,0,0
zc,WS301,2012-06-01 09:04:55.330,2487.0000,215954,0,0.0000,2.0000,1,1,多换,B,2486.0000,0.0000,0.0000,0.0000,0.0000,2487.0000,0.0000,0.0000,0.0000,0.0000,90,0,0,0,0,7,0,0,0,0
zc,WS301,2012-06-01 09:04:55.797,2487.0000,215954,0,0.0000,14.0000,7,7,多换,B,2487.0000,0.0000,0.0000,0.0000,0.0000,2488.0000,0.0000,0.0000,0.0000,0.0000,93,0,0,0,0,107,0,0,0,0
zc,WS301,2012-06-01 09:04:56.297,2487.0000,215954,0,0.0000,0.0000,0,0,多换,B,2487.0000,0.0000,0.0000,0.0000,0.0000,2488.0000,0.0000,0.0000,0.0000,0.0000,123,0,0,0,0,107,0,0,0,0
zc,WS301,2012-06-01 09:04:57.127,2488.0000,215960,6,0.0000,6.0000,6,0,双开,B,2487.0000,0.0000,0.0000,0.0000,0.0000,2488.0000,0.0000,0.0000,0.0000,0.0000,188,0,0,0,0,106,0,0,0,0
zc,WS301,2012-06-01 09:04:57.580,2487.0000,215960,0,0.0000,40.0000,20,20,空换,S,2487.0000,0.0000,0.0000,0.0000,0.0000,2488.0000,0.0000,0.0000,0.0000,0.0000,118,0,0,0,0,106,0,0,0,0
zc,WS301,2012-06-01 09:04:58.063,2487.0000,215960,0,0.0000,26.0000,13,13,空换,S,2487.0000,0.0000,0.0000,0.0000,0.0000,2488.0000,0.0000,0.0000,0.0000,0.0000,105,0,0,0,0,106,0,0,0,0
zc,WS301,2012-06-01 09:04:58.877,2487.0000,215960,0,0.0000,4.0000,2,2,空换,S,2487.0000,0.0000,0.0000,0.0000,0.0000,2488.0000,0.0000,0.0000,0.0000,0.0000,103,0,0,0,0,106,0,0,0,0
zc,WS301,2012-06-01 09:04:59.627,2488.0000,215970,10,0.0000,20.0000,15,5,多开,B,2487.0000,0.0000,0.0000,0.0000,0.0000,2488.0000,0.0000,0.0000,0.0000,0.0000,98,0,0,0,0,101,0,0,0,0
zc,WS301,2012-06-01 09:05:00.597,2488.0000,215972,2,0.0000,2.0000,2,0,双开,B,2487.0000,0.0000,0.0000,0.0000,0.0000,2488.0000,0.0000,0.0000,0.0000,0.0000,98,0,0,0,0,100,0,0,0,0
zc,WS301,2012-06-01 09:05:01.347,2488.0000,215974,2,0.0000,12.0000,7,5,多开,B,2487.0000,0.0000,0.0000,0.0000,0.0000,2488.0000,0.0000,0.0000,0.0000,0.0000,93,0,0,0,0,99,0,0,0,0
zc,WS301,2012-06-01 09:05:02.517,2488.0000,216014,40,0.0000,40.0000,40,0,双开,B,2487.0000,0.0000,0.0000,0.0000,0.0000,2488.0000,0.0000,0.0000,0.0000,0.0000,94,0,0,0,0,79,0,0,0,0
zc,WS301,2012-06-01 09:05:03.080,2488.0000,216018,4,0.0000,10.0000,7,3,多开,B,2487.0000,0.0000,0.0000,0.0000,0.0000,2488.0000,0.0000,0.0000,0.0000,0.0000,94,0,0,0,0,74,0,0,0,0
zc,WS301,2012-06-01 09:05:03.627,2488.0000,216016,-2,0.0000,4.0000,1,3,空平,B,2487.0000,0.0000,0.0000,0.0000,0.0000,2488.0000,0.0000,0.0000,0.0000,0.0000,93,0,0,0,0,73,0,0,0,0
zc,WS301,2012-06-01 09:05:04.097,2488.0000,216018,2,0.0000,12.0000,7,5,多开,B,2487.0000,0.0000,0.0000,0.0000,0.0000,2488.0000,0.0000,0.0000,0.0000,0.0000,99,0,0,0,0,68,0,0,0,0
zc,WS301,2012-06-01 09:05:04.797,2487.0000,216018,0,0.0000,16.0000,8,8,空换,S,2487.0000,0.0000,0.0000,0.0000,0.0000,2488.0000,0.0000,0.0000,0.0000,0.0000,92,0,0,0,0,68,0,0,0,0
zc,WS301,2012-06-01 09:05:05.423,2488.0000,215918,-100,0.0000,136.0000,18,118,空平,B,2488.0000,0.0000,0.0000,0.0000,0.0000,2489.0000,0.0000,0.0000,0.0000,0.0000,63,0,0,0,0,322,0,0,0,0
zc,WS301,2012-06-01 09:05:06.127,2488.0000,215918,0,0.0000,0.0000,0,0,多换,B,2488.0000,0.0000,0.0000,0.0000,0.0000,2489.0000,0.0000,0.0000,0.0000,0.0000,102,0,0,0,0,323,0,0,0,0
zc,WS301,2012-06-01 09:05:06.547,2488.0000,215918,0,0.0000,0.0000,0,0,多换,B,2488.0000,0.0000,0.0000,0.0000,0.0000,2489.0000,0.0000,0.0000,0.0000,0.0000,103,0,0,0,0,326,0,0,0,0
zc,WS301,2012-06-01 09:05:07.097,2488.0000,215918,0,0.0000,0.0000,0,0,多换,B,2488.0000,0.0000,0.0000,0.0000,0.0000,2489.0000,0.0000,0.0000,0.0000,0.0000,163,0,0,0,0,331,0,0,0,0
zc,WS301,2012-06-01 09:05:07.830,2488.0000,215792,-126,0.0000,140.0000,7,133,空平,B,2488.0000,0.0000,0.0000,0.0000,0.0000,2489.0000,0.0000,0.0000,0.0000,0.0000,93,0,0,0,0,331,0,0,0,0
zc,WS301,2012-06-01 09:05:08.407,2488.0000,215794,2,0.0000,2.0000,2,0,双开,B,2488.0000,0.0000,0.0000,0.0000,0.0000,2489.0000,0.0000,0.0000,0.0000,0.0000,94,0,0,0,0,330,0,0,0,0
zc,WS301,2012-06-01 09:05:09.097,2489.0000,215794,0,0.0000,2.0000,1,1,多换,B,2488.0000,0.0000,0.0000,0.0000,0.0000,2489.0000,0.0000,0.0000,0.0000,0.0000,94,0,0,0,0,329,0,0,0,0
zc,WS301,2012-06-01 09:05:09.297,2489.0000,215794,0,0.0000,0.0000,0,0,多换,B,2488.0000,0.0000,0.0000,0.0000,0.0000,2489.0000,0.0000,0.0000,0.0000,0.0000,94,0,0,0,0,328,0,0,0,0
zc,WS301,2012-06-01 09:05:10.220,2489.0000,215794,0,0.0000,10.0000,5,5,多换,B,2488.0000,0.0000,0.0000,0.0000,0.0000,2489.0000,0.0000,0.0000,0.0000,0.0000,94,0,0,0,0,323,0,0,0,0
zc,WS301,2012-06-01 09:05:10.563,2489.0000,215814,20,0.0000,40.0000,30,10,多开,B,2488.0000,0.0000,0.0000,0.0000,0.0000,2489.0000,0.0000,0.0000,0.0000,0.0000,121,0,0,0,0,303,0,0,0,0
zc,WS301,2012-06-01 09:05:11.360,2489.0000,215822,8,0.0000,400.0000,204,196,多开,B,2488.0000,0.0000,0.0000,0.0000,0.0000,2489.0000,0.0000,0.0000,0.0000,0.0000,148,0,0,0,0,103,0,0,0,0
zc,WS301,2012-06-01 09:05:12.063,2489.0000,215822,0,0.0000,0.0000,0,0,多换,B,2488.0000,0.0000,0.0000,0.0000,0.0000,2489.0000,0.0000,0.0000,0.0000,0.0000,163,0,0,0,0,103,0,0,0,0
zc,WS301,2012-06-01 09:05:12.330,2489.0000,215788,-34,0.0000,126.0000,46,80,空平,B,2488.0000,0.0000,0.0000,0.0000,0.0000,2489.0000,0.0000,0.0000,0.0000,0.0000,139,0,0,0,0,40,0,0,0,0
zc,WS301,2012-06-01 09:05:13.097,2489.0000,215808,20,0.0000,92.0000,56,36,多开,B,2489.0000,0.0000,0.0000,0.0000,0.0000,2490.0000,0.0000,0.0000,0.0000,0.0000,54,0,0,0,0,124,0,0,0,0
zc,WS301,2012-06-01 09:05:13.563,2489.0000,215812,4,0.0000,4.0000,4,0,双开,B,2489.0000,0.0000,0.0000,0.0000,0.0000,2490.0000,0.0000,0.0000,0.0000,0.0000,54,0,0,0,0,122,0,0,0,0
zc,WS301,2012-06-01 09:05:14.360,2490.0000,215790,-22,0.0000,66.0000,22,44,空平,B,2489.0000,0.0000,0.0000,0.0000,0.0000,2490.0000,0.0000,0.0000,0.0000,0.0000,55,0,0,0,0,116,0,0,0,0
zc,WS301,2012-06-01 09:05:14.813,2490.0000,215786,-4,0.0000,4.0000,0,4,双平,B,2489.0000,0.0000,0.0000,0.0000,0.0000,2490.0000,0.0000,0.0000,0.0000,0.0000,55,0,0,0,0,116,0,0,0,0
zc,WS301,2012-06-01 09:05:15.313,2490.0000,215796,10,0.0000,40.0000,25,15,多开,B,2489.0000,0.0000,0.0000,0.0000,0.0000,2490.0000,0.0000,0.0000,0.0000,0.0000,59,0,0,0,0,92,0,0,0,0
zc,WS301,2012-06-01 09:05:15.830,2490.0000,215904,108,0.0000,184.0000,146,38,多开,B,2490.0000,0.0000,0.0000,0.0000,0.0000,2491.0000,0.0000,0.0000,0.0000,0.0000,117,0,0,0,0,41,0,0,0,0
zc,WS301,2012-06-01 09:05:16.533,2490.0000,215904,0,0.0000,0.0000,0,0,多换,B,2490.0000,0.0000,0.0000,0.0000,0.0000,2491.0000,0.0000,0.0000,0.0000,0.0000,175,0,0,0,0,41,0,0,0,0
zc,WS301,2012-06-01 09:05:17.047,2491.0000,215954,50,0.0000,128.0000,89,39,多开,B,2490.0000,0.0000,0.0000,0.0000,0.0000,2491.0000,0.0000,0.0000,0.0000,0.0000,173,0,0,0,0,4,0,0,0,0
zc,WS301,2012-06-01 09:05:17.563,2491.0000,215954,0,0.0000,4.0000,2,2,多换,B,2490.0000,0.0000,0.0000,0.0000,0.0000,2492.0000,0.0000,0.0000,0.0000,0.0000,175,0,0,0,0,19,0,0,0,0
zc,WS301,2012-06-01 09:05:18.297,2491.0000,215954,0,0.0000,0.0000,0,0,多换,B,2491.0000,0.0000,0.0000,0.0000,0.0000,2492.0000,0.0000,0.0000,0.0000,0.0000,52,0,0,0,0,19,0,0,0,0
zc,WS301,2012-06-01 09:05:18.830,2491.0000,215954,0,0.0000,0.0000,0,0,多换,B,2491.0000,0.0000,0.0000,0.0000,0.0000,2492.0000,0.0000,0.0000,0.0000,0.0000,54,0,0,0,0,20,0,0,0,0
zc,WS301,2012-06-01 09:05:19.533,2492.0000,215956,2,0.0000,4.0000,3,1,多开,B,2491.0000,0.0000,0.0000,0.0000,0.0000,2492.0000,0.0000,0.0000,0.0000,0.0000,54,0,0,0,0,23,0,0,0,0
zc,WS301,2012-06-01 09:05:19.907,2492.0000,216062,106,0.0000,116.0000,111,5,多开,B,2491.0000,0.0000,0.0000,0.0000,0.0000,2492.0000,0.0000,0.0000,0.0000,0.0000,83,0,0,0,0,28,0,0,0,0
zc,WS301,2012-06-01 09:05:20.563,2492.0000,216062,0,0.0000,2.0000,1,1,多换,B,2491.0000,0.0000,0.0000,0.0000,0.0000,2492.0000,0.0000,0.0000,0.0000,0.0000,83,0,0,0,0,27,0,0,0,0
zc,WS301,2012-06-01 09:05:21.047,2492.0000,216066,4,0.0000,6.0000,5,1,多开,B,2491.0000,0.0000,0.0000,0.0000,0.0000,2492.0000,0.0000,0.0000,0.0000,0.0000,82,0,0,0,0,25,0,0,0,0
zc,WS301,2012-06-01 09:05:21.813,2492.0000,216080,14,0.0000,24.0000,19,5,多开,B,2491.0000,0.0000,0.0000,0.0000,0.0000,2492.0000,0.0000,0.0000,0.0000,0.0000,82,0,0,0,0,13,0,0,0,0
zc,WS301,2012-06-01 09:05:22.360,2491.0000,216116,36,0.0000,36.0000,36,0,双开,S,2491.0000,0.0000,0.0000,0.0000,0.0000,2492.0000,0.0000,0.0000,0.0000,0.0000,80,0,0,0,0,39,0,0,0,0
zc,WS301,2012-06-01 09:05:22.830,2492.0000,216214,98,0.0000,176.0000,137,39,多开,B,2492.0000,0.0000,0.0000,0.0000,0.0000,2493.0000,0.0000,0.0000,0.0000,0.0000,51,0,0,0,0,59,0,0,0,0
zc,WS301,2012-06-01 09:05:23.580,2492.0000,216216,2,0.0000,86.0000,44,42,多开,B,2492.0000,0.0000,0.0000,0.0000,0.0000,2493.0000,0.0000,0.0000,0.0000,0.0000,9,0,0,0,0,60,0,0,0,0
zc,WS301,2012-06-01 09:05:24.127,2492.0000,216226,10,0.0000,22.0000,16,6,多开,B,2491.0000,0.0000,0.0000,0.0000,0.0000,2492.0000,0.0000,0.0000,0.0000,0.0000,101,0,0,0,0,226,0,0,0,0
zc,WS301,2012-06-01 09:05:24.783,2492.0000,216228,2,0.0000,6.0000,4,2,多开,B,2491.0000,0.0000,0.0000,0.0000,0.0000,2492.0000,0.0000,0.0000,0.0000,0.0000,101,0,0,0,0,225,0,0,0,0
zc,WS301,2012-06-01 09:05:25.330,2491.0000,216430,202,0.0000,222.0000,212,10,空开,S,2490.0000,0.0000,0.0000,0.0000,0.0000,2491.0000,0.0000,0.0000,0.0000,0.0000,134,0,0,0,0,44,0,0,0,0
zc,WS301,2012-06-01 09:05:25.813,2491.0000,216458,28,0.0000,30.0000,29,1,空开,S,2490.0000,0.0000,0.0000,0.0000,0.0000,2491.0000,0.0000,0.0000,0.0000,0.0000,123,0,0,0,0,99,0,0,0,0
zc,WS301,2012-06-01 09:05:26.360,2491.0000,216468,10,0.0000,10.0000,10,0,双开,S,2490.0000,0.0000,0.0000,0.0000,0.0000,2491.0000,0.0000,0.0000,0.0000,0.0000,123,0,0,0,0,66,0,0,0,0
zc,WS301,2012-06-01 09:05:27.143,2491.0000,216540,72,0.0000,92.0000,82,10,空开,S,2490.0000,0.0000,0.0000,0.0000,0.0000,2491.0000,0.0000,0.0000,0.0000,0.0000,120,0,0,0,0,20,0,0,0,0
zc,WS301,2012-06-01 09:05:27.533,2491.0000,216562,22,0.0000,32.0000,27,5,空开,S,2490.0000,0.0000,0.0000,0.0000,0.0000,2491.0000,0.0000,0.0000,0.0000,0.0000,21,0,0,0,0,4,0,0,0,0
zc,WS301,2012-06-01 09:05:28.813,2490.0000,216552,-10,0.0000,10.0000,0,10,双平,S,2490.0000,0.0000,0.0000,0.0000,0.0000,2491.0000,0.0000,0.0000,0.0000,0.0000,11,0,0,0,0,5,0,0,0,0
zc,WS301,2012-06-01 09:05:29.330,2491.0000,216550,-2,0.0000,4.0000,1,3,空平,B,2490.0000,0.0000,0.0000,0.0000,0.0000,2491.0000,0.0000,0.0000,0.0000,0.0000,14,0,0,0,0,52,0,0,0,0
zc,WS301,2012-06-01 09:05:29.783,2491.0000,216552,2,0.0000,4.0000,3,1,多开,B,2490.0000,0.0000,0.0000,0.0000,0.0000,2491.0000,0.0000,0.0000,0.0000,0.0000,13,0,0,0,0,101,0,0,0,0
zc,WS301,2012-06-01 09:05:30.297,2490.0000,216552,0,0.0000,52.0000,26,26,空换,S,2490.0000,0.0000,0.0000,0.0000,0.0000,2491.0000,0.0000,0.0000,0.0000,0.0000,12,0,0,0,0,107,0,0,0,0
zc,WS301,2012-06-01 09:05:31.097,2491.0000,216548,-4,0.0000,4.0000,0,4,双平,B,2490.0000,0.0000,0.0000,0.0000,0.0000,2491.0000,0.0000,0.0000,0.0000,0.0000,18,0,0,0,0,105,0,0,0,0
zc,WS301,2012-06-01 09:05:31.597,2491.0000,216548,0,0.0000,4.0000,2,2,多换,B,2490.0000,0.0000,0.0000,0.0000,0.0000,2491.0000,0.0000,0.0000,0.0000,0.0000,20,0,0,0,0,103,0,0,0,0
zc,WS301,2012-06-01 09:05:32.110,2491.0000,216548,0,0.0000,2.0000,1,1,多换,B,2490.0000,0.0000,0.0000,0.0000,0.0000,2491.0000,0.0000,0.0000,0.0000,0.0000,27,0,0,0,0,102,0,0,0,0
zc,WS301,2012-06-01 09:05:32.783,2491.0000,216588,40,0.0000,190.0000,115,75,多开,B,2490.0000,0.0000,0.0000,0.0000,0.0000,2491.0000,0.0000,0.0000,0.0000,0.0000,28,0,0,0,0,11,0,0,0,0
zc,WS301,2012-06-01 09:05:33.267,2490.0000,216586,-2,0.0000,6.0000,2,4,多平,S,2490.0000,0.0000,0.0000,0.0000,0.0000,2491.0000,0.0000,0.0000,0.0000,0.0000,28,0,0,0,0,22,0,0,0,0
zc,WS301,2012-06-01 09:05:33.813,2491.0000,216586,0,0.0000,4.0000,2,2,多换,B,2490.0000,0.0000,0.0000,0.0000,0.0000,2491.0000,0.0000,0.0000,0.0000,0.0000,50,0,0,0,0,52,0,0,0,0
zc,WS301,2012-06-01 09:05:34.297,2491.0000,216578,-8,0.0000,40.0000,16,24,空平,B,2490.0000,0.0000,0.0000,0.0000,0.0000,2491.0000,0.0000,0.0000,0.0000,0.0000,84,0,0,0,0,42,0,0,0,0
zc,WS301,2012-06-01 09:05:35.017,2491.0000,216568,-10,0.0000,10.0000,0,10,双平,B,2490.0000,0.0000,0.0000,0.0000,0.0000,2491.0000,0.0000,0.0000,0.0000,0.0000,89,0,0,0,0,37,0,0,0,0
zc,WS301,2012-06-01 09:05:35.563,2490.0000,216560,-8,0.0000,28.0000,10,18,多平,S,2490.0000,0.0000,0.0000,0.0000,0.0000,2491.0000,0.0000,0.0000,0.0000,0.0000,108,0,0,0,0,77,0,0,0,0
zc,WS301,2012-06-01 09:05:36.063,2490.0000,216552,-8,0.0000,12.0000,2,10,多平,S,2490.0000,0.0000,0.0000,0.0000,0.0000,2491.0000,0.0000,0.0000,0.0000,0.0000,104,0,0,0,0,74,0,0,0,0
zc,WS301,2012-06-01 09:05:36.797,2490.0000,216552,0,0.0000,0.0000,0,0,空换,S,2490.0000,0.0000,0.0000,0.0000,0.0000,2491.0000,0.0000,0.0000,0.0000,0.0000,104,0,0,0,0,77,0,0,0,0
zc,WS301,2012-06-01 09:05:37.360,2491.0000,216548,-4,0.0000,6.0000,1,5,空平,B,2490.0000,0.0000,0.0000,0.0000,0.0000,2491.0000,0.0000,0.0000,0.0000,0.0000,110,0,0,0,0,77,0,0,0,0
zc,WS301,2012-06-01 09:05:37.830,2490.0000,216530,-18,0.0000,22.0000,2,20,多平,S,2490.0000,0.0000,0.0000,0.0000,0.0000,2491.0000,0.0000,0.0000,0.0000,0.0000,113,0,0,0,0,67,0,0,0,0
zc,WS301,2012-06-01 09:05:39.033,2490.0000,216530,0,0.0000,0.0000,0,0,空换,S,2490.0000,0.0000,0.0000,0.0000,0.0000,2491.0000,0.0000,0.0000,0.0000,0.0000,114,0,0,0,0,74,0,0,0,0
zc,WS301,2012-06-01 09:05:39.563,2491.0000,216534,4,0.0000,22.0000,13,9,多开,B,2490.0000,0.0000,0.0000,0.0000,0.0000,2491.0000,0.0000,0.0000,0.0000,0.0000,115,0,0,0,0,63,0,0,0,0
zc,WS301,2012-06-01 09:05:40.063,2491.0000,216528,-6,0.0000,20.0000,7,13,空平,B,2490.0000,0.0000,0.0000,0.0000,0.0000,2491.0000,0.0000,0.0000,0.0000,0.0000,84,0,0,0,0,55,0,0,0,0
zc,WS301,2012-06-01 09:05:40.813,2491.0000,216528,0,0.0000,0.0000,0,0,多换,B,2490.0000,0.0000,0.0000,0.0000,0.0000,2491.0000,0.0000,0.0000,0.0000,0.0000,84,0,0,0,0,14,0,0,0,0
zc,WS301,2012-06-01 09:05:41.283,2490.0000,216526,-2,0.0000,4.0000,1,3,多平,S,2490.0000,0.0000,0.0000,0.0000,0.0000,2491.0000,0.0000,0.0000,0.0000,0.0000,83,0,0,0,0,13,0,0,0,0
zc,WS301,2012-06-01 09:05:41.783,2491.0000,216518,-8,0.0000,30.0000,11,19,空平,B,2491.0000,0.0000,0.0000,0.0000,0.0000,2492.0000,0.0000,0.0000,0.0000,0.0000,8,0,0,0,0,50,0,0,0,0
zc,WS301,2012-06-01 09:05:42.283,2491.0000,216528,10,0.0000,10.0000,10,0,双开,B,2491.0000,0.0000,0.0000,0.0000,0.0000,2492.0000,0.0000,0.0000,0.0000,0.0000,3,0,0,0,0,51,0,0,0,0
zc,WS301,2012-06-01 09:05:43.033,2491.0000,216532,4,0.0000,6.0000,5,1,多开,B,2491.0000,0.0000,0.0000,0.0000,0.0000,2492.0000,0.0000,0.0000,0.0000,0.0000,58,0,0,0,0,51,0,0,0,0
zc,WS301,2012-06-01 09:05:43.547,2491.0000,216532,0,0.0000,0.0000,0,0,多换,B,2491.0000,0.0000,0.0000,0.0000,0.0000,2492.0000,0.0000,0.0000,0.0000,0.0000,88,0,0,0,0,52,0,0,0,0
zc,WS301,2012-06-01 09:05:44.297,2492.0000,216536,4,0.0000,20.0000,12,8,多开,B,2491.0000,0.0000,0.0000,0.0000,0.0000,2492.0000,0.0000,0.0000,0.0000,0.0000,91,0,0,0,0,42,0,0,0,0
zc,WS301,2012-06-01 09:05:44.783,2492.0000,216592,56,0.0000,86.0000,71,15,多开,B,2492.0000,0.0000,0.0000,0.0000,0.0000,2493.0000,0.0000,0.0000,0.0000,0.0000,29,0,0,0,0,208,0,0,0,0
zc,WS301,2012-06-01 09:05:45.283,2492.0000,216594,2,0.0000,6.0000,4,2,多开,B,2492.0000,0.0000,0.0000,0.0000,0.0000,2493.0000,0.0000,0.0000,0.0000,0.0000,26,0,0,0,0,206,0,0,0,0
zc,WS301,2012-06-01 09:05:46.033,2492.0000,216564,-30,0.0000,90.0000,30,60,空平,B,2491.0000,0.0000,0.0000,0.0000,0.0000,2492.0000,0.0000,0.0000,0.0000,0.0000,77,0,0,0,0,32,0,0,0,0
zc,WS301,2012-06-01 09:05:46.610,2491.0000,216520,-44,0.0000,44.0000,0,44,双平,S,2491.0000,0.0000,0.0000,0.0000,0.0000,2492.0000,0.0000,0.0000,0.0000,0.0000,55,0,0,0,0,112,0,0,0,0
zc,WS301,2012-06-01 09:05:47.063,2491.0000,216520,0,0.0000,0.0000,0,0,空换,S,2491.0000,0.0000,0.0000,0.0000,0.0000,2492.0000,0.0000,0.0000,0.0000,0.0000,58,0,0,0,0,119,0,0,0,0
zc,WS301,2012-06-01 09:05:47.517,2492.0000,216520,0,0.0000,22.0000,11,11,多换,B,2491.0000,0.0000,0.0000,0.0000,0.0000,2492.0000,0.0000,0.0000,0.0000,0.0000,56,0,0,0,0,111,0,0,0,0
zc,WS301,2012-06-01 09:05:48.033,2492.0000,216520,0,0.0000,6.0000,3,3,多换,B,2491.0000,0.0000,0.0000,0.0000,0.0000,2492.0000,0.0000,0.0000,0.0000,0.0000,71,0,0,0,0,110,0,0,0,0
zc,WS301,2012-06-01 09:05:48.847,2492.0000,216538,18,0.0000,62.0000,40,22,多开,B,2491.0000,0.0000,0.0000,0.0000,0.0000,2492.0000,0.0000,0.0000,0.0000,0.0000,71,0,0,0,0,79,0,0,0,0
zc,WS301,2012-06-01 09:05:49.297,2491.0000,216536,-2,0.0000,6.0000,2,4,多平,S,2491.0000,0.0000,0.0000,0.0000,0.0000,2492.0000,0.0000,0.0000,0.0000,0.0000,68,0,0,0,0,82,0,0,0,0
zc,WS301,2012-06-01 09:05:50.080,2492.0000,216548,12,0.0000,42.0000,27,15,多开,B,2491.0000,0.0000,0.0000,0.0000,0.0000,2492.0000,0.0000,0.0000,0.0000,0.0000,51,0,0,0,0,94,0,0,0,0
zc,WS301,2012-06-01 09:05:51.063,2492.0000,216552,4,0.0000,4.0000,4,0,双开,B,2491.0000,0.0000,0.0000,0.0000,0.0000,2492.0000,0.0000,0.0000,0.0000,0.0000,62,0,0,0,0,92,0,0,0,0
zc,WS301,2012-06-01 09:05:51.580,2492.0000,216552,0,0.0000,0.0000,0,0,多换,B,2491.0000,0.0000,0.0000,0.0000,0.0000,2492.0000,0.0000,0.0000,0.0000,0.0000,67,0,0,0,0,92,0,0,0,0
zc,WS301,2012-06-01 09:05:52.033,2491.0000,216554,2,0.0000,4.0000,3,1,空开,S,2491.0000,0.0000,0.0000,0.0000,0.0000,2492.0000,0.0000,0.0000,0.0000,0.0000,76,0,0,0,0,114,0,0,0,0
zc,WS301,2012-06-01 09:05:52.533,2491.0000,216538,-16,0.0000,142.0000,63,79,多平,S,2491.0000,0.0000,0.0000,0.0000,0.0000,2492.0000,0.0000,0.0000,0.0000,0.0000,6,0,0,0,0,114,0,0,0,0
