市场代码,合约代码,时间,最新,持仓,增仓,成交额,成交量,开仓,平仓,成交类型,方向,买一价,买二价,买三价,买四价,买五价,卖一价,卖二价,卖三价,卖四价,卖五价,买一量,买二量,买三量,买四量,买五量,卖一量,卖二量,卖三量,卖四量,卖五量
zc,TA211,2012-06-21 08:02:05.973,0.0000,448,0,0.0000,0.0000,0,0,空换,S,0.0000,0.0000,0.0000,0.0000,0.0000,0.0000,0.0000,0.0000,0.0000,0.0000,0,0,0,0,0,0,0,0,0,0
zc,TA211,2012-06-21 08:10:05.957,0.0000,448,0,0.0000,0.0000,0,0,空换,S,0.0000,0.0000,0.0000,0.0000,0.0000,0.0000,0.0000,0.0000,0.0000,0.0000,0,0,0,0,0,0,0,0,0,0
zc,TA211,2012-06-21 08:11:05.973,0.0000,448,0,0.0000,0.0000,0,0,空换,S,0.0000,0.0000,0.0000,0.0000,0.0000,0.0000,0.0000,0.0000,0.0000,0.0000,0,0,0,0,0,0,0,0,0,0
zc,TA211,2012-06-21 08:12:05.957,0.0000,448,0,0.0000,0.0000,0,0,空换,S,0.0000,0.0000,0.0000,0.0000,0.0000,0.0000,0.0000,0.0000,0.0000,0.0000,0,0,0,0,0,0,0,0,0,0
zc,TA211,2012-06-21 08:25:05.957,0.0000,448,0,0.0000,0.0000,0,0,空换,S,0.0000,0.0000,0.0000,0.0000,0.0000,0.0000,0.0000,0.0000,0.0000,0.0000,0,0,0,0,0,0,0,0,0,0
zc,TA211,2012-06-21 08:59:00.143,0.0000,448,0,0.0000,0.0000,0,0,空换,S,7150.0000,0.0000,0.0000,0.0000,0.0000,7590.0000,0.0000,0.0000,0.0000,0.0000,1,0,0,0,0,1,0,0,0,0
zc,TA211,2012-06-21 09:00:00.330,0.0000,448,0,0.0000,0.0000,0,0,空换,S,7150.0000,0.0000,0.0000,0.0000,0.0000,7188.0000,0.0000,0.0000,0.0000,0.0000,1,0,0,0,0,1,0,0,0,0
zc,TA211,2012-06-21 09:00:01.067,0.0000,448,0,0.0000,0.0000,0,0,空换,S,7150.0000,0.0000,0.0000,0.0000,0.0000,7186.0000,0.0000,0.0000,0.0000,0.0000,1,0,0,0,0,1,0,0,0,0
zc,TA211,2012-06-21 09:00:02.143,0.0000,448,0,0.0000,0.0000,0,0,空换,S,7150.0000,0.0000,0.0000,0.0000,0.0000,7182.0000,0.0000,0.0000,0.0000,0.0000,1,0,0,0,0,1,0,0,0,0
zc,TA211,2012-06-21 09:00:04.113,0.0000,448,0,0.0000,0.0000,0,0,空换,S,7150.0000,0.0000,0.0000,0.0000,0.0000,7174.0000,0.0000,0.0000,0.0000,0.0000,1,0,0,0,0,1,0,0,0,0
zc,TA211,2012-06-21 09:00:05.330,0.0000,448,0,0.0000,0.0000,0,0,空换,S,7150.0000,0.0000,0.0000,0.0000,0.0000,7168.0000,0.0000,0.0000,0.0000,0.0000,1,0,0,0,0,1,0,0,0,0
zc,TA211,2012-06-21 09:00:06.143,0.0000,448,0,0.0000,0.0000,0,0,空换,S,7150.0000,0.0000,0.0000,0.0000,0.0000,7166.0000,0.0000,0.0000,0.0000,0.0000,1,0,0,0,0,1,0,0,0,0
zc,TA211,2012-06-21 09:00:06.863,0.0000,448,0,0.0000,0.0000,0,0,空换,S,7150.0000,0.0000,0.0000,0.0000,0.0000,7176.0000,0.0000,0.0000,0.0000,0.0000,1,0,0,0,0,1,0,0,0,0
zc,TA211,2012-06-21 09:00:07.613,0.0000,448,0,0.0000,0.0000,0,0,空换,S,7150.0000,0.0000,0.0000,0.0000,0.0000,7166.0000,0.0000,0.0000,0.0000,0.0000,1,0,0,0,0,1,0,0,0,0
zc,TA211,2012-06-21 09:00:08.830,0.0000,448,0,0.0000,0.0000,0,0,空换,S,7150.0000,0.0000,0.0000,0.0000,0.0000,7162.0000,0.0000,0.0000,0.0000,0.0000,1,0,0,0,0,1,0,0,0,0
zc,TA211,2012-06-21 09:00:09.300,0.0000,448,0,0.0000,0.0000,0,0,空换,S,7150.0000,0.0000,0.0000,0.0000,0.0000,7166.0000,0.0000,0.0000,0.0000,0.0000,1,0,0,0,0,1,0,0,0,0
zc,TA211,2012-06-21 09:00:09.847,0.0000,448,0,0.0000,0.0000,0,0,空换,S,7150.0000,0.0000,0.0000,0.0000,0.0000,7164.0000,0.0000,0.0000,0.0000,0.0000,1,0,0,0,0,1,0,0,0,0
zc,TA211,2012-06-21 09:00:10.567,0.0000,448,0,0.0000,0.0000,0,0,空换,S,7150.0000,0.0000,0.0000,0.0000,0.0000,7160.0000,0.0000,0.0000,0.0000,0.0000,1,0,0,0,0,1,0,0,0,0
zc,TA211,2012-06-21 09:00:11.580,0.0000,448,0,0.0000,0.0000,0,0,空换,S,7150.0000,0.0000,0.0000,0.0000,0.0000,7152.0000,0.0000,0.0000,0.0000,0.0000,1,0,0,0,0,1,0,0,0,0
zc,TA211,2012-06-21 09:00:12.363,7150.0000,450,2,0.0000,2.0000,2,0,双开,B,7072.0000,0.0000,0.0000,0.0000,0.0000,7164.0000,0.0000,0.0000,0.0000,0.0000,30,0,0,0,0,1,0,0,0,0
zc,TA211,2012-06-21 09:00:13.050,7150.0000,450,0,0.0000,0.0000,0,0,多换,B,7072.0000,0.0000,0.0000,0.0000,0.0000,7162.0000,0.0000,0.0000,0.0000,0.0000,30,0,0,0,0,1,0,0,0,0
zc,TA211,2012-06-21 09:00:14.067,7150.0000,450,0,0.0000,0.0000,0,0,多换,B,7072.0000,0.0000,0.0000,0.0000,0.0000,7158.0000,0.0000,0.0000,0.0000,0.0000,30,0,0,0,0,1,0,0,0,0
zc,TA211,2012-06-21 09:00:14.817,7150.0000,450,0,0.0000,0.0000,0,0,多换,B,7072.0000,0.0000,0.0000,0.0000,0.0000,7156.0000,0.0000,0.0000,0.0000,0.0000,30,0,0,0,0,1,0,0,0,0
zc,TA211,2012-06-21 09:00:15.863,7150.0000,450,0,0.0000,0.0000,0,0,多换,B,7072.0000,0.0000,0.0000,0.0000,0.0000,7160.0000,0.0000,0.0000,0.0000,0.0000,30,0,0,0,0,1,0,0,0,0
zc,TA211,2012-06-21 09:00:16.567,7150.0000,450,0,0.0000,0.0000,0,0,多换,B,7072.0000,0.0000,0.0000,0.0000,0.0000,7158.0000,0.0000,0.0000,0.0000,0.0000,30,0,0,0,0,1,0,0,0,0
zc,TA211,2012-06-21 09:00:18.830,7150.0000,450,0,0.0000,0.0000,0,0,多换,B,7072.0000,0.0000,0.0000,0.0000,0.0000,7156.0000,0.0000,0.0000,0.0000,0.0000,30,0,0,0,0,1,0,0,0,0
zc,TA211,2012-06-21 09:00:20.330,7150.0000,450,0,0.0000,0.0000,0,0,多换,B,7072.0000,0.0000,0.0000,0.0000,0.0000,7158.0000,0.0000,0.0000,0.0000,0.0000,30,0,0,0,0,1,0,0,0,0
zc,TA211,2012-06-21 09:00:20.863,7150.0000,450,0,0.0000,0.0000,0,0,多换,B,7072.0000,0.0000,0.0000,0.0000,0.0000,7162.0000,0.0000,0.0000,0.0000,0.0000,30,0,0,0,0,1,0,0,0,0
zc,TA211,2012-06-21 09:00:21.800,7150.0000,450,0,0.0000,0.0000,0,0,多换,B,7072.0000,0.0000,0.0000,0.0000,0.0000,7156.0000,0.0000,0.0000,0.0000,0.0000,30,0,0,0,0,1,0,0,0,0
zc,TA211,2012-06-21 09:00:22.863,7150.0000,450,0,0.0000,0.0000,0,0,多换,B,7072.0000,0.0000,0.0000,0.0000,0.0000,7160.0000,0.0000,0.0000,0.0000,0.0000,30,0,0,0,0,1,0,0,0,0
zc,TA211,2012-06-21 09:00:23.580,7150.0000,450,0,0.0000,0.0000,0,0,多换,B,7072.0000,0.0000,0.0000,0.0000,0.0000,7158.0000,0.0000,0.0000,0.0000,0.0000,30,0,0,0,0,1,0,0,0,0
zc,TA211,2012-06-21 09:00:27.830,7150.0000,450,0,0.0000,0.0000,0,0,多换,B,7072.0000,0.0000,0.0000,0.0000,0.0000,7156.0000,0.0000,0.0000,0.0000,0.0000,30,0,0,0,0,1,0,0,0,0
zc,TA211,2012-06-21 09:00:29.847,7150.0000,450,0,0.0000,0.0000,0,0,多换,B,7072.0000,0.0000,0.0000,0.0000,0.0000,7158.0000,0.0000,0.0000,0.0000,0.0000,30,0,0,0,0,1,0,0,0,0
zc,TA211,2012-06-21 09:00:31.347,7150.0000,450,0,0.0000,0.0000,0,0,多换,B,7072.0000,0.0000,0.0000,0.0000,0.0000,7160.0000,0.0000,0.0000,0.0000,0.0000,30,0,0,0,0,1,0,0,0,0
zc,TA211,2012-06-21 09:00:32.580,7150.0000,450,0,0.0000,0.0000,0,0,多换,B,7072.0000,0.0000,0.0000,0.0000,0.0000,7162.0000,0.0000,0.0000,0.0000,0.0000,30,0,0,0,0,1,0,0,0,0
zc,TA211,2012-06-21 09:00:33.020,7150.0000,450,0,0.0000,0.0000,0,0,多换,B,7072.0000,0.0000,0.0000,0.0000,0.0000,7158.0000,0.0000,0.0000,0.0000,0.0000,30,0,0,0,0,1,0,0,0,0
zc,TA211,2012-06-21 09:00:34.330,7150.0000,450,0,0.0000,0.0000,0,0,多换,B,7094.0000,0.0000,0.0000,0.0000,0.0000,7160.0000,0.0000,0.0000,0.0000,0.0000,1,0,0,0,0,1,0,0,0,0
zc,TA211,2012-06-21 09:00:35.080,7150.0000,450,0,0.0000,0.0000,0,0,多换,B,7094.0000,0.0000,0.0000,0.0000,0.0000,7162.0000,0.0000,0.0000,0.0000,0.0000,1,0,0,0,0,1,0,0,0,0
zc,TA211,2012-06-21 09:00:36.080,7150.0000,450,0,0.0000,0.0000,0,0,多换,B,7096.0000,0.0000,0.0000,0.0000,0.0000,7160.0000,0.0000,0.0000,0.0000,0.0000,1,0,0,0,0,1,0,0,0,0
zc,TA211,2012-06-21 09:00:36.533,7150.0000,450,0,0.0000,0.0000,0,0,多换,B,7096.0000,0.0000,0.0000,0.0000,0.0000,7162.0000,0.0000,0.0000,0.0000,0.0000,1,0,0,0,0,1,0,0,0,0
zc,TA211,2012-06-21 09:00:37.817,7150.0000,450,0,0.0000,0.0000,0,0,多换,B,7096.0000,0.0000,0.0000,0.0000,0.0000,7164.0000,0.0000,0.0000,0.0000,0.0000,1,0,0,0,0,1,0,0,0,0
zc,TA211,2012-06-21 09:00:38.550,7150.0000,450,0,0.0000,0.0000,0,0,多换,B,7098.0000,0.0000,0.0000,0.0000,0.0000,7164.0000,0.0000,0.0000,0.0000,0.0000,1,0,0,0,0,1,0,0,0,0
zc,TA211,2012-06-21 09:00:39.300,7150.0000,450,0,0.0000,0.0000,0,0,多换,B,7098.0000,0.0000,0.0000,0.0000,0.0000,7166.0000,0.0000,0.0000,0.0000,0.0000,1,0,0,0,0,1,0,0,0,0
zc,TA211,2012-06-21 09:00:39.817,7150.0000,450,0,0.0000,0.0000,0,0,多换,B,7096.0000,0.0000,0.0000,0.0000,0.0000,7162.0000,0.0000,0.0000,0.0000,0.0000,1,0,0,0,0,1,0,0,0,0
zc,TA211,2012-06-21 09:00:40.580,7150.0000,450,0,0.0000,0.0000,0,0,多换,B,7098.0000,0.0000,0.0000,0.0000,0.0000,7166.0000,0.0000,0.0000,0.0000,0.0000,1,0,0,0,0,1,0,0,0,0
zc,TA211,2012-06-21 09:00:40.783,7150.0000,450,0,0.0000,0.0000,0,0,多换,B,7100.0000,0.0000,0.0000,0.0000,0.0000,7168.0000,0.0000,0.0000,0.0000,0.0000,1,0,0,0,0,1,0,0,0,0
zc,TA211,2012-06-21 09:00:42.033,7150.0000,450,0,0.0000,0.0000,0,0,多换,B,7100.0000,0.0000,0.0000,0.0000,0.0000,7170.0000,0.0000,0.0000,0.0000,0.0000,1,0,0,0,0,1,0,0,0,0
zc,TA211,2012-06-21 09:00:42.817,7150.0000,450,0,0.0000,0.0000,0,0,多换,B,7104.0000,0.0000,0.0000,0.0000,0.0000,7172.0000,0.0000,0.0000,0.0000,0.0000,1,0,0,0,0,1,0,0,0,0
zc,TA211,2012-06-21 09:00:43.347,7150.0000,450,0,0.0000,0.0000,0,0,多换,B,7106.0000,0.0000,0.0000,0.0000,0.0000,7172.0000,0.0000,0.0000,0.0000,0.0000,1,0,0,0,0,1,0,0,0,0
zc,TA211,2012-06-21 09:00:44.067,7150.0000,450,0,0.0000,0.0000,0,0,多换,B,7102.0000,0.0000,0.0000,0.0000,0.0000,7170.0000,0.0000,0.0000,0.0000,0.0000,1,0,0,0,0,1,0,0,0,0
zc,TA211,2012-06-21 09:00:44.550,7150.0000,450,0,0.0000,0.0000,0,0,多换,B,7102.0000,0.0000,0.0000,0.0000,0.0000,7168.0000,0.0000,0.0000,0.0000,0.0000,1,0,0,0,0,1,0,0,0,0
zc,TA211,2012-06-21 09:00:45.270,7150.0000,450,0,0.0000,0.0000,0,0,多换,B,7102.0000,0.0000,0.0000,0.0000,0.0000,7166.0000,0.0000,0.0000,0.0000,0.0000,1,0,0,0,0,1,0,0,0,0
zc,TA211,2012-06-21 09:00:45.800,7150.0000,450,0,0.0000,0.0000,0,0,多换,B,7100.0000,0.0000,0.0000,0.0000,0.0000,7166.0000,0.0000,0.0000,0.0000,0.0000,1,0,0,0,0,1,0,0,0,0
zc,TA211,2012-06-21 09:00:46.580,7150.0000,450,0,0.0000,0.0000,0,0,多换,B,7100.0000,0.0000,0.0000,0.0000,0.0000,7164.0000,0.0000,0.0000,0.0000,0.0000,1,0,0,0,0,1,0,0,0,0
zc,TA211,2012-06-21 09:00:47.080,7150.0000,450,0,0.0000,0.0000,0,0,多换,B,7100.0000,0.0000,0.0000,0.0000,0.0000,7166.0000,0.0000,0.0000,0.0000,0.0000,1,0,0,0,0,1,0,0,0,0
zc,TA211,2012-06-21 09:00:48.067,7150.0000,450,0,0.0000,0.0000,0,0,多换,B,7104.0000,0.0000,0.0000,0.0000,0.0000,7164.0000,0.0000,0.0000,0.0000,0.0000,1,0,0,0,0,1,0,0,0,0
zc,TA211,2012-06-21 09:00:49.283,7150.0000,450,0,0.0000,0.0000,0,0,多换,B,7102.0000,0.0000,0.0000,0.0000,0.0000,7146.0000,0.0000,0.0000,0.0000,0.0000,1,0,0,0,0,1,0,0,0,0
zc,TA211,2012-06-21 09:00:49.817,7150.0000,450,0,0.0000,0.0000,0,0,多换,B,7100.0000,0.0000,0.0000,0.0000,0.0000,7150.0000,0.0000,0.0000,0.0000,0.0000,2,0,0,0,0,1,0,0,0,0
zc,TA211,2012-06-21 09:00:50.253,7150.0000,450,0,0.0000,0.0000,0,0,多换,B,7102.0000,0.0000,0.0000,0.0000,0.0000,7150.0000,0.0000,0.0000,0.0000,0.0000,1,0,0,0,0,1,0,0,0,0
zc,TA211,2012-06-21 09:00:51.033,7150.0000,450,0,0.0000,0.0000,0,0,多换,B,7100.0000,0.0000,0.0000,0.0000,0.0000,7148.0000,0.0000,0.0000,0.0000,0.0000,1,0,0,0,0,1,0,0,0,0
zc,TA211,2012-06-21 09:00:51.550,7150.0000,450,0,0.0000,0.0000,0,0,多换,B,7100.0000,0.0000,0.0000,0.0000,0.0000,7146.0000,0.0000,0.0000,0.0000,0.0000,1,0,0,0,0,1,0,0,0,0
zc,TA211,2012-06-21 09:00:52.783,7150.0000,450,0,0.0000,0.0000,0,0,多换,B,7100.0000,0.0000,0.0000,0.0000,0.0000,7148.0000,0.0000,0.0000,0.0000,0.0000,1,0,0,0,0,1,0,0,0,0
zc,TA211,2012-06-21 09:00:53.550,7150.0000,450,0,0.0000,0.0000,0,0,多换,B,7098.0000,0.0000,0.0000,0.0000,0.0000,7148.0000,0.0000,0.0000,0.0000,0.0000,4,0,0,0,0,1,0,0,0,0
zc,TA211,2012-06-21 09:00:54.067,7150.0000,450,0,0.0000,0.0000,0,0,多换,B,7100.0000,0.0000,0.0000,0.0000,0.0000,7148.0000,0.0000,0.0000,0.0000,0.0000,1,0,0,0,0,1,0,0,0,0
zc,TA211,2012-06-21 09:00:55.050,7150.0000,450,0,0.0000,0.0000,0,0,多换,B,7102.0000,0.0000,0.0000,0.0000,0.0000,7148.0000,0.0000,0.0000,0.0000,0.0000,1,0,0,0,0,1,0,0,0,0
zc,TA211,2012-06-21 09:00:55.597,7150.0000,450,0,0.0000,0.0000,0,0,多换,B,7100.0000,0.0000,0.0000,0.0000,0.0000,7150.0000,0.0000,0.0000,0.0000,0.0000,2,0,0,0,0,1,0,0,0,0
zc,TA211,2012-06-21 09:00:56.783,7150.0000,450,0,0.0000,0.0000,0,0,多换,B,7102.0000,0.0000,0.0000,0.0000,0.0000,7152.0000,0.0000,0.0000,0.0000,0.0000,1,0,0,0,0,1,0,0,0,0
zc,TA211,2012-06-21 09:00:57.567,7150.0000,450,0,0.0000,0.0000,0,0,多换,B,7102.0000,0.0000,0.0000,0.0000,0.0000,7152.0000,0.0000,0.0000,0.0000,0.0000,2,0,0,0,0,1,0,0,0,0
zc,TA211,2012-06-21 09:00:58.033,7150.0000,450,0,0.0000,0.0000,0,0,多换,B,7102.0000,0.0000,0.0000,0.0000,0.0000,7152.0000,0.0000,0.0000,0.0000,0.0000,1,0,0,0,0,1,0,0,0,0
zc,TA211,2012-06-21 09:00:58.800,7150.0000,450,0,0.0000,0.0000,0,0,多换,B,7104.0000,0.0000,0.0000,0.0000,0.0000,7150.0000,0.0000,0.0000,0.0000,0.0000,1,0,0,0,0,1,0,0,0,0
zc,TA211,2012-06-21 09:00:59.050,7150.0000,450,0,0.0000,0.0000,0,0,多换,B,7104.0000,0.0000,0.0000,0.0000,0.0000,7154.0000,0.0000,0.0000,0.0000,0.0000,1,0,0,0,0,1,0,0,0,0
zc,TA211,2012-06-21 09:01:01.800,7150.0000,450,0,0.0000,0.0000,0,0,多换,B,7106.0000,0.0000,0.0000,0.0000,0.0000,7156.0000,0.0000,0.0000,0.0000,0.0000,1,0,0,0,0,1,0,0,0,0
zc,TA211,2012-06-21 09:01:03.067,7150.0000,450,0,0.0000,0.0000,0,0,多换,B,7104.0000,0.0000,0.0000,0.0000,0.0000,7152.0000,0.0000,0.0000,0.0000,0.0000,1,0,0,0,0,1,0,0,0,0
zc,TA211,2012-06-21 09:01:03.800,7150.0000,450,0,0.0000,0.0000,0,0,多换,B,7102.0000,0.0000,0.0000,0.0000,0.0000,7152.0000,0.0000,0.0000,0.0000,0.0000,2,0,0,0,0,1,0,0,0,0
zc,TA211,2012-06-21 09:01:04.317,7150.0000,450,0,0.0000,0.0000,0,0,多换,B,7102.0000,0.0000,0.0000,0.0000,0.0000,7148.0000,0.0000,0.0000,0.0000,0.0000,1,0,0,0,0,1,0,0,0,0
zc,TA211,2012-06-21 09:01:05.033,7150.0000,450,0,0.0000,0.0000,0,0,多换,B,7102.0000,0.0000,0.0000,0.0000,0.0000,7152.0000,0.0000,0.0000,0.0000,0.0000,1,0,0,0,0,1,0,0,0,0
zc,TA211,2012-06-21 09:01:06.080,7150.0000,450,0,0.0000,0.0000,0,0,多换,B,7102.0000,0.0000,0.0000,0.0000,0.0000,7150.0000,0.0000,0.0000,0.0000,0.0000,1,0,0,0,0,1,0,0,0,0
zc,TA211,2012-06-21 09:01:06.597,7150.0000,450,0,0.0000,0.0000,0,0,多换,B,7102.0000,0.0000,0.0000,0.0000,0.0000,7148.0000,0.0000,0.0000,0.0000,0.0000,1,0,0,0,0,1,0,0,0,0
zc,TA211,2012-06-21 09:01:09.067,7150.0000,450,0,0.0000,0.0000,0,0,多换,B,7102.0000,0.0000,0.0000,0.0000,0.0000,7146.0000,0.0000,0.0000,0.0000,0.0000,1,0,0,0,0,1,0,0,0,0
zc,TA211,2012-06-21 09:01:11.533,7150.0000,450,0,0.0000,0.0000,0,0,多换,B,7100.0000,0.0000,0.0000,0.0000,0.0000,7148.0000,0.0000,0.0000,0.0000,0.0000,1,0,0,0,0,1,0,0,0,0
zc,TA211,2012-06-21 09:01:12.550,7150.0000,450,0,0.0000,0.0000,0,0,多换,B,7104.0000,0.0000,0.0000,0.0000,0.0000,7148.0000,0.0000,0.0000,0.0000,0.0000,1,0,0,0,0,1,0,0,0,0
zc,TA211,2012-06-21 09:01:13.300,7150.0000,450,0,0.0000,0.0000,0,0,多换,B,7104.0000,0.0000,0.0000,0.0000,0.0000,7150.0000,0.0000,0.0000,0.0000,0.0000,1,0,0,0,0,1,0,0,0,0
zc,TA211,2012-06-21 09:01:16.050,7150.0000,450,0,0.0000,0.0000,0,0,多换,B,7104.0000,0.0000,0.0000,0.0000,0.0000,7152.0000,0.0000,0.0000,0.0000,0.0000,1,0,0,0,0,1,0,0,0,0
zc,TA211,2012-06-21 09:01:17.270,7150.0000,450,0,0.0000,0.0000,0,0,多换,B,7104.0000,0.0000,0.0000,0.0000,0.0000,7150.0000,0.0000,0.0000,0.0000,0.0000,1,0,0,0,0,1,0,0,0,0
zc,TA211,2012-06-21 09:01:17.800,7150.0000,450,0,0.0000,0.0000,0,0,多换,B,7104.0000,0.0000,0.0000,0.0000,0.0000,7148.0000,0.0000,0.0000,0.0000,0.0000,1,0,0,0,0,1,0,0,0,0
zc,TA211,2012-06-21 09:01:18.520,7150.0000,450,0,0.0000,0.0000,0,0,多换,B,7104.0000,0.0000,0.0000,0.0000,0.0000,7154.0000,0.0000,0.0000,0.0000,0.0000,1,0,0,0,0,1,0,0,0,0
zc,TA211,2012-06-21 09:01:19.817,7150.0000,450,0,0.0000,0.0000,0,0,多换,B,7102.0000,0.0000,0.0000,0.0000,0.0000,7152.0000,0.0000,0.0000,0.0000,0.0000,2,0,0,0,0,1,0,0,0,0
zc,TA211,2012-06-21 09:01:22.567,7150.0000,450,0,0.0000,0.0000,0,0,多换,B,7104.0000,0.0000,0.0000,0.0000,0.0000,7148.0000,0.0000,0.0000,0.0000,0.0000,1,0,0,0,0,1,0,0,0,0
zc,TA211,2012-06-21 09:01:23.300,7150.0000,450,0,0.0000,0.0000,0,0,多换,B,7104.0000,0.0000,0.0000,0.0000,0.0000,7154.0000,0.0000,0.0000,0.0000,0.0000,2,0,0,0,0,1,0,0,0,0
zc,TA211,2012-06-21 09:01:27.050,7150.0000,450,0,0.0000,0.0000,0,0,多换,B,7104.0000,0.0000,0.0000,0.0000,0.0000,7152.0000,0.0000,0.0000,0.0000,0.0000,1,0,0,0,0,1,0,0,0,0
zc,TA211,2012-06-21 09:01:27.800,7150.0000,450,0,0.0000,0.0000,0,0,多换,B,7104.0000,0.0000,0.0000,0.0000,0.0000,7154.0000,0.0000,0.0000,0.0000,0.0000,1,0,0,0,0,1,0,0,0,0
zc,TA211,2012-06-21 09:01:28.300,7150.0000,450,0,0.0000,0.0000,0,0,多换,B,7104.0000,0.0000,0.0000,0.0000,0.0000,7152.0000,0.0000,0.0000,0.0000,0.0000,1,0,0,0,0,1,0,0,0,0
zc,TA211,2012-06-21 09:01:29.533,7150.0000,450,0,0.0000,0.0000,0,0,多换,B,7102.0000,0.0000,0.0000,0.0000,0.0000,7148.0000,0.0000,0.0000,0.0000,0.0000,1,0,0,0,0,1,0,0,0,0
zc,TA211,2012-06-21 09:01:31.520,7150.0000,450,0,0.0000,0.0000,0,0,多换,B,7106.0000,0.0000,0.0000,0.0000,0.0000,7156.0000,0.0000,0.0000,0.0000,0.0000,1,0,0,0,0,1,0,0,0,0
zc,TA211,2012-06-21 09:01:32.033,7150.0000,450,0,0.0000,0.0000,0,0,多换,B,7104.0000,0.0000,0.0000,0.0000,0.0000,7150.0000,0.0000,0.0000,0.0000,0.0000,1,0,0,0,0,1,0,0,0,0
zc,TA211,2012-06-21 09:01:32.783,7150.0000,450,0,0.0000,0.0000,0,0,多换,B,7102.0000,0.0000,0.0000,0.0000,0.0000,7150.0000,0.0000,0.0000,0.0000,0.0000,1,0,0,0,0,1,0,0,0,0
zc,TA211,2012-06-21 09:01:33.770,7150.0000,450,0,0.0000,0.0000,0,0,多换,B,7102.0000,0.0000,0.0000,0.0000,0.0000,7152.0000,0.0000,0.0000,0.0000,0.0000,1,0,0,0,0,1,0,0,0,0
zc,TA211,2012-06-21 09:01:34.317,7150.0000,450,0,0.0000,0.0000,0,0,多换,B,7102.0000,0.0000,0.0000,0.0000,0.0000,7152.0000,0.0000,0.0000,0.0000,0.0000,2,0,0,0,0,1,0,0,0,0
zc,TA211,2012-06-21 09:01:36.580,7150.0000,450,0,0.0000,0.0000,0,0,多换,B,7104.0000,0.0000,0.0000,0.0000,0.0000,7152.0000,0.0000,0.0000,0.0000,0.0000,1,0,0,0,0,1,0,0,0,0
zc,TA211,2012-06-21 09:01:39.050,7150.0000,450,0,0.0000,0.0000,0,0,多换,B,7102.0000,0.0000,0.0000,0.0000,0.0000,7150.0000,0.0000,0.0000,0.0000,0.0000,1,0,0,0,0,1,0,0,0,0
zc,TA211,2012-06-21 09:01:41.067,7150.0000,450,0,0.0000,0.0000,0,0,多换,B,7102.0000,0.0000,0.0000,0.0000,0.0000,7148.0000,0.0000,0.0000,0.0000,0.0000,1,0,0,0,0,1,0,0,0,0
zc,TA211,2012-06-21 09:01:43.550,7150.0000,450,0,0.0000,0.0000,0,0,多换,B,7100.0000,0.0000,0.0000,0.0000,0.0000,7148.0000,0.0000,0.0000,0.0000,0.0000,1,0,0,0,0,1,0,0,0,0
zc,TA211,2012-06-21 09:01:44.253,7150.0000,450,0,0.0000,0.0000,0,0,多换,B,7100.0000,0.0000,0.0000,0.0000,0.0000,7146.0000,0.0000,0.0000,0.0000,0.0000,1,0,0,0,0,1,0,0,0,0
zc,TA211,2012-06-21 09:01:45.550,7150.0000,450,0,0.0000,0.0000,0,0,多换,B,7100.0000,0.0000,0.0000,0.0000,0.0000,7144.0000,0.0000,0.0000,0.0000,0.0000,1,0,0,0,0,1,0,0,0,0
zc,TA211,2012-06-21 09:01:46.033,7150.0000,450,0,0.0000,0.0000,0,0,多换,B,7098.0000,0.0000,0.0000,0.0000,0.0000,7142.0000,0.0000,0.0000,0.0000,0.0000,1,0,0,0,0,1,0,0,0,0
zc,TA211,2012-06-21 09:01:47.520,7150.0000,450,0,0.0000,0.0000,0,0,多换,B,7096.0000,0.0000,0.0000,0.0000,0.0000,7142.0000,0.0000,0.0000,0.0000,0.0000,1,0,0,0,0,1,0,0,0,0
zc,TA211,2012-06-21 09:01:48.783,7150.0000,450,0,0.0000,0.0000,0,0,多换,B,7096.0000,0.0000,0.0000,0.0000,0.0000,7144.0000,0.0000,0.0000,0.0000,0.0000,1,0,0,0,0,1,0,0,0,0
zc,TA211,2012-06-21 09:01:49.753,7150.0000,450,0,0.0000,0.0000,0,0,多换,B,7096.0000,0.0000,0.0000,0.0000,0.0000,7142.0000,0.0000,0.0000,0.0000,0.0000,1,0,0,0,0,1,0,0,0,0
zc,TA211,2012-06-21 09:01:50.270,7150.0000,450,0,0.0000,0.0000,0,0,多换,B,7096.0000,0.0000,0.0000,0.0000,0.0000,7144.0000,0.0000,0.0000,0.0000,0.0000,1,0,0,0,0,1,0,0,0,0
zc,TA211,2012-06-21 09:01:51.020,7150.0000,450,0,0.0000,0.0000,0,0,多换,B,7096.0000,0.0000,0.0000,0.0000,0.0000,7142.0000,0.0000,0.0000,0.0000,0.0000,1,0,0,0,0,1,0,0,0,0
zc,TA211,2012-06-21 09:01:51.533,7150.0000,450,0,0.0000,0.0000,0,0,多换,B,7094.0000,0.0000,0.0000,0.0000,0.0000,7142.0000,0.0000,0.0000,0.0000,0.0000,1,0,0,0,0,1,0,0,0,0
zc,TA211,2012-06-21 09:01:54.770,7150.0000,450,0,0.0000,0.0000,0,0,多换,B,7092.0000,0.0000,0.0000,0.0000,0.0000,7142.0000,0.0000,0.0000,0.0000,0.0000,2,0,0,0,0,1,0,0,0,0
zc,TA211,2012-06-21 09:01:55.270,7150.0000,450,0,0.0000,0.0000,0,0,多换,B,7094.0000,0.0000,0.0000,0.0000,0.0000,7144.0000,0.0000,0.0000,0.0000,0.0000,1,0,0,0,0,1,0,0,0,0
zc,TA211,2012-06-21 09:01:56.487,7150.0000,450,0,0.0000,0.0000,0,0,多换,B,7094.0000,0.0000,0.0000,0.0000,0.0000,7144.0000,0.0000,0.0000,0.0000,0.0000,2,0,0,0,0,1,0,0,0,0
zc,TA211,2012-06-21 09:01:58.033,7150.0000,450,0,0.0000,0.0000,0,0,多换,B,7096.0000,0.0000,0.0000,0.0000,0.0000,7146.0000,0.0000,0.0000,0.0000,0.0000,1,0,0,0,0,1,0,0,0,0
zc,TA211,2012-06-21 09:01:58.503,7150.0000,450,0,0.0000,0.0000,0,0,多换,B,7096.0000,0.0000,0.0000,0.0000,0.0000,7146.0000,0.0000,0.0000,0.0000,0.0000,2,0,0,0,0,1,0,0,0,0
zc,TA211,2012-06-21 09:01:59.737,7150.0000,450,0,0.0000,0.0000,0,0,多换,B,7096.0000,0.0000,0.0000,0.0000,0.0000,7144.0000,0.0000,0.0000,0.0000,0.0000,1,0,0,0,0,1,0,0,0,0
zc,TA211,2012-06-21 09:02:00.800,7150.0000,450,0,0.0000,0.0000,0,0,多换,B,7096.0000,0.0000,0.0000,0.0000,0.0000,7146.0000,0.0000,0.0000,0.0000,0.0000,1,0,0,0,0,1,0,0,0,0
zc,TA211,2012-06-21 09:02:01.567,7150.0000,450,0,0.0000,0.0000,0,0,多换,B,7098.0000,0.0000,0.0000,0.0000,0.0000,7146.0000,0.0000,0.0000,0.0000,0.0000,1,0,0,0,0,1,0,0,0,0
zc,TA211,2012-06-21 09:02:02.270,7150.0000,450,0,0.0000,0.0000,0,0,多换,B,7098.0000,0.0000,0.0000,0.0000,0.0000,7144.0000,0.0000,0.0000,0.0000,0.0000,1,0,0,0,0,1,0,0,0,0
zc,TA211,2012-06-21 09:02:02.783,7150.0000,450,0,0.0000,0.0000,0,0,多换,B,7096.0000,0.0000,0.0000,0.0000,0.0000,7144.0000,0.0000,0.0000,0.0000,0.0000,1,0,0,0,0,1,0,0,0,0
zc,TA211,2012-06-21 09:02:06.113,7150.0000,450,0,0.0000,0.0000,0,0,多换,B,7098.0000,0.0000,0.0000,0.0000,0.0000,7144.0000,0.0000,0.0000,0.0000,0.0000,1,0,0,0,0,1,0,0,0,0
zc,TA211,2012-06-21 09:02:06.817,7150.0000,450,0,0.0000,0.0000,0,0,多换,B,7096.0000,0.0000,0.0000,0.0000,0.0000,7144.0000,0.0000,0.0000,0.0000,0.0000,1,0,0,0,0,1,0,0,0,0
zc,TA211,2012-06-21 09:02:08.580,7150.0000,450,0,0.0000,0.0000,0,0,多换,B,7094.0000,0.0000,0.0000,0.0000,0.0000,7144.0000,0.0000,0.0000,0.0000,0.0000,2,0,0,0,0,1,0,0,0,0
zc,TA211,2012-06-21 09:02:09.283,7150.0000,450,0,0.0000,0.0000,0,0,多换,B,7096.0000,0.0000,0.0000,0.0000,0.0000,7146.0000,0.0000,0.0000,0.0000,0.0000,1,0,0,0,0,1,0,0,0,0
zc,TA211,2012-06-21 09:02:10.533,7150.0000,450,0,0.0000,0.0000,0,0,多换,B,7096.0000,0.0000,0.0000,0.0000,0.0000,7146.0000,0.0000,0.0000,0.0000,0.0000,2,0,0,0,0,1,0,0,0,0
zc,TA211,2012-06-21 09:02:11.067,7150.0000,450,0,0.0000,0.0000,0,0,多换,B,7098.0000,0.0000,0.0000,0.0000,0.0000,7148.0000,0.0000,0.0000,0.0000,0.0000,1,0,0,0,0,1,0,0,0,0
zc,TA211,2012-06-21 09:02:11.830,7150.0000,450,0,0.0000,0.0000,0,0,多换,B,7098.0000,0.0000,0.0000,0.0000,0.0000,7148.0000,0.0000,0.0000,0.0000,0.0000,2,0,0,0,0,1,0,0,0,0
zc,TA211,2012-06-21 09:02:12.283,7150.0000,450,0,0.0000,0.0000,0,0,多换,B,7098.0000,0.0000,0.0000,0.0000,0.0000,7148.0000,0.0000,0.0000,0.0000,0.0000,1,0,0,0,0,1,0,0,0,0
zc,TA211,2012-06-21 09:02:13.003,7150.0000,450,0,0.0000,0.0000,0,0,多换,B,7096.0000,0.0000,0.0000,0.0000,0.0000,7148.0000,0.0000,0.0000,0.0000,0.0000,2,0,0,0,0,1,0,0,0,0
zc,TA211,2012-06-21 09:02:13.783,7150.0000,450,0,0.0000,0.0000,0,0,多换,B,7098.0000,0.0000,0.0000,0.0000,0.0000,7148.0000,0.0000,0.0000,0.0000,0.0000,1,0,0,0,0,1,0,0,0,0
zc,TA211,2012-06-21 09:02:14.033,7150.0000,450,0,0.0000,0.0000,0,0,多换,B,7096.0000,0.0000,0.0000,0.0000,0.0000,7146.0000,0.0000,0.0000,0.0000,0.0000,2,0,0,0,0,1,0,0,0,0
zc,TA211,2012-06-21 09:02:14.817,7150.0000,450,0,0.0000,0.0000,0,0,多换,B,7096.0000,0.0000,0.0000,0.0000,0.0000,7148.0000,0.0000,0.0000,0.0000,0.0000,1,0,0,0,0,1,0,0,0,0
zc,TA211,2012-06-21 09:02:15.253,7150.0000,450,0,0.0000,0.0000,0,0,多换,B,7096.0000,0.0000,0.0000,0.0000,0.0000,7146.0000,0.0000,0.0000,0.0000,0.0000,1,0,0,0,0,1,0,0,0,0
zc,TA211,2012-06-21 09:02:23.237,7150.0000,450,0,0.0000,0.0000,0,0,多换,B,7098.0000,0.0000,0.0000,0.0000,0.0000,7148.0000,0.0000,0.0000,0.0000,0.0000,1,0,0,0,0,1,0,0,0,0
zc,TA211,2012-06-21 09:02:25.033,7150.0000,450,0,0.0000,0.0000,0,0,多换,B,7096.0000,0.0000,0.0000,0.0000,0.0000,7146.0000,0.0000,0.0000,0.0000,0.0000,2,0,0,0,0,1,0,0,0,0
zc,TA211,2012-06-21 09:02:26.270,7150.0000,450,0,0.0000,0.0000,0,0,多换,B,7096.0000,0.0000,0.0000,0.0000,0.0000,7146.0000,0.0000,0.0000,0.0000,0.0000,1,0,0,0,0,1,0,0,0,0
zc,TA211,2012-06-21 09:02:27.533,7150.0000,450,0,0.0000,0.0000,0,0,多换,B,7098.0000,0.0000,0.0000,0.0000,0.0000,7148.0000,0.0000,0.0000,0.0000,0.0000,1,0,0,0,0,1,0,0,0,0
zc,TA211,2012-06-21 09:02:28.067,7150.0000,450,0,0.0000,0.0000,0,0,多换,B,7096.0000,0.0000,0.0000,0.0000,0.0000,7146.0000,0.0000,0.0000,0.0000,0.0000,1,0,0,0,0,1,0,0,0,0
zc,TA211,2012-06-21 09:02:33.300,7150.0000,450,0,0.0000,0.0000,0,0,多换,B,7098.0000,0.0000,0.0000,0.0000,0.0000,7148.0000,0.0000,0.0000,0.0000,0.0000,1,0,0,0,0,1,0,0,0,0
zc,TA211,2012-06-21 09:02:36.520,7150.0000,450,0,0.0000,0.0000,0,0,多换,B,7100.0000,0.0000,0.0000,0.0000,0.0000,7150.0000,0.0000,0.0000,0.0000,0.0000,1,0,0,0,0,1,0,0,0,0
zc,TA211,2012-06-21 09:02:38.533,7150.0000,450,0,0.0000,0.0000,0,0,多换,B,7098.0000,0.0000,0.0000,0.0000,0.0000,7150.0000,0.0000,0.0000,0.0000,0.0000,1,0,0,0,0,1,0,0,0,0
zc,TA211,2012-06-21 09:02:39.033,7150.0000,450,0,0.0000,0.0000,0,0,多换,B,7100.0000,0.0000,0.0000,0.0000,0.0000,7150.0000,0.0000,0.0000,0.0000,0.0000,1,0,0,0,0,1,0,0,0,0
zc,TA211,2012-06-21 09:02:42.550,7150.0000,450,0,0.0000,0.0000,0,0,多换,B,7102.0000,0.0000,0.0000,0.0000,0.0000,7152.0000,0.0000,0.0000,0.0000,0.0000,1,0,0,0,0,1,0,0,0,0
zc,TA211,2012-06-21 09:02:45.033,7150.0000,450,0,0.0000,0.0000,0,0,多换,B,7100.0000,0.0000,0.0000,0.0000,0.0000,7150.0000,0.0000,0.0000,0.0000,0.0000,1,0,0,0,0,1,0,0,0,0
zc,TA211,2012-06-21 09:02:53.033,7150.0000,450,0,0.0000,0.0000,0,0,多换,B,7102.0000,0.0000,0.0000,0.0000,0.0000,7152.0000,0.0000,0.0000,0.0000,0.0000,1,0,0,0,0,1,0,0,0,0
zc,TA211,2012-06-21 09:03:01.737,7150.0000,450,0,0.0000,0.0000,0,0,多换,B,7100.0000,0.0000,0.0000,0.0000,0.0000,7152.0000,0.0000,0.0000,0.0000,0.0000,1,0,0,0,0,1,0,0,0,0
zc,TA211,2012-06-21 09:03:02.253,7150.0000,450,0,0.0000,0.0000,0,0,多换,B,7104.0000,0.0000,0.0000,0.0000,0.0000,7154.0000,0.0000,0.0000,0.0000,0.0000,1,0,0,0,0,1,0,0,0,0
zc,TA211,2012-06-21 09:03:05.283,7150.0000,450,0,0.0000,0.0000,0,0,多换,B,7106.0000,0.0000,0.0000,0.0000,0.0000,7156.0000,0.0000,0.0000,0.0000,0.0000,1,0,0,0,0,1,0,0,0,0
zc,TA211,2012-06-21 09:03:10.033,7150.0000,450,0,0.0000,0.0000,0,0,多换,B,7104.0000,0.0000,0.0000,0.0000,0.0000,7154.0000,0.0000,0.0000,0.0000,0.0000,1,0,0,0,0,1,0,0,0,0
zc,TA211,2012-06-21 09:03:15.270,7150.0000,450,0,0.0000,0.0000,0,0,多换,B,7106.0000,0.0000,0.0000,0.0000,0.0000,7154.0000,0.0000,0.0000,0.0000,0.0000,2,0,0,0,0,1,0,0,0,0
zc,TA211,2012-06-21 09:03:16.753,7150.0000,450,0,0.0000,0.0000,0,0,多换,B,7106.0000,0.0000,0.0000,0.0000,0.0000,7152.0000,0.0000,0.0000,0.0000,0.0000,2,0,0,0,0,1,0,0,0,0
zc,TA211,2012-06-21 09:03:19.503,7150.0000,450,0,0.0000,0.0000,0,0,多换,B,7106.0000,0.0000,0.0000,0.0000,0.0000,7156.0000,0.0000,0.0000,0.0000,0.0000,3,0,0,0,0,1,0,0,0,0
zc,TA211,2012-06-21 09:03:22.003,7150.0000,450,0,0.0000,0.0000,0,0,多换,B,7106.0000,0.0000,0.0000,0.0000,0.0000,7154.0000,0.0000,0.0000,0.0000,0.0000,2,0,0,0,0,1,0,0,0,0
zc,TA211,2012-06-21 09:03:27.723,7150.0000,450,0,0.0000,0.0000,0,0,多换,B,7106.0000,0.0000,0.0000,0.0000,0.0000,7152.0000,0.0000,0.0000,0.0000,0.0000,2,0,0,0,0,1,0,0,0,0
zc,TA211,2012-06-21 09:03:29.800,7150.0000,450,0,0.0000,0.0000,0,0,多换,B,7106.0000,0.0000,0.0000,0.0000,0.0000,7156.0000,0.0000,0.0000,0.0000,0.0000,3,0,0,0,0,1,0,0,0,0
zc,TA211,2012-06-21 09:03:30.020,7150.0000,450,0,0.0000,0.0000,0,0,多换,B,7106.0000,0.0000,0.0000,0.0000,0.0000,7154.0000,0.0000,0.0000,0.0000,0.0000,2,0,0,0,0,1,0,0,0,0
zc,TA211,2012-06-21 09:03:30.753,7150.0000,450,0,0.0000,0.0000,0,0,多换,B,7106.0000,0.0000,0.0000,0.0000,0.0000,7152.0000,0.0000,0.0000,0.0000,0.0000,2,0,0,0,0,1,0,0,0,0
zc,TA211,2012-06-21 09:03:31.253,7150.0000,450,0,0.0000,0.0000,0,0,多换,B,7106.0000,0.0000,0.0000,0.0000,0.0000,7154.0000,0.0000,0.0000,0.0000,0.0000,2,0,0,0,0,1,0,0,0,0
zc,TA211,2012-06-21 09:03:39.050,7150.0000,450,0,0.0000,0.0000,0,0,多换,B,7106.0000,0.0000,0.0000,0.0000,0.0000,7152.0000,0.0000,0.0000,0.0000,0.0000,2,0,0,0,0,1,0,0,0,0
zc,TA211,2012-06-21 09:03:41.770,7150.0000,450,0,0.0000,0.0000,0,0,多换,B,7106.0000,0.0000,0.0000,0.0000,0.0000,7154.0000,0.0000,0.0000,0.0000,0.0000,2,0,0,0,0,1,0,0,0,0
zc,TA211,2012-06-21 09:03:42.520,7150.0000,450,0,0.0000,0.0000,0,0,多换,B,7106.0000,0.0000,0.0000,0.0000,0.0000,7152.0000,0.0000,0.0000,0.0000,0.0000,2,0,0,0,0,1,0,0,0,0
zc,TA211,2012-06-21 09:03:43.020,7150.0000,450,0,0.0000,0.0000,0,0,多换,B,7106.0000,0.0000,0.0000,0.0000,0.0000,7156.0000,0.0000,0.0000,0.0000,0.0000,3,0,0,0,0,1,0,0,0,0
zc,TA211,2012-06-21 09:03:46.487,7150.0000,450,0,0.0000,0.0000,0,0,多换,B,7108.0000,0.0000,0.0000,0.0000,0.0000,7158.0000,0.0000,0.0000,0.0000,0.0000,1,0,0,0,0,1,0,0,0,0
zc,TA211,2012-06-21 09:03:46.987,7150.0000,450,0,0.0000,0.0000,0,0,多换,B,7106.0000,0.0000,0.0000,0.0000,0.0000,7158.0000,0.0000,0.0000,0.0000,0.0000,3,0,0,0,0,1,0,0,0,0
zc,TA211,2012-06-21 09:03:47.737,7150.0000,450,0,0.0000,0.0000,0,0,多换,B,7108.0000,0.0000,0.0000,0.0000,0.0000,7158.0000,0.0000,0.0000,0.0000,0.0000,1,0,0,0,0,1,0,0,0,0
zc,TA211,2012-06-21 09:03:52.270,7150.0000,450,0,0.0000,0.0000,0,0,多换,B,7106.0000,0.0000,0.0000,0.0000,0.0000,7156.0000,0.0000,0.0000,0.0000,0.0000,1,0,0,0,0,1,0,0,0,0
zc,TA211,2012-06-21 09:03:55.270,7150.0000,450,0,0.0000,0.0000,0,0,多换,B,7108.0000,0.0000,0.0000,0.0000,0.0000,7158.0000,0.0000,0.0000,0.0000,0.0000,1,0,0,0,0,1,0,0,0,0
zc,TA211,2012-06-21 09:03:56.020,7150.0000,450,0,0.0000,0.0000,0,0,多换,B,7106.0000,0.0000,0.0000,0.0000,0.0000,7156.0000,0.0000,0.0000,0.0000,0.0000,1,0,0,0,0,1,0,0,0,0
zc,TA211,2012-06-21 09:03:58.270,7150.0000,450,0,0.0000,0.0000,0,0,多换,B,7108.0000,0.0000,0.0000,0.0000,0.0000,7158.0000,0.0000,0.0000,0.0000,0.0000,1,0,0,0,0,1,0,0,0,0
zc,TA211,2012-06-21 09:03:59.520,7150.0000,450,0,0.0000,0.0000,0,0,多换,B,7106.0000,0.0000,0.0000,0.0000,0.0000,7156.0000,0.0000,0.0000,0.0000,0.0000,1,0,0,0,0,1,0,0,0,0
zc,TA211,2012-06-21 09:03:59.987,7150.0000,450,0,0.0000,0.0000,0,0,多换,B,7108.0000,0.0000,0.0000,0.0000,0.0000,7158.0000,0.0000,0.0000,0.0000,0.0000,1,0,0,0,0,1,0,0,0,0
zc,TA211,2012-06-21 09:04:04.283,7150.0000,450,0,0.0000,0.0000,0,0,多换,B,7110.0000,0.0000,0.0000,0.0000,0.0000,7160.0000,0.0000,0.0000,0.0000,0.0000,1,0,0,0,0,1,0,0,0,0
zc,TA211,2012-06-21 09:04:05.520,7150.0000,450,0,0.0000,0.0000,0,0,多换,B,7112.0000,0.0000,0.0000,0.0000,0.0000,7160.0000,0.0000,0.0000,0.0000,0.0000,1,0,0,0,0,1,0,0,0,0
zc,TA211,2012-06-21 09:04:05.957,7150.0000,450,0,0.0000,0.0000,0,0,多换,B,7112.0000,0.0000,0.0000,0.0000,0.0000,7160.0000,0.0000,0.0000,0.0000,0.0000,1,0,0,0,0,1,0,0,0,0
zc,TA211,2012-06-21 09:04:07.283,7150.0000,450,0,0.0000,0.0000,0,0,多换,B,7114.0000,0.0000,0.0000,0.0000,0.0000,7162.0000,0.0000,0.0000,0.0000,0.0000,1,0,0,0,0,1,0,0,0,0
zc,TA211,2012-06-21 09:04:09.283,7150.0000,450,0,0.0000,0.0000,0,0,多换,B,7112.0000,0.0000,0.0000,0.0000,0.0000,7162.0000,0.0000,0.0000,0.0000,0.0000,1,0,0,0,0,1,0,0,0,0
zc,TA211,2012-06-21 09:04:09.770,7150.0000,450,0,0.0000,0.0000,0,0,多换,B,7114.0000,0.0000,0.0000,0.0000,0.0000,7162.0000,0.0000,0.0000,0.0000,0.0000,1,0,0,0,0,1,0,0,0,0
zc,TA211,2012-06-21 09:04:11.067,7150.0000,450,0,0.0000,0.0000,0,0,多换,B,7112.0000,0.0000,0.0000,0.0000,0.0000,7162.0000,0.0000,0.0000,0.0000,0.0000,1,0,0,0,0,1,0,0,0,0
zc,TA211,2012-06-21 09:04:11.533,7150.0000,450,0,0.0000,0.0000,0,0,多换,B,7112.0000,0.0000,0.0000,0.0000,0.0000,7160.0000,0.0000,0.0000,0.0000,0.0000,1,0,0,0,0,1,0,0,0,0
zc,TA211,2012-06-21 09:04:16.520,7150.0000,450,0,0.0000,0.0000,0,0,多换,B,7114.0000,0.0000,0.0000,0.0000,0.0000,7162.0000,0.0000,0.0000,0.0000,0.0000,1,0,0,0,0,1,0,0,0,0
zc,TA211,2012-06-21 09:04:18.317,7150.0000,450,0,0.0000,0.0000,0,0,多换,B,7112.0000,0.0000,0.0000,0.0000,0.0000,7160.0000,0.0000,0.0000,0.0000,0.0000,1,0,0,0,0,1,0,0,0,0
zc,TA211,2012-06-21 09:04:22.300,7150.0000,450,0,0.0000,0.0000,0,0,多换,B,7110.0000,0.0000,0.0000,0.0000,0.0000,7158.0000,0.0000,0.0000,0.0000,0.0000,1,0,0,0,0,1,0,0,0,0
zc,TA211,2012-06-21 09:04:29.020,7150.0000,450,0,0.0000,0.0000,0,0,多换,B,7112.0000,0.0000,0.0000,0.0000,0.0000,7160.0000,0.0000,0.0000,0.0000,0.0000,1,0,0,0,0,1,0,0,0,0
zc,TA211,2012-06-21 09:04:31.550,7150.0000,450,0,0.0000,0.0000,0,0,多换,B,7110.0000,0.0000,0.0000,0.0000,0.0000,7158.0000,0.0000,0.0000,0.0000,0.0000,1,0,0,0,0,1,0,0,0,0
zc,TA211,2012-06-21 09:04:39.237,7150.0000,450,0,0.0000,0.0000,0,0,多换,B,7108.0000,0.0000,0.0000,0.0000,0.0000,7156.0000,0.0000,0.0000,0.0000,0.0000,1,0,0,0,0,1,0,0,0,0
zc,TA211,2012-06-21 09:04:42.003,7150.0000,450,0,0.0000,0.0000,0,0,多换,B,7110.0000,0.0000,0.0000,0.0000,0.0000,7158.0000,0.0000,0.0000,0.0000,0.0000,1,0,0,0,0,1,0,0,0,0
zc,TA211,2012-06-21 09:04:48.533,7150.0000,450,0,0.0000,0.0000,0,0,多换,B,7108.0000,0.0000,0.0000,0.0000,0.0000,7156.0000,0.0000,0.0000,0.0000,0.0000,1,0,0,0,0,1,0,0,0,0
zc,TA211,2012-06-21 09:04:53.487,7150.0000,450,0,0.0000,0.0000,0,0,多换,B,7106.0000,0.0000,0.0000,0.0000,0.0000,7154.0000,0.0000,0.0000,0.0000,0.0000,1,0,0,0,0,1,0,0,0,0
zc,TA211,2012-06-21 09:04:57.003,7150.0000,450,0,0.0000,0.0000,0,0,多换,B,7104.0000,0.0000,0.0000,0.0000,0.0000,7154.0000,0.0000,0.0000,0.0000,0.0000,2,0,0,0,0,1,0,0,0,0
zc,TA211,2012-06-21 09:04:57.503,7150.0000,450,0,0.0000,0.0000,0,0,多换,B,7106.0000,0.0000,0.0000,0.0000,0.0000,7154.0000,0.0000,0.0000,0.0000,0.0000,1,0,0,0,0,1,0,0,0,0
zc,TA211,2012-06-21 09:04:57.987,7150.0000,450,0,0.0000,0.0000,0,0,多换,B,7104.0000,0.0000,0.0000,0.0000,0.0000,7152.0000,0.0000,0.0000,0.0000,0.0000,2,0,0,0,0,1,0,0,0,0
zc,TA211,2012-06-21 09:05:00.533,7150.0000,450,0,0.0000,0.0000,0,0,多换,B,7104.0000,0.0000,0.0000,0.0000,0.0000,7152.0000,0.0000,0.0000,0.0000,0.0000,1,0,0,0,0,1,0,0,0,0
zc,TA211,2012-06-21 09:05:01.237,7150.0000,450,0,0.0000,0.0000,0,0,多换,B,7102.0000,0.0000,0.0000,0.0000,0.0000,7150.0000,0.0000,0.0000,0.0000,0.0000,2,0,0,0,0,1,0,0,0,0
zc,TA211,2012-06-21 09:05:03.723,7150.0000,450,0,0.0000,0.0000,0,0,多换,B,7102.0000,0.0000,0.0000,0.0000,0.0000,7150.0000,0.0000,0.0000,0.0000,0.0000,1,0,0,0,0,1,0,0,0,0
zc,TA211,2012-06-21 09:05:08.503,7150.0000,450,0,0.0000,0.0000,0,0,多换,B,7100.0000,0.0000,0.0000,0.0000,0.0000,7150.0000,0.0000,0.0000,0.0000,0.0000,2,0,0,0,0,1,0,0,0,0
zc,TA211,2012-06-21 09:05:09.270,7150.0000,450,0,0.0000,0.0000,0,0,多换,B,7100.0000,0.0000,0.0000,0.0000,0.0000,7148.0000,0.0000,0.0000,0.0000,0.0000,2,0,0,0,0,1,0,0,0,0
zc,TA211,2012-06-21 09:05:09.737,7150.0000,450,0,0.0000,0.0000,0,0,多换,B,7100.0000,0.0000,0.0000,0.0000,0.0000,7148.0000,0.0000,0.0000,0.0000,0.0000,1,0,0,0,0,1,0,0,0,0
zc,TA211,2012-06-21 09:05:10.533,7150.0000,450,0,0.0000,0.0000,0,0,多换,B,7098.0000,0.0000,0.0000,0.0000,0.0000,7146.0000,0.0000,0.0000,0.0000,0.0000,2,0,0,0,0,1,0,0,0,0
zc,TA211,2012-06-21 09:05:14.737,7150.0000,450,0,0.0000,0.0000,0,0,多换,B,7098.0000,0.0000,0.0000,0.0000,0.0000,7146.0000,0.0000,0.0000,0.0000,0.0000,1,0,0,0,0,1,0,0,0,0
zc,TA211,2012-06-21 09:05:14.987,7150.0000,450,0,0.0000,0.0000,0,0,多换,B,7096.0000,0.0000,0.0000,0.0000,0.0000,7144.0000,0.0000,0.0000,0.0000,0.0000,2,0,0,0,0,1,0,0,0,0
zc,TA211,2012-06-21 09:05:18.300,7150.0000,450,0,0.0000,0.0000,0,0,多换,B,7096.0000,0.0000,0.0000,0.0000,0.0000,7142.0000,0.0000,0.0000,0.0000,0.0000,1,0,0,0,0,1,0,0,0,0
zc,TA211,2012-06-21 09:05:18.737,7150.0000,450,0,0.0000,0.0000,0,0,多换,B,7094.0000,0.0000,0.0000,0.0000,0.0000,7142.0000,0.0000,0.0000,0.0000,0.0000,2,0,0,0,0,1,0,0,0,0
zc,TA211,2012-06-21 09:05:21.737,7150.0000,450,0,0.0000,0.0000,0,0,多换,B,7092.0000,0.0000,0.0000,0.0000,0.0000,7140.0000,0.0000,0.0000,0.0000,0.0000,2,0,0,0,0,1,0,0,0,0
zc,TA211,2012-06-21 09:05:22.487,7150.0000,450,0,0.0000,0.0000,0,0,多换,B,7092.0000,0.0000,0.0000,0.0000,0.0000,7138.0000,0.0000,0.0000,0.0000,0.0000,1,0,0,0,0,1,0,0,0,0
zc,TA211,2012-06-21 09:05:24.270,7150.0000,450,0,0.0000,0.0000,0,0,多换,B,7092.0000,0.0000,0.0000,0.0000,0.0000,7136.0000,0.0000,0.0000,0.0000,0.0000,1,0,0,0,0,1,0,0,0,0
zc,TA211,2012-06-21 09:05:24.987,7150.0000,450,0,0.0000,0.0000,0,0,多换,B,7092.0000,0.0000,0.0000,0.0000,0.0000,7138.0000,0.0000,0.0000,0.0000,0.0000,1,0,0,0,0,1,0,0,0,0
zc,TA211,2012-06-21 09:05:26.270,7150.0000,450,0,0.0000,0.0000,0,0,多换,B,7092.0000,0.0000,0.0000,0.0000,0.0000,7140.0000,0.0000,0.0000,0.0000,0.0000,1,0,0,0,0,1,0,0,0,0
zc,TA211,2012-06-21 09:05:28.020,7150.0000,450,0,0.0000,0.0000,0,0,多换,B,7092.0000,0.0000,0.0000,0.0000,0.0000,7138.0000,0.0000,0.0000,0.0000,0.0000,1,0,0,0,0,1,0,0,0,0
zc,TA211,2012-06-21 09:05:29.737,7150.0000,450,0,0.0000,0.0000,0,0,多换,B,7090.0000,0.0000,0.0000,0.0000,0.0000,7138.0000,0.0000,0.0000,0.0000,0.0000,2,0,0,0,0,1,0,0,0,0
zc,TA211,2012-06-21 09:05:31.050,7150.0000,450,0,0.0000,0.0000,0,0,多换,B,7090.0000,0.0000,0.0000,0.0000,0.0000,7138.0000,0.0000,0.0000,0.0000,0.0000,1,0,0,0,0,1,0,0,0,0
zc,TA211,2012-06-21 09:05:31.770,7150.0000,450,0,0.0000,0.0000,0,0,多换,B,7092.0000,0.0000,0.0000,0.0000,0.0000,7140.0000,0.0000,0.0000,0.0000,0.0000,1,0,0,0,0,1,0,0,0,0
zc,TA211,2012-06-21 09:05:33.487,7150.0000,450,0,0.0000,0.0000,0,0,多换,B,7092.0000,0.0000,0.0000,0.0000,0.0000,7140.0000,0.0000,0.0000,0.0000,0.0000,2,0,0,0,0,1,0,0,0,0
zc,TA211,2012-06-21 09:05:36.737,7150.0000,450,0,0.0000,0.0000,0,0,多换,B,7094.0000,0.0000,0.0000,0.0000,0.0000,7142.0000,0.0000,0.0000,0.0000,0.0000,1,0,0,0,0,1,0,0,0,0
zc,TA211,2012-06-21 09:05:39.020,7150.0000,450,0,0.0000,0.0000,0,0,多换,B,7094.0000,0.0000,0.0000,0.0000,0.0000,7144.0000,0.0000,0.0000,0.0000,0.0000,1,0,0,0,0,1,0,0,0,0
zc,TA211,2012-06-21 09:05:39.737,7150.0000,450,0,0.0000,0.0000,0,0,多换,B,7096.0000,0.0000,0.0000,0.0000,0.0000,7144.0000,0.0000,0.0000,0.0000,0.0000,1,0,0,0,0,1,0,0,0,0
zc,TA211,2012-06-21 09:05:40.237,7150.0000,450,0,0.0000,0.0000,0,0,多换,B,7094.0000,0.0000,0.0000,0.0000,0.0000,7142.0000,0.0000,0.0000,0.0000,0.0000,1,0,0,0,0,1,0,0,0,0
zc,TA211,2012-06-21 09:05:44.503,7150.0000,450,0,0.0000,0.0000,0,0,多换,B,7092.0000,0.0000,0.0000,0.0000,0.0000,7140.0000,0.0000,0.0000,0.0000,0.0000,1,0,0,0,0,1,0,0,0,0
zc,TA211,2012-06-21 09:05:44.973,7150.0000,450,0,0.0000,0.0000,0,0,多换,B,7092.0000,0.0000,0.0000,0.0000,0.0000,7142.0000,0.0000,0.0000,0.0000,0.0000,1,0,0,0,0,1,0,0,0,0
zc,TA211,2012-06-21 09:05:45.503,7150.0000,450,0,0.0000,0.0000,0,0,多换,B,7094.0000,0.0000,0.0000,0.0000,0.0000,7142.0000,0.0000,0.0000,0.0000,0.0000,1,0,0,0,0,1,0,0,0,0
zc,TA211,2012-06-21 09:05:46.283,7150.0000,450,0,0.0000,0.0000,0,0,多换,B,7092.0000,0.0000,0.0000,0.0000,0.0000,7140.0000,0.0000,0.0000,0.0000,0.0000,1,0,0,0,0,1,0,0,0,0
zc,TA211,2012-06-21 09:05:49.783,7150.0000,450,0,0.0000,0.0000,0,0,多换,B,7090.0000,0.0000,0.0000,0.0000,0.0000,7140.0000,0.0000,0.0000,0.0000,0.0000,2,0,0,0,0,1,0,0,0,0
zc,TA211,2012-06-21 09:05:50.520,7150.0000,450,0,0.0000,0.0000,0,0,多换,B,7092.0000,0.0000,0.0000,0.0000,0.0000,7140.0000,0.0000,0.0000,0.0000,0.0000,1,0,0,0,0,1,0,0,0,0
zc,TA211,2012-06-21 09:05:51.283,7150.0000,450,0,0.0000,0.0000,0,0,多换,B,7094.0000,0.0000,0.0000,0.0000,0.0000,7142.0000,0.0000,0.0000,0.0000,0.0000,1,0,0,0,0,1,0,0,0,0
zc,TA211,2012-06-21 09:05:55.723,7150.0000,450,0,0.0000,0.0000,0,0,多换,B,7094.0000,0.0000,0.0000,0.0000,0.0000,7140.0000,0.0000,0.0000,0.0000,0.0000,1,0,0,0,0,3,0,0,0,0
zc,TA211,2012-06-21 09:06:01.300,7150.0000,450,0,0.0000,0.0000,0,0,多换,B,7090.0000,0.0000,0.0000,0.0000,0.0000,7138.0000,0.0000,0.0000,0.0000,0.0000,2,0,0,0,0,1,0,0,0,0
zc,TA211,2012-06-21 09:06:01.770,7150.0000,450,0,0.0000,0.0000,0,0,多换,B,7090.0000,0.0000,0.0000,0.0000,0.0000,7140.0000,0.0000,0.0000,0.0000,0.0000,2,0,0,0,0,4,0,0,0,0
zc,TA211,2012-06-21 09:06:02.253,7150.0000,450,0,0.0000,0.0000,0,0,多换,B,7092.0000,0.0000,0.0000,0.0000,0.0000,7140.0000,0.0000,0.0000,0.0000,0.0000,1,0,0,0,0,4,0,0,0,0
zc,TA211,2012-06-21 09:06:04.770,7150.0000,450,0,0.0000,0.0000,0,0,多换,B,7092.0000,0.0000,0.0000,0.0000,0.0000,7140.0000,0.0000,0.0000,0.0000,0.0000,1,0,0,0,0,1,0,0,0,0
zc,TA211,2012-06-21 09:06:10.003,7150.0000,450,0,0.0000,0.0000,0,0,多换,B,7090.0000,0.0000,0.0000,0.0000,0.0000,7138.0000,0.0000,0.0000,0.0000,0.0000,1,0,0,0,0,1,0,0,0,0
zc,TA211,2012-06-21 09:06:13.283,7150.0000,450,0,0.0000,0.0000,0,0,多换,B,7092.0000,0.0000,0.0000,0.0000,0.0000,7140.0000,0.0000,0.0000,0.0000,0.0000,1,0,0,0,0,1,0,0,0,0
zc,TA211,2012-06-21 09:06:15.503,7150.0000,450,0,0.0000,0.0000,0,0,多换,B,7094.0000,0.0000,0.0000,0.0000,0.0000,7142.0000,0.0000,0.0000,0.0000,0.0000,1,0,0,0,0,1,0,0,0,0
zc,TA211,2012-06-21 09:06:18.737,7150.0000,450,0,0.0000,0.0000,0,0,多换,B,7096.0000,0.0000,0.0000,0.0000,0.0000,7144.0000,0.0000,0.0000,0.0000,0.0000,1,0,0,0,0,1,0,0,0,0
zc,TA211,2012-06-21 09:06:19.723,7150.0000,450,0,0.0000,0.0000,0,0,多换,B,7094.0000,0.0000,0.0000,0.0000,0.0000,7144.0000,0.0000,0.0000,0.0000,0.0000,1,0,0,0,0,1,0,0,0,0
zc,TA211,2012-06-21 09:06:21.020,7150.0000,450,0,0.0000,0.0000,0,0,多换,B,7094.0000,0.0000,0.0000,0.0000,0.0000,7142.0000,0.0000,0.0000,0.0000,0.0000,1,0,0,0,0,1,0,0,0,0
zc,TA211,2012-06-21 09:06:22.207,7150.0000,450,0,0.0000,0.0000,0,0,多换,B,7096.0000,0.0000,0.0000,0.0000,0.0000,7144.0000,0.0000,0.0000,0.0000,0.0000,1,0,0,0,0,1,0,0,0,0
zc,TA211,2012-06-21 09:06:32.473,7150.0000,450,0,0.0000,0.0000,0,0,多换,B,7094.0000,0.0000,0.0000,0.0000,0.0000,7142.0000,0.0000,0.0000,0.0000,0.0000,1,0,0,0,0,1,0,0,0,0
zc,TA211,2012-06-21 09:06:34.753,7150.0000,450,0,0.0000,0.0000,0,0,多换,B,7094.0000,0.0000,0.0000,0.0000,0.0000,7144.0000,0.0000,0.0000,0.0000,0.0000,1,0,0,0,0,1,0,0,0,0
zc,TA211,2012-06-21 09:06:35.550,7150.0000,450,0,0.0000,0.0000,0,0,多换,B,7096.0000,0.0000,0.0000,0.0000,0.0000,7144.0000,0.0000,0.0000,0.0000,0.0000,1,0,0,0,0,1,0,0,0,0
zc,TA211,2012-06-21 09:06:42.783,7150.0000,450,0,0.0000,0.0000,0,0,多换,B,7098.0000,0.0000,0.0000,0.0000,0.0000,7146.0000,0.0000,0.0000,0.0000,0.0000,1,0,0,0,0,1,0,0,0,0
zc,TA211,2012-06-21 09:06:45.237,7150.0000,450,0,0.0000,0.0000,0,0,多换,B,7096.0000,0.0000,0.0000,0.0000,0.0000,7144.0000,0.0000,0.0000,0.0000,0.0000,1,0,0,0,0,1,0,0,0,0
zc,TA211,2012-06-21 09:06:49.533,7150.0000,450,0,0.0000,0.0000,0,0,多换,B,7098.0000,0.0000,0.0000,0.0000,0.0000,7146.0000,0.0000,0.0000,0.0000,0.0000,1,0,0,0,0,1,0,0,0,0
zc,TA211,2012-06-21 09:06:56.067,7150.0000,450,0,0.0000,0.0000,0,0,多换,B,7100.0000,0.0000,0.0000,0.0000,0.0000,7148.0000,0.0000,0.0000,0.0000,0.0000,1,0,0,0,0,1,0,0,0,0
zc,TA211,2012-06-21 09:06:56.770,7150.0000,450,0,0.0000,0.0000,0,0,多换,B,7096.0000,0.0000,0.0000,0.0000,0.0000,7146.0000,0.0000,0.0000,0.0000,0.0000,1,0,0,0,0,1,0,0,0,0
zc,TA211,2012-06-21 09:06:57.223,7150.0000,450,0,0.0000,0.0000,0,0,多换,B,7098.0000,0.0000,0.0000,0.0000,0.0000,7148.0000,0.0000,0.0000,0.0000,0.0000,1,0,0,0,0,1,0,0,0,0
zc,TA211,2012-06-21 09:06:58.003,7150.0000,450,0,0.0000,0.0000,0,0,多换,B,7100.0000,0.0000,0.0000,0.0000,0.0000,7148.0000,0.0000,0.0000,0.0000,0.0000,1,0,0,0,0,1,0,0,0,0
zc,TA211,2012-06-21 09:06:58.487,7150.0000,450,0,0.0000,0.0000,0,0,多换,B,7098.0000,0.0000,0.0000,0.0000,0.0000,7146.0000,0.0000,0.0000,0.0000,0.0000,1,0,0,0,0,1,0,0,0,0
zc,TA211,2012-06-21 09:06:59.003,7150.0000,450,0,0.0000,0.0000,0,0,多换,B,7100.0000,0.0000,0.0000,0.0000,0.0000,7148.0000,0.0000,0.0000,0.0000,0.0000,1,0,0,0,0,1,0,0,0,0
zc,TA211,2012-06-21 09:06:59.770,7150.0000,450,0,0.0000,0.0000,0,0,多换,B,7098.0000,0.0000,0.0000,0.0000,0.0000,7146.0000,0.0000,0.0000,0.0000,0.0000,1,0,0,0,0,1,0,0,0,0
zc,TA211,2012-06-21 09:07:00.237,7150.0000,450,0,0.0000,0.0000,0,0,多换,B,7094.0000,0.0000,0.0000,0.0000,0.0000,7142.0000,0.0000,0.0000,0.0000,0.0000,1,0,0,0,0,1,0,0,0,0
zc,TA211,2012-06-21 09:07:05.487,7150.0000,450,0,0.0000,0.0000,0,0,多换,B,7096.0000,0.0000,0.0000,0.0000,0.0000,7144.0000,0.0000,0.0000,0.0000,0.0000,1,0,0,0,0,1,0,0,0,0
zc,TA211,2012-06-21 09:07:06.770,7150.0000,450,0,0.0000,0.0000,0,0,多换,B,7094.0000,0.0000,0.0000,0.0000,0.0000,7142.0000,0.0000,0.0000,0.0000,0.0000,1,0,0,0,0,4,0,0,0,0
zc,TA211,2012-06-21 09:07:13.533,7150.0000,450,0,0.0000,0.0000,0,0,多换,B,7096.0000,0.0000,0.0000,0.0000,0.0000,7142.0000,0.0000,0.0000,0.0000,0.0000,1,0,0,0,0,3,0,0,0,0
zc,TA211,2012-06-21 09:07:14.033,7150.0000,450,0,0.0000,0.0000,0,0,多换,B,7094.0000,0.0000,0.0000,0.0000,0.0000,7142.0000,0.0000,0.0000,0.0000,0.0000,1,0,0,0,0,4,0,0,0,0
zc,TA211,2012-06-21 09:07:14.487,7150.0000,450,0,0.0000,0.0000,0,0,多换,B,7094.0000,0.0000,0.0000,0.0000,0.0000,7142.0000,0.0000,0.0000,0.0000,0.0000,1,0,0,0,0,3,0,0,0,0
zc,TA211,2012-06-21 09:07:15.020,7150.0000,450,0,0.0000,0.0000,0,0,多换,B,7096.0000,0.0000,0.0000,0.0000,0.0000,7144.0000,0.0000,0.0000,0.0000,0.0000,1,0,0,0,0,1,0,0,0,0
zc,TA211,2012-06-21 09:07:16.770,7150.0000,450,0,0.0000,0.0000,0,0,多换,B,7094.0000,0.0000,0.0000,0.0000,0.0000,7142.0000,0.0000,0.0000,0.0000,0.0000,1,0,0,0,0,1,0,0,0,0
zc,TA211,2012-06-21 09:07:20.533,7150.0000,450,0,0.0000,0.0000,0,0,多换,B,7096.0000,0.0000,0.0000,0.0000,0.0000,7144.0000,0.0000,0.0000,0.0000,0.0000,1,0,0,0,0,1,0,0,0,0
zc,TA211,2012-06-21 09:07:25.033,7150.0000,450,0,0.0000,0.0000,0,0,多换,B,7096.0000,0.0000,0.0000,0.0000,0.0000,7144.0000,0.0000,0.0000,0.0000,0.0000,2,0,0,0,0,1,0,0,0,0
zc,TA211,2012-06-21 09:07:27.533,7150.0000,450,0,0.0000,0.0000,0,0,多换,B,7098.0000,0.0000,0.0000,0.0000,0.0000,7146.0000,0.0000,0.0000,0.0000,0.0000,1,0,0,0,0,1,0,0,0,0
zc,TA211,2012-06-21 09:07:28.270,7150.0000,450,0,0.0000,0.0000,0,0,多换,B,7096.0000,0.0000,0.0000,0.0000,0.0000,7146.0000,0.0000,0.0000,0.0000,0.0000,2,0,0,0,0,1,0,0,0,0
zc,TA211,2012-06-21 09:07:28.753,7150.0000,450,0,0.0000,0.0000,0,0,多换,B,7098.0000,0.0000,0.0000,0.0000,0.0000,7146.0000,0.0000,0.0000,0.0000,0.0000,1,0,0,0,0,1,0,0,0,0
zc,TA211,2012-06-21 09:07:29.253,7150.0000,450,0,0.0000,0.0000,0,0,多换,B,7100.0000,0.0000,0.0000,0.0000,0.0000,7148.0000,0.0000,0.0000,0.0000,0.0000,1,0,0,0,0,1,0,0,0,0
zc,TA211,2012-06-21 09:07:31.300,7150.0000,450,0,0.0000,0.0000,0,0,多换,B,7102.0000,0.0000,0.0000,0.0000,0.0000,7150.0000,0.0000,0.0000,0.0000,0.0000,1,0,0,0,0,1,0,0,0,0
zc,TA211,2012-06-21 09:07:34.503,7150.0000,450,0,0.0000,0.0000,0,0,多换,B,7100.0000,0.0000,0.0000,0.0000,0.0000,7148.0000,0.0000,0.0000,0.0000,0.0000,2,0,0,0,0,1,0,0,0,0
zc,TA211,2012-06-21 09:07:35.707,7150.0000,450,0,0.0000,0.0000,0,0,多换,B,7100.0000,0.0000,0.0000,0.0000,0.0000,7148.0000,0.0000,0.0000,0.0000,0.0000,1,0,0,0,0,1,0,0,0,0
zc,TA211,2012-06-21 09:07:37.737,7150.0000,450,0,0.0000,0.0000,0,0,多换,B,7100.0000,0.0000,0.0000,0.0000,0.0000,7148.0000,0.0000,0.0000,0.0000,0.0000,2,0,0,0,0,1,0,0,0,0
zc,TA211,2012-06-21 09:07:38.753,7150.0000,450,0,0.0000,0.0000,0,0,多换,B,7098.0000,0.0000,0.0000,0.0000,0.0000,7146.0000,0.0000,0.0000,0.0000,0.0000,1,0,0,0,0,1,0,0,0,0
zc,TA211,2012-06-21 09:07:39.973,7150.0000,450,0,0.0000,0.0000,0,0,多换,B,7100.0000,0.0000,0.0000,0.0000,0.0000,7148.0000,0.0000,0.0000,0.0000,0.0000,1,0,0,0,0,1,0,0,0,0
zc,TA211,2012-06-21 09:07:43.520,7150.0000,450,0,0.0000,0.0000,0,0,多换,B,7102.0000,0.0000,0.0000,0.0000,0.0000,7150.0000,0.0000,0.0000,0.0000,0.0000,1,0,0,0,0,1,0,0,0,0
zc,TA211,2012-06-21 09:07:44.753,7150.0000,450,0,0.0000,0.0000,0,0,多换,B,7100.0000,0.0000,0.0000,0.0000,0.0000,7150.0000,0.0000,0.0000,0.0000,0.0000,1,0,0,0,0,1,0,0,0,0
zc,TA211,2012-06-21 09:07:45.533,7150.0000,450,0,0.0000,0.0000,0,0,多换,B,7100.0000,0.0000,0.0000,0.0000,0.0000,7148.0000,0.0000,0.0000,0.0000,0.0000,1,0,0,0,0,1,0,0,0,0
zc,TA211,2012-06-21 09:07:46.550,7150.0000,450,0,0.0000,0.0000,0,0,多换,B,7102.0000,0.0000,0.0000,0.0000,0.0000,7150.0000,0.0000,0.0000,0.0000,0.0000,1,0,0,0,0,1,0,0,0,0
zc,TA211,2012-06-21 09:07:47.003,7150.0000,450,0,0.0000,0.0000,0,0,多换,B,7100.0000,0.0000,0.0000,0.0000,0.0000,7148.0000,0.0000,0.0000,0.0000,0.0000,1,0,0,0,0,1,0,0,0,0
zc,TA211,2012-06-21 09:07:47.737,7150.0000,450,0,0.0000,0.0000,0,0,多换,B,7102.0000,0.0000,0.0000,0.0000,0.0000,7150.0000,0.0000,0.0000,0.0000,0.0000,1,0,0,0,0,1,0,0,0,0
zc,TA211,2012-06-21 09:07:48.800,7150.0000,450,0,0.0000,0.0000,0,0,多换,B,7102.0000,0.0000,0.0000,0.0000,0.0000,7152.0000,0.0000,0.0000,0.0000,0.0000,1,0,0,0,0,1,0,0,0,0
zc,TA211,2012-06-21 09:07:50.033,7150.0000,450,0,0.0000,0.0000,0,0,多换,B,7102.0000,0.0000,0.0000,0.0000,0.0000,7150.0000,0.0000,0.0000,0.0000,0.0000,1,0,0,0,0,1,0,0,0,0
zc,TA211,2012-06-21 09:07:51.770,7150.0000,450,0,0.0000,0.0000,0,0,多换,B,7104.0000,0.0000,0.0000,0.0000,0.0000,7152.0000,0.0000,0.0000,0.0000,0.0000,1,0,0,0,0,1,0,0,0,0
zc,TA211,2012-06-21 09:07:52.253,7150.0000,450,0,0.0000,0.0000,0,0,多换,B,7102.0000,0.0000,0.0000,0.0000,0.0000,7150.0000,0.0000,0.0000,0.0000,0.0000,1,0,0,0,0,1,0,0,0,0
zc,TA211,2012-06-21 09:07:53.050,7150.0000,450,0,0.0000,0.0000,0,0,多换,B,7106.0000,0.0000,0.0000,0.0000,0.0000,7154.0000,0.0000,0.0000,0.0000,0.0000,1,0,0,0,0,1,0,0,0,0
zc,TA211,2012-06-21 09:07:54.300,7150.0000,450,0,0.0000,0.0000,0,0,多换,B,7104.0000,0.0000,0.0000,0.0000,0.0000,7152.0000,0.0000,0.0000,0.0000,0.0000,1,0,0,0,0,1,0,0,0,0
zc,TA211,2012-06-21 09:07:55.253,7150.0000,450,0,0.0000,0.0000,0,0,多换,B,7102.0000,0.0000,0.0000,0.0000,0.0000,7150.0000,0.0000,0.0000,0.0000,0.0000,1,0,0,0,0,1,0,0,0,0
zc,TA211,2012-06-21 09:07:56.050,7150.0000,450,0,0.0000,0.0000,0,0,多换,B,7104.0000,0.0000,0.0000,0.0000,0.0000,7152.0000,0.0000,0.0000,0.0000,0.0000,1,0,0,0,0,1,0,0,0,0
zc,TA211,2012-06-21 09:07:58.270,7150.0000,450,0,0.0000,0.0000,0,0,多换,B,7106.0000,0.0000,0.0000,0.0000,0.0000,7154.0000,0.0000,0.0000,0.0000,0.0000,1,0,0,0,0,1,0,0,0,0
zc,TA211,2012-06-21 09:08:00.253,7150.0000,450,0,0.0000,0.0000,0,0,多换,B,7104.0000,0.0000,0.0000,0.0000,0.0000,7152.0000,0.0000,0.0000,0.0000,0.0000,1,0,0,0,0,1,0,0,0,0
zc,TA211,2012-06-21 09:08:03.987,7150.0000,450,0,0.0000,0.0000,0,0,多换,B,7102.0000,0.0000,0.0000,0.0000,0.0000,7150.0000,0.0000,0.0000,0.0000,0.0000,2,0,0,0,0,1,0,0,0,0
zc,TA211,2012-06-21 09:08:05.520,7150.0000,450,0,0.0000,0.0000,0,0,多换,B,7104.0000,0.0000,0.0000,0.0000,0.0000,7152.0000,0.0000,0.0000,0.0000,0.0000,1,0,0,0,0,1,0,0,0,0
zc,TA211,2012-06-21 09:08:12.550,7150.0000,450,0,0.0000,0.0000,0,0,多换,B,7102.0000,0.0000,0.0000,0.0000,0.0000,7150.0000,0.0000,0.0000,0.0000,0.0000,2,0,0,0,0,1,0,0,0,0
zc,TA211,2012-06-21 09:08:18.487,7150.0000,450,0,0.0000,0.0000,0,0,多换,B,7102.0000,0.0000,0.0000,0.0000,0.0000,7150.0000,0.0000,0.0000,0.0000,0.0000,1,0,0,0,0,1,0,0,0,0
zc,TA211,2012-06-21 09:08:18.753,7150.0000,450,0,0.0000,0.0000,0,0,多换,B,7104.0000,0.0000,0.0000,0.0000,0.0000,7152.0000,0.0000,0.0000,0.0000,0.0000,1,0,0,0,0,1,0,0,0,0
zc,TA211,2012-06-21 09:08:20.033,7150.0000,450,0,0.0000,0.0000,0,0,多换,B,7102.0000,0.0000,0.0000,0.0000,0.0000,7150.0000,0.0000,0.0000,0.0000,0.0000,1,0,0,0,0,1,0,0,0,0
zc,TA211,2012-06-21 09:08:20.817,7150.0000,450,0,0.0000,0.0000,0,0,多换,B,7104.0000,0.0000,0.0000,0.0000,0.0000,7152.0000,0.0000,0.0000,0.0000,0.0000,1,0,0,0,0,1,0,0,0,0
zc,TA211,2012-06-21 09:08:21.283,7150.0000,450,0,0.0000,0.0000,0,0,多换,B,7102.0000,0.0000,0.0000,0.0000,0.0000,7150.0000,0.0000,0.0000,0.0000,0.0000,1,0,0,0,0,1,0,0,0,0
zc,TA211,2012-06-21 09:08:22.473,7150.0000,450,0,0.0000,0.0000,0,0,多换,B,7102.0000,0.0000,0.0000,0.0000,0.0000,7150.0000,0.0000,0.0000,0.0000,0.0000,2,0,0,0,0,1,0,0,0,0
zc,TA211,2012-06-21 09:08:24.003,7150.0000,450,0,0.0000,0.0000,0,0,多换,B,7102.0000,0.0000,0.0000,0.0000,0.0000,7150.0000,0.0000,0.0000,0.0000,0.0000,1,0,0,0,0,1,0,0,0,0
zc,TA211,2012-06-21 09:08:25.223,7150.0000,450,0,0.0000,0.0000,0,0,多换,B,7102.0000,0.0000,0.0000,0.0000,0.0000,7150.0000,0.0000,0.0000,0.0000,0.0000,2,0,0,0,0,1,0,0,0,0
zc,TA211,2012-06-21 09:08:27.237,7150.0000,450,0,0.0000,0.0000,0,0,多换,B,7102.0000,0.0000,0.0000,0.0000,0.0000,7150.0000,0.0000,0.0000,0.0000,0.0000,1,0,0,0,0,1,0,0,0,0
zc,TA211,2012-06-21 09:08:27.770,7150.0000,450,0,0.0000,0.0000,0,0,多换,B,7102.0000,0.0000,0.0000,0.0000,0.0000,7150.0000,0.0000,0.0000,0.0000,0.0000,2,0,0,0,0,1,0,0,0,0
zc,TA211,2012-06-21 09:08:28.270,7150.0000,450,0,0.0000,0.0000,0,0,多换,B,7102.0000,0.0000,0.0000,0.0000,0.0000,7150.0000,0.0000,0.0000,0.0000,0.0000,1,0,0,0,0,1,0,0,0,0
zc,TA211,2012-06-21 09:08:29.973,7150.0000,450,0,0.0000,0.0000,0,0,多换,B,7102.0000,0.0000,0.0000,0.0000,0.0000,7150.0000,0.0000,0.0000,0.0000,0.0000,2,0,0,0,0,1,0,0,0,0
zc,TA211,2012-06-21 09:08:40.020,7150.0000,450,0,0.0000,0.0000,0,0,多换,B,7102.0000,0.0000,0.0000,0.0000,0.0000,7148.0000,0.0000,0.0000,0.0000,0.0000,2,0,0,0,0,3,0,0,0,0
zc,TA211,2012-06-21 09:08:41.237,7150.0000,450,0,0.0000,0.0000,0,0,多换,B,7104.0000,0.0000,0.0000,0.0000,0.0000,7148.0000,0.0000,0.0000,0.0000,0.0000,1,0,0,0,0,3,0,0,0,0
zc,TA211,2012-06-21 09:08:41.770,7150.0000,450,0,0.0000,0.0000,0,0,多换,B,7102.0000,0.0000,0.0000,0.0000,0.0000,7148.0000,0.0000,0.0000,0.0000,0.0000,2,0,0,0,0,3,0,0,0,0
zc,TA211,2012-06-21 09:08:42.237,7150.0000,450,0,0.0000,0.0000,0,0,多换,B,7104.0000,0.0000,0.0000,0.0000,0.0000,7148.0000,0.0000,0.0000,0.0000,0.0000,1,0,0,0,0,3,0,0,0,0
zc,TA211,2012-06-21 09:08:44.770,7150.0000,450,0,0.0000,0.0000,0,0,多换,B,7102.0000,0.0000,0.0000,0.0000,0.0000,7148.0000,0.0000,0.0000,0.0000,0.0000,2,0,0,0,0,3,0,0,0,0
zc,TA211,2012-06-21 09:08:47.223,7150.0000,450,0,0.0000,0.0000,0,0,多换,B,7104.0000,0.0000,0.0000,0.0000,0.0000,7148.0000,0.0000,0.0000,0.0000,0.0000,1,0,0,0,0,3,0,0,0,0
zc,TA211,2012-06-21 09:08:48.973,7150.0000,450,0,0.0000,0.0000,0,0,多换,B,7104.0000,0.0000,0.0000,0.0000,0.0000,7150.0000,0.0000,0.0000,0.0000,0.0000,1,0,0,0,0,1,0,0,0,0
zc,TA211,2012-06-21 09:08:50.003,7150.0000,450,0,0.0000,0.0000,0,0,多换,B,7102.0000,0.0000,0.0000,0.0000,0.0000,7150.0000,0.0000,0.0000,0.0000,0.0000,2,0,0,0,0,1,0,0,0,0
zc,TA211,2012-06-21 09:08:52.783,7150.0000,450,0,0.0000,0.0000,0,0,多换,B,7104.0000,0.0000,0.0000,0.0000,0.0000,7152.0000,0.0000,0.0000,0.0000,0.0000,1,0,0,0,0,1,0,0,0,0
zc,TA211,2012-06-21 09:08:54.473,7150.0000,450,0,0.0000,0.0000,0,0,多换,B,7104.0000,0.0000,0.0000,0.0000,0.0000,7152.0000,0.0000,0.0000,0.0000,0.0000,2,0,0,0,0,1,0,0,0,0
zc,TA211,2012-06-21 09:09:02.753,7150.0000,450,0,0.0000,0.0000,0,0,多换,B,7106.0000,0.0000,0.0000,0.0000,0.0000,7154.0000,0.0000,0.0000,0.0000,0.0000,1,0,0,0,0,1,0,0,0,0
zc,TA211,2012-06-21 09:09:03.253,7150.0000,450,0,0.0000,0.0000,0,0,多换,B,7106.0000,0.0000,0.0000,0.0000,0.0000,7152.0000,0.0000,0.0000,0.0000,0.0000,1,0,0,0,0,1,0,0,0,0
zc,TA211,2012-06-21 09:09:03.770,7150.0000,450,0,0.0000,0.0000,0,0,多换,B,7106.0000,0.0000,0.0000,0.0000,0.0000,7154.0000,0.0000,0.0000,0.0000,0.0000,2,0,0,0,0,1,0,0,0,0
zc,TA211,2012-06-21 09:09:06.533,7150.0000,450,0,0.0000,0.0000,0,0,多换,B,7106.0000,0.0000,0.0000,0.0000,0.0000,7154.0000,0.0000,0.0000,0.0000,0.0000,2,0,0,0,0,1,0,0,0,0
zc,TA211,2012-06-21 09:09:07.020,7150.0000,450,0,0.0000,0.0000,0,0,多换,B,7108.0000,0.0000,0.0000,0.0000,0.0000,7154.0000,0.0000,0.0000,0.0000,0.0000,1,0,0,0,0,1,0,0,0,0
zc,TA211,2012-06-21 09:09:09.770,7150.0000,450,0,0.0000,0.0000,0,0,多换,B,7106.0000,0.0000,0.0000,0.0000,0.0000,7154.0000,0.0000,0.0000,0.0000,0.0000,2,0,0,0,0,1,0,0,0,0
zc,TA211,2012-06-21 09:09:11.300,7150.0000,450,0,0.0000,0.0000,0,0,多换,B,7106.0000,0.0000,0.0000,0.0000,0.0000,7152.0000,0.0000,0.0000,0.0000,0.0000,1,0,0,0,0,1,0,0,0,0
zc,TA211,2012-06-21 09:09:12.020,7150.0000,450,0,0.0000,0.0000,0,0,多换,B,7106.0000,0.0000,0.0000,0.0000,0.0000,7154.0000,0.0000,0.0000,0.0000,0.0000,2,0,0,0,0,1,0,0,0,0
zc,TA211,2012-06-21 09:09:14.033,7150.0000,450,0,0.0000,0.0000,0,0,多换,B,7108.0000,0.0000,0.0000,0.0000,0.0000,7154.0000,0.0000,0.0000,0.0000,0.0000,1,0,0,0,0,1,0,0,0,0
zc,TA211,2012-06-21 09:09:15.223,7150.0000,450,0,0.0000,0.0000,0,0,多换,B,7106.0000,0.0000,0.0000,0.0000,0.0000,7154.0000,0.0000,0.0000,0.0000,0.0000,2,0,0,0,0,1,0,0,0,0
zc,TA211,2012-06-21 09:09:18.223,7150.0000,450,0,0.0000,0.0000,0,0,多换,B,7108.0000,0.0000,0.0000,0.0000,0.0000,7154.0000,0.0000,0.0000,0.0000,0.0000,1,0,0,0,0,1,0,0,0,0
zc,TA211,2012-06-21 09:09:20.003,7150.0000,450,0,0.0000,0.0000,0,0,多换,B,7110.0000,0.0000,0.0000,0.0000,0.0000,7152.0000,0.0000,0.0000,0.0000,0.0000,1,0,0,0,0,3,0,0,0,0
zc,TA211,2012-06-21 09:09:24.020,7150.0000,450,0,0.0000,0.0000,0,0,多换,B,7110.0000,0.0000,0.0000,0.0000,0.0000,7152.0000,0.0000,0.0000,0.0000,0.0000,2,0,0,0,0,3,0,0,0,0
zc,TA211,2012-06-21 09:09:25.253,7150.0000,450,0,0.0000,0.0000,0,0,多换,B,7110.0000,0.0000,0.0000,0.0000,0.0000,7158.0000,0.0000,0.0000,0.0000,0.0000,2,0,0,0,0,1,0,0,0,0
zc,TA211,2012-06-21 09:09:26.223,7150.0000,450,0,0.0000,0.0000,0,0,多换,B,7112.0000,0.0000,0.0000,0.0000,0.0000,7158.0000,0.0000,0.0000,0.0000,0.0000,1,0,0,0,0,1,0,0,0,0
zc,TA211,2012-06-21 09:09:28.533,7150.0000,450,0,0.0000,0.0000,0,0,多换,B,7114.0000,0.0000,0.0000,0.0000,0.0000,7158.0000,0.0000,0.0000,0.0000,0.0000,1,0,0,0,0,1,0,0,0,0
zc,TA211,2012-06-21 09:09:29.737,7150.0000,450,0,0.0000,0.0000,0,0,多换,B,7112.0000,0.0000,0.0000,0.0000,0.0000,7158.0000,0.0000,0.0000,0.0000,0.0000,1,0,0,0,0,1,0,0,0,0
zc,TA211,2012-06-21 09:09:30.770,7150.0000,450,0,0.0000,0.0000,0,0,多换,B,7114.0000,0.0000,0.0000,0.0000,0.0000,7160.0000,0.0000,0.0000,0.0000,0.0000,1,0,0,0,0,1,0,0,0,0
zc,TA211,2012-06-21 09:09:32.753,7150.0000,450,0,0.0000,0.0000,0,0,多换,B,7114.0000,0.0000,0.0000,0.0000,0.0000,7162.0000,0.0000,0.0000,0.0000,0.0000,2,0,0,0,0,1,0,0,0,0
zc,TA211,2012-06-21 09:09:34.987,7150.0000,450,0,0.0000,0.0000,0,0,多换,B,7114.0000,0.0000,0.0000,0.0000,0.0000,7160.0000,0.0000,0.0000,0.0000,0.0000,1,0,0,0,0,1,0,0,0,0
zc,TA211,2012-06-21 09:09:40.283,7150.0000,450,0,0.0000,0.0000,0,0,多换,B,7114.0000,0.0000,0.0000,0.0000,0.0000,7158.0000,0.0000,0.0000,0.0000,0.0000,1,0,0,0,0,1,0,0,0,0
zc,TA211,2012-06-21 09:09:42.237,7150.0000,450,0,0.0000,0.0000,0,0,多换,B,7114.0000,0.0000,0.0000,0.0000,0.0000,7156.0000,0.0000,0.0000,0.0000,0.0000,1,0,0,0,0,1,0,0,0,0
zc,TA211,2012-06-21 09:09:42.737,7150.0000,450,0,0.0000,0.0000,0,0,多换,B,7114.0000,0.0000,0.0000,0.0000,0.0000,7158.0000,0.0000,0.0000,0.0000,0.0000,1,0,0,0,0,1,0,0,0,0
zc,TA211,2012-06-21 09:09:44.003,7150.0000,450,0,0.0000,0.0000,0,0,多换,B,7112.0000,0.0000,0.0000,0.0000,0.0000,7158.0000,0.0000,0.0000,0.0000,0.0000,2,0,0,0,0,1,0,0,0,0
zc,TA211,2012-06-21 09:09:45.253,7150.0000,450,0,0.0000,0.0000,0,0,多换,B,7112.0000,0.0000,0.0000,0.0000,0.0000,7156.0000,0.0000,0.0000,0.0000,0.0000,1,0,0,0,0,1,0,0,0,0
zc,TA211,2012-06-21 09:09:46.533,7150.0000,450,0,0.0000,0.0000,0,0,多换,B,7112.0000,0.0000,0.0000,0.0000,0.0000,7158.0000,0.0000,0.0000,0.0000,0.0000,1,0,0,0,0,1,0,0,0,0
zc,TA211,2012-06-21 09:09:47.283,7150.0000,450,0,0.0000,0.0000,0,0,多换,B,7112.0000,0.0000,0.0000,0.0000,0.0000,7158.0000,0.0000,0.0000,0.0000,0.0000,2,0,0,0,0,1,0,0,0,0
zc,TA211,2012-06-21 09:09:50.520,7150.0000,450,0,0.0000,0.0000,0,0,多换,B,7114.0000,0.0000,0.0000,0.0000,0.0000,7160.0000,0.0000,0.0000,0.0000,0.0000,1,0,0,0,0,1,0,0,0,0
zc,TA211,2012-06-21 09:09:51.253,7150.0000,450,0,0.0000,0.0000,0,0,多换,B,7112.0000,0.0000,0.0000,0.0000,0.0000,7158.0000,0.0000,0.0000,0.0000,0.0000,1,0,0,0,0,1,0,0,0,0
zc,TA211,2012-06-21 09:09:51.753,7150.0000,450,0,0.0000,0.0000,0,0,多换,B,7112.0000,0.0000,0.0000,0.0000,0.0000,7158.0000,0.0000,0.0000,0.0000,0.0000,2,0,0,0,0,1,0,0,0,0
zc,TA211,2012-06-21 09:09:52.520,7150.0000,450,0,0.0000,0.0000,0,0,多换,B,7114.0000,0.0000,0.0000,0.0000,0.0000,7160.0000,0.0000,0.0000,0.0000,0.0000,1,0,0,0,0,1,0,0,0,0
zc,TA211,2012-06-21 09:09:56.020,7150.0000,450,0,0.0000,0.0000,0,0,多换,B,7112.0000,0.0000,0.0000,0.0000,0.0000,7158.0000,0.0000,0.0000,0.0000,0.0000,1,0,0,0,0,1,0,0,0,0
zc,TA211,2012-06-21 09:09:56.753,7150.0000,450,0,0.0000,0.0000,0,0,多换,B,7114.0000,0.0000,0.0000,0.0000,0.0000,7160.0000,0.0000,0.0000,0.0000,0.0000,1,0,0,0,0,1,0,0,0,0
zc,TA211,2012-06-21 09:09:56.987,7150.0000,450,0,0.0000,0.0000,0,0,多换,B,7112.0000,0.0000,0.0000,0.0000,0.0000,7160.0000,0.0000,0.0000,0.0000,0.0000,2,0,0,0,0,1,0,0,0,0
zc,TA211,2012-06-21 09:09:57.770,7150.0000,450,0,0.0000,0.0000,0,0,多换,B,7114.0000,0.0000,0.0000,0.0000,0.0000,7160.0000,0.0000,0.0000,0.0000,0.0000,1,0,0,0,0,1,0,0,0,0
zc,TA211,2012-06-21 09:09:58.283,7150.0000,450,0,0.0000,0.0000,0,0,多换,B,7112.0000,0.0000,0.0000,0.0000,0.0000,7158.0000,0.0000,0.0000,0.0000,0.0000,2,0,0,0,0,1,0,0,0,0
zc,TA211,2012-06-21 09:09:59.473,7150.0000,450,0,0.0000,0.0000,0,0,多换,B,7112.0000,0.0000,0.0000,0.0000,0.0000,7158.0000,0.0000,0.0000,0.0000,0.0000,1,0,0,0,0,1,0,0,0,0
zc,TA211,2012-06-21 09:10:01.987,7150.0000,450,0,0.0000,0.0000,0,0,多换,B,7110.0000,0.0000,0.0000,0.0000,0.0000,7156.0000,0.0000,0.0000,0.0000,0.0000,2,0,0,0,0,1,0,0,0,0
zc,TA211,2012-06-21 09:10:06.533,7150.0000,450,0,0.0000,0.0000,0,0,多换,B,7110.0000,0.0000,0.0000,0.0000,0.0000,7154.0000,0.0000,0.0000,0.0000,0.0000,1,0,0,0,0,1,0,0,0,0
zc,TA211,2012-06-21 09:10:10.487,7150.0000,450,0,0.0000,0.0000,0,0,多换,B,7108.0000,0.0000,0.0000,0.0000,0.0000,7154.0000,0.0000,0.0000,0.0000,0.0000,2,0,0,0,0,1,0,0,0,0
zc,TA211,2012-06-21 09:10:12.770,7150.0000,450,0,0.0000,0.0000,0,0,多换,B,7108.0000,0.0000,0.0000,0.0000,0.0000,7152.0000,0.0000,0.0000,0.0000,0.0000,1,0,0,0,0,1,0,0,0,0
zc,TA211,2012-06-21 09:10:14.020,7150.0000,450,0,0.0000,0.0000,0,0,多换,B,7108.0000,0.0000,0.0000,0.0000,0.0000,7154.0000,0.0000,0.0000,0.0000,0.0000,2,0,0,0,0,1,0,0,0,0
zc,TA211,2012-06-21 09:10:14.770,7150.0000,450,0,0.0000,0.0000,0,0,多换,B,7108.0000,0.0000,0.0000,0.0000,0.0000,7152.0000,0.0000,0.0000,0.0000,0.0000,1,0,0,0,0,1,0,0,0,0
zc,TA211,2012-06-21 09:10:15.737,7150.0000,450,0,0.0000,0.0000,0,0,多换,B,7110.0000,0.0000,0.0000,0.0000,0.0000,7156.0000,0.0000,0.0000,0.0000,0.0000,2,0,0,0,0,1,0,0,0,0
zc,TA211,2012-06-21 09:10:16.487,7150.0000,450,0,0.0000,0.0000,0,0,多换,B,7110.0000,0.0000,0.0000,0.0000,0.0000,7156.0000,0.0000,0.0000,0.0000,0.0000,1,0,0,0,0,1,0,0,0,0
zc,TA211,2012-06-21 09:10:19.253,7150.0000,450,0,0.0000,0.0000,0,0,多换,B,7108.0000,0.0000,0.0000,0.0000,0.0000,7154.0000,0.0000,0.0000,0.0000,0.0000,2,0,0,0,0,1,0,0,0,0
zc,TA211,2012-06-21 09:10:23.737,7150.0000,450,0,0.0000,0.0000,0,0,多换,B,7110.0000,0.0000,0.0000,0.0000,0.0000,7154.0000,0.0000,0.0000,0.0000,0.0000,1,0,0,0,0,1,0,0,0,0
zc,TA211,2012-06-21 09:10:41.253,7150.0000,450,0,0.0000,0.0000,0,0,多换,B,7110.0000,0.0000,0.0000,0.0000,0.0000,7156.0000,0.0000,0.0000,0.0000,0.0000,2,0,0,0,0,1,0,0,0,0
zc,TA211,2012-06-21 09:10:42.503,7150.0000,450,0,0.0000,0.0000,0,0,多换,B,7110.0000,0.0000,0.0000,0.0000,0.0000,7154.0000,0.0000,0.0000,0.0000,0.0000,1,0,0,0,0,1,0,0,0,0
zc,TA211,2012-06-21 09:10:43.487,7150.0000,450,0,0.0000,0.0000,0,0,多换,B,7110.0000,0.0000,0.0000,0.0000,0.0000,7156.0000,0.0000,0.0000,0.0000,0.0000,1,0,0,0,0,1,0,0,0,0
zc,TA211,2012-06-21 09:10:44.253,7150.0000,450,0,0.0000,0.0000,0,0,多换,B,7110.0000,0.0000,0.0000,0.0000,0.0000,7154.0000,0.0000,0.0000,0.0000,0.0000,1,0,0,0,0,1,0,0,0,0
zc,TA211,2012-06-21 09:10:45.753,7150.0000,450,0,0.0000,0.0000,0,0,多换,B,7110.0000,0.0000,0.0000,0.0000,0.0000,7156.0000,0.0000,0.0000,0.0000,0.0000,2,0,0,0,0,1,0,0,0,0
zc,TA211,2012-06-21 09:10:50.957,7150.0000,450,0,0.0000,0.0000,0,0,多换,B,7110.0000,0.0000,0.0000,0.0000,0.0000,7156.0000,0.0000,0.0000,0.0000,0.0000,1,0,0,0,0,1,0,0,0,0
zc,TA211,2012-06-21 09:10:59.503,7150.0000,450,0,0.0000,0.0000,0,0,多换,B,7108.0000,0.0000,0.0000,0.0000,0.0000,7156.0000,0.0000,0.0000,0.0000,0.0000,2,0,0,0,0,1,0,0,0,0
zc,TA211,2012-06-21 09:11:00.003,7150.0000,450,0,0.0000,0.0000,0,0,多换,B,7108.0000,0.0000,0.0000,0.0000,0.0000,7154.0000,0.0000,0.0000,0.0000,0.0000,2,0,0,0,0,1,0,0,0,0
zc,TA211,2012-06-21 09:11:01.253,7150.0000,450,0,0.0000,0.0000,0,0,多换,B,7108.0000,0.0000,0.0000,0.0000,0.0000,7154.0000,0.0000,0.0000,0.0000,0.0000,4,0,0,0,0,1,0,0,0,0
zc,TA211,2012-06-21 09:11:02.503,7150.0000,450,0,0.0000,0.0000,0,0,多换,B,7108.0000,0.0000,0.0000,0.0000,0.0000,7156.0000,0.0000,0.0000,0.0000,0.0000,4,0,0,0,0,1,0,0,0,0
zc,TA211,2012-06-21 09:11:03.770,7150.0000,450,0,0.0000,0.0000,0,0,多换,B,7108.0000,0.0000,0.0000,0.0000,0.0000,7154.0000,0.0000,0.0000,0.0000,0.0000,4,0,0,0,0,1,0,0,0,0
zc,TA211,2012-06-21 09:11:05.253,7150.0000,450,0,0.0000,0.0000,0,0,多换,B,7110.0000,0.0000,0.0000,0.0000,0.0000,7156.0000,0.0000,0.0000,0.0000,0.0000,1,0,0,0,0,1,0,0,0,0
zc,TA211,2012-06-21 09:11:13.487,7150.0000,450,0,0.0000,0.0000,0,0,多换,B,7112.0000,0.0000,0.0000,0.0000,0.0000,7158.0000,0.0000,0.0000,0.0000,0.0000,1,0,0,0,0,1,0,0,0,0
zc,TA211,2012-06-21 09:11:18.253,7150.0000,450,0,0.0000,0.0000,0,0,多换,B,7114.0000,0.0000,0.0000,0.0000,0.0000,7160.0000,0.0000,0.0000,0.0000,0.0000,1,0,0,0,0,1,0,0,0,0
zc,TA211,2012-06-21 09:11:24.737,7150.0000,450,0,0.0000,0.0000,0,0,多换,B,7116.0000,0.0000,0.0000,0.0000,0.0000,7162.0000,0.0000,0.0000,0.0000,0.0000,1,0,0,0,0,1,0,0,0,0
zc,TA211,2012-06-21 09:11:25.270,7150.0000,450,0,0.0000,0.0000,0,0,多换,B,7114.0000,0.0000,0.0000,0.0000,0.0000,7162.0000,0.0000,0.0000,0.0000,0.0000,1,0,0,0,0,1,0,0,0,0
zc,TA211,2012-06-21 09:11:26.020,7150.0000,450,0,0.0000,0.0000,0,0,多换,B,7116.0000,0.0000,0.0000,0.0000,0.0000,7162.0000,0.0000,0.0000,0.0000,0.0000,1,0,0,0,0,1,0,0,0,0
zc,TA211,2012-06-21 09:11:31.520,7150.0000,450,0,0.0000,0.0000,0,0,多换,B,7118.0000,0.0000,0.0000,0.0000,0.0000,7164.0000,0.0000,0.0000,0.0000,0.0000,1,0,0,0,0,1,0,0,0,0
zc,TA211,2012-06-21 09:11:33.020,7150.0000,450,0,0.0000,0.0000,0,0,多换,B,7116.0000,0.0000,0.0000,0.0000,0.0000,7162.0000,0.0000,0.0000,0.0000,0.0000,1,0,0,0,0,1,0,0,0,0
zc,TA211,2012-06-21 09:11:33.737,7150.0000,450,0,0.0000,0.0000,0,0,多换,B,7116.0000,0.0000,0.0000,0.0000,0.0000,7164.0000,0.0000,0.0000,0.0000,0.0000,1,0,0,0,0,1,0,0,0,0
zc,TA211,2012-06-21 09:11:34.237,7150.0000,450,0,0.0000,0.0000,0,0,多换,B,7116.0000,0.0000,0.0000,0.0000,0.0000,7162.0000,0.0000,0.0000,0.0000,0.0000,1,0,0,0,0,1,0,0,0,0
zc,TA211,2012-06-21 09:11:34.987,7150.0000,450,0,0.0000,0.0000,0,0,多换,B,7114.0000,0.0000,0.0000,0.0000,0.0000,7160.0000,0.0000,0.0000,0.0000,0.0000,1,0,0,0,0,1,0,0,0,0
zc,TA211,2012-06-21 09:11:36.270,7150.0000,450,0,0.0000,0.0000,0,0,多换,B,7114.0000,0.0000,0.0000,0.0000,0.0000,7162.0000,0.0000,0.0000,0.0000,0.0000,1,0,0,0,0,1,0,0,0,0
zc,TA211,2012-06-21 09:11:37.270,7150.0000,450,0,0.0000,0.0000,0,0,多换,B,7116.0000,0.0000,0.0000,0.0000,0.0000,7162.0000,0.0000,0.0000,0.0000,0.0000,1,0,0,0,0,1,0,0,0,0
zc,TA211,2012-06-21 09:11:51.270,7150.0000,450,0,0.0000,0.0000,0,0,多换,B,7114.0000,0.0000,0.0000,0.0000,0.0000,7160.0000,0.0000,0.0000,0.0000,0.0000,1,0,0,0,0,1,0,0,0,0
zc,TA211,2012-06-21 09:12:01.987,7150.0000,450,0,0.0000,0.0000,0,0,多换,B,7116.0000,0.0000,0.0000,0.0000,0.0000,7162.0000,0.0000,0.0000,0.0000,0.0000,1,0,0,0,0,1,0,0,0,0
zc,TA211,2012-06-21 09:12:03.753,7150.0000,450,0,0.0000,0.0000,0,0,多换,B,7114.0000,0.0000,0.0000,0.0000,0.0000,7160.0000,0.0000,0.0000,0.0000,0.0000,1,0,0,0,0,1,0,0,0,0
zc,TA211,2012-06-21 09:12:10.770,7150.0000,450,0,0.0000,0.0000,0,0,多换,B,7112.0000,0.0000,0.0000,0.0000,0.0000,7158.0000,0.0000,0.0000,0.0000,0.0000,1,0,0,0,0,1,0,0,0,0
zc,TA211,2012-06-21 09:12:15.770,7150.0000,450,0,0.0000,0.0000,0,0,多换,B,7110.0000,0.0000,0.0000,0.0000,0.0000,7156.0000,0.0000,0.0000,0.0000,0.0000,1,0,0,0,0,1,0,0,0,0
zc,TA211,2012-06-21 09:12:18.237,7150.0000,450,0,0.0000,0.0000,0,0,多换,B,7110.0000,0.0000,0.0000,0.0000,0.0000,7158.0000,0.0000,0.0000,0.0000,0.0000,1,0,0,0,0,1,0,0,0,0
zc,TA211,2012-06-21 09:12:18.770,7150.0000,450,0,0.0000,0.0000,0,0,多换,B,7110.0000,0.0000,0.0000,0.0000,0.0000,7156.0000,0.0000,0.0000,0.0000,0.0000,1,0,0,0,0,1,0,0,0,0
zc,TA211,2012-06-21 09:12:22.487,7150.0000,450,0,0.0000,0.0000,0,0,多换,B,7110.0000,0.0000,0.0000,0.0000,0.0000,7156.0000,0.0000,0.0000,0.0000,0.0000,3,0,0,0,0,1,0,0,0,0
zc,TA211,2012-06-21 09:12:24.987,7150.0000,450,0,0.0000,0.0000,0,0,多换,B,7110.0000,0.0000,0.0000,0.0000,0.0000,7158.0000,0.0000,0.0000,0.0000,0.0000,3,0,0,0,0,1,0,0,0,0
zc,TA211,2012-06-21 09:12:25.503,7150.0000,450,0,0.0000,0.0000,0,0,多换,B,7110.0000,0.0000,0.0000,0.0000,0.0000,7156.0000,0.0000,0.0000,0.0000,0.0000,3,0,0,0,0,1,0,0,0,0
zc,TA211,2012-06-21 09:12:33.973,7150.0000,450,0,0.0000,0.0000,0,0,多换,B,7112.0000,0.0000,0.0000,0.0000,0.0000,7158.0000,0.0000,0.0000,0.0000,0.0000,1,0,0,0,0,1,0,0,0,0
zc,TA211,2012-06-21 09:12:39.707,7150.0000,450,0,0.0000,0.0000,0,0,多换,B,7114.0000,0.0000,0.0000,0.0000,0.0000,7158.0000,0.0000,0.0000,0.0000,0.0000,1,0,0,0,0,1,0,0,0,0
zc,TA211,2012-06-21 09:12:41.237,7150.0000,450,0,0.0000,0.0000,0,0,多换,B,7114.0000,0.0000,0.0000,0.0000,0.0000,7156.0000,0.0000,0.0000,0.0000,0.0000,1,0,0,0,0,1,0,0,0,0
zc,TA211,2012-06-21 09:12:45.487,7150.0000,450,0,0.0000,0.0000,0,0,多换,B,7114.0000,0.0000,0.0000,0.0000,0.0000,7158.0000,0.0000,0.0000,0.0000,0.0000,1,0,0,0,0,1,0,0,0,0
zc,TA211,2012-06-21 09:12:47.270,7150.0000,450,0,0.0000,0.0000,0,0,多换,B,7114.0000,0.0000,0.0000,0.0000,0.0000,7156.0000,0.0000,0.0000,0.0000,0.0000,1,0,0,0,0,1,0,0,0,0
zc,TA211,2012-06-21 09:12:48.487,7150.0000,450,0,0.0000,0.0000,0,0,多换,B,7116.0000,0.0000,0.0000,0.0000,0.0000,7156.0000,0.0000,0.0000,0.0000,0.0000,2,0,0,0,0,1,0,0,0,0
zc,TA211,2012-06-21 09:12:49.487,7150.0000,450,0,0.0000,0.0000,0,0,多换,B,7116.0000,0.0000,0.0000,0.0000,0.0000,7156.0000,0.0000,0.0000,0.0000,0.0000,3,0,0,0,0,1,0,0,0,0
zc,TA211,2012-06-21 09:12:50.237,7150.0000,450,0,0.0000,0.0000,0,0,多换,B,7116.0000,0.0000,0.0000,0.0000,0.0000,7156.0000,0.0000,0.0000,0.0000,0.0000,2,0,0,0,0,1,0,0,0,0
zc,TA211,2012-06-21 09:12:58.223,7150.0000,450,0,0.0000,0.0000,0,0,多换,B,7116.0000,0.0000,0.0000,0.0000,0.0000,7152.0000,0.0000,0.0000,0.0000,0.0000,2,0,0,0,0,1,0,0,0,0
zc,TA211,2012-06-21 09:13:04.270,7150.0000,450,0,0.0000,0.0000,0,0,多换,B,7116.0000,0.0000,0.0000,0.0000,0.0000,7150.0000,0.0000,0.0000,0.0000,0.0000,2,0,0,0,0,1,0,0,0,0
zc,TA211,2012-06-21 09:13:20.973,7150.0000,450,0,0.0000,0.0000,0,0,多换,B,7114.0000,0.0000,0.0000,0.0000,0.0000,7148.0000,0.0000,0.0000,0.0000,0.0000,1,0,0,0,0,1,0,0,0,0
zc,TA211,2012-06-21 09:13:22.753,7150.0000,450,0,0.0000,0.0000,0,0,多换,B,7112.0000,0.0000,0.0000,0.0000,0.0000,7148.0000,0.0000,0.0000,0.0000,0.0000,1,0,0,0,0,1,0,0,0,0
zc,TA211,2012-06-21 09:13:23.973,7150.0000,450,0,0.0000,0.0000,0,0,多换,B,7114.0000,0.0000,0.0000,0.0000,0.0000,7150.0000,0.0000,0.0000,0.0000,0.0000,1,0,0,0,0,1,0,0,0,0
zc,TA211,2012-06-21 09:13:25.207,7150.0000,450,0,0.0000,0.0000,0,0,多换,B,7112.0000,0.0000,0.0000,0.0000,0.0000,7150.0000,0.0000,0.0000,0.0000,0.0000,1,0,0,0,0,1,0,0,0,0
zc,TA211,2012-06-21 09:13:25.770,7150.0000,450,0,0.0000,0.0000,0,0,多换,B,7114.0000,0.0000,0.0000,0.0000,0.0000,7150.0000,0.0000,0.0000,0.0000,0.0000,1,0,0,0,0,1,0,0,0,0
zc,TA211,2012-06-21 09:13:27.003,7150.0000,450,0,0.0000,0.0000,0,0,多换,B,7114.0000,0.0000,0.0000,0.0000,0.0000,7148.0000,0.0000,0.0000,0.0000,0.0000,1,0,0,0,0,1,0,0,0,0
zc,TA211,2012-06-21 09:13:30.003,7150.0000,450,0,0.0000,0.0000,0,0,多换,B,7112.0000,0.0000,0.0000,0.0000,0.0000,7148.0000,0.0000,0.0000,0.0000,0.0000,1,0,0,0,0,1,0,0,0,0
zc,TA211,2012-06-21 09:13:32.253,7150.0000,450,0,0.0000,0.0000,0,0,多换,B,7112.0000,0.0000,0.0000,0.0000,0.0000,7150.0000,0.0000,0.0000,0.0000,0.0000,1,0,0,0,0,1,0,0,0,0
zc,TA211,2012-06-21 09:13:33.520,7150.0000,450,0,0.0000,0.0000,0,0,多换,B,7112.0000,0.0000,0.0000,0.0000,0.0000,7148.0000,0.0000,0.0000,0.0000,0.0000,1,0,0,0,0,1,0,0,0,0
zc,TA211,2012-06-21 09:13:35.973,7150.0000,450,0,0.0000,0.0000,0,0,多换,B,7114.0000,0.0000,0.0000,0.0000,0.0000,7148.0000,0.0000,0.0000,0.0000,0.0000,1,0,0,0,0,1,0,0,0,0
zc,TA211,2012-06-21 09:13:36.520,7150.0000,450,0,0.0000,0.0000,0,0,多换,B,7112.0000,0.0000,0.0000,0.0000,0.0000,7146.0000,0.0000,0.0000,0.0000,0.0000,1,0,0,0,0,1,0,0,0,0
zc,TA211,2012-06-21 09:13:37.753,7150.0000,450,0,0.0000,0.0000,0,0,多换,B,7112.0000,0.0000,0.0000,0.0000,0.0000,7148.0000,0.0000,0.0000,0.0000,0.0000,1,0,0,0,0,1,0,0,0,0
zc,TA211,2012-06-21 09:13:39.737,7150.0000,450,0,0.0000,0.0000,0,0,多换,B,7112.0000,0.0000,0.0000,0.0000,0.0000,7146.0000,0.0000,0.0000,0.0000,0.0000,1,0,0,0,0,1,0,0,0,0
zc,TA211,2012-06-21 09:13:41.223,7150.0000,450,0,0.0000,0.0000,0,0,多换,B,7112.0000,0.0000,0.0000,0.0000,0.0000,7148.0000,0.0000,0.0000,0.0000,0.0000,1,0,0,0,0,1,0,0,0,0
zc,TA211,2012-06-21 09:13:43.033,7150.0000,450,0,0.0000,0.0000,0,0,多换,B,7110.0000,0.0000,0.0000,0.0000,0.0000,7146.0000,0.0000,0.0000,0.0000,0.0000,1,0,0,0,0,1,0,0,0,0
zc,TA211,2012-06-21 09:13:44.223,7150.0000,450,0,0.0000,0.0000,0,0,多换,B,7110.0000,0.0000,0.0000,0.0000,0.0000,7148.0000,0.0000,0.0000,0.0000,0.0000,1,0,0,0,0,1,0,0,0,0
zc,TA211,2012-06-21 09:13:45.533,7150.0000,450,0,0.0000,0.0000,0,0,多换,B,7110.0000,0.0000,0.0000,0.0000,0.0000,7146.0000,0.0000,0.0000,0.0000,0.0000,1,0,0,0,0,1,0,0,0,0
zc,TA211,2012-06-21 09:13:49.270,7150.0000,450,0,0.0000,0.0000,0,0,多换,B,7112.0000,0.0000,0.0000,0.0000,0.0000,7146.0000,0.0000,0.0000,0.0000,0.0000,1,0,0,0,0,1,0,0,0,0
zc,TA211,2012-06-21 09:13:51.723,7150.0000,450,0,0.0000,0.0000,0,0,多换,B,7110.0000,0.0000,0.0000,0.0000,0.0000,7148.0000,0.0000,0.0000,0.0000,0.0000,1,0,0,0,0,1,0,0,0,0
zc,TA211,2012-06-21 09:13:52.003,7150.0000,450,0,0.0000,0.0000,0,0,多换,B,7112.0000,0.0000,0.0000,0.0000,0.0000,7148.0000,0.0000,0.0000,0.0000,0.0000,1,0,0,0,0,1,0,0,0,0
zc,TA211,2012-06-21 09:13:53.237,7150.0000,450,0,0.0000,0.0000,0,0,多换,B,7110.0000,0.0000,0.0000,0.0000,0.0000,7148.0000,0.0000,0.0000,0.0000,0.0000,1,0,0,0,0,1,0,0,0,0
zc,TA211,2012-06-21 09:13:57.223,7150.0000,450,0,0.0000,0.0000,0,0,多换,B,7110.0000,0.0000,0.0000,0.0000,0.0000,7146.0000,0.0000,0.0000,0.0000,0.0000,1,0,0,0,0,1,0,0,0,0
zc,TA211,2012-06-21 09:14:05.473,7150.0000,450,0,0.0000,0.0000,0,0,多换,B,7110.0000,0.0000,0.0000,0.0000,0.0000,7148.0000,0.0000,0.0000,0.0000,0.0000,1,0,0,0,0,1,0,0,0,0
zc,TA211,2012-06-21 09:14:09.487,7150.0000,450,0,0.0000,0.0000,0,0,多换,B,7108.0000,0.0000,0.0000,0.0000,0.0000,7148.0000,0.0000,0.0000,0.0000,0.0000,1,0,0,0,0,1,0,0,0,0
zc,TA211,2012-06-21 09:14:20.737,7150.0000,450,0,0.0000,0.0000,0,0,多换,B,7106.0000,0.0000,0.0000,0.0000,0.0000,7148.0000,0.0000,0.0000,0.0000,0.0000,2,0,0,0,0,1,0,0,0,0
zc,TA211,2012-06-21 09:14:23.487,7150.0000,450,0,0.0000,0.0000,0,0,多换,B,7106.0000,0.0000,0.0000,0.0000,0.0000,7148.0000,0.0000,0.0000,0.0000,0.0000,1,0,0,0,0,1,0,0,0,0
zc,TA211,2012-06-21 09:14:24.223,7150.0000,450,0,0.0000,0.0000,0,0,多换,B,7106.0000,0.0000,0.0000,0.0000,0.0000,7148.0000,0.0000,0.0000,0.0000,0.0000,2,0,0,0,0,1,0,0,0,0
zc,TA211,2012-06-21 09:14:25.223,7150.0000,450,0,0.0000,0.0000,0,0,多换,B,7108.0000,0.0000,0.0000,0.0000,0.0000,7146.0000,0.0000,0.0000,0.0000,0.0000,2,0,0,0,0,1,0,0,0,0
zc,TA211,2012-06-21 09:14:25.987,7150.0000,450,0,0.0000,0.0000,0,0,多换,B,7108.0000,0.0000,0.0000,0.0000,0.0000,7148.0000,0.0000,0.0000,0.0000,0.0000,2,0,0,0,0,1,0,0,0,0
zc,TA211,2012-06-21 09:14:28.723,7150.0000,450,0,0.0000,0.0000,0,0,多换,B,7108.0000,0.0000,0.0000,0.0000,0.0000,7148.0000,0.0000,0.0000,0.0000,0.0000,3,0,0,0,0,1,0,0,0,0
zc,TA211,2012-06-21 09:14:30.770,7150.0000,450,0,0.0000,0.0000,0,0,多换,B,7108.0000,0.0000,0.0000,0.0000,0.0000,7150.0000,0.0000,0.0000,0.0000,0.0000,4,0,0,0,0,1,0,0,0,0
zc,TA211,2012-06-21 09:14:35.723,7150.0000,450,0,0.0000,0.0000,0,0,多换,B,7108.0000,0.0000,0.0000,0.0000,0.0000,7148.0000,0.0000,0.0000,0.0000,0.0000,3,0,0,0,0,1,0,0,0,0
zc,TA211,2012-06-21 09:14:37.487,7150.0000,450,0,0.0000,0.0000,0,0,多换,B,7108.0000,0.0000,0.0000,0.0000,0.0000,7150.0000,0.0000,0.0000,0.0000,0.0000,3,0,0,0,0,1,0,0,0,0
zc,TA211,2012-06-21 09:14:39.237,7150.0000,450,0,0.0000,0.0000,0,0,多换,B,7108.0000,0.0000,0.0000,0.0000,0.0000,7150.0000,0.0000,0.0000,0.0000,0.0000,4,0,0,0,0,1,0,0,0,0
zc,TA211,2012-06-21 09:14:39.753,7150.0000,450,0,0.0000,0.0000,0,0,多换,B,7108.0000,0.0000,0.0000,0.0000,0.0000,7148.0000,0.0000,0.0000,0.0000,0.0000,3,0,0,0,0,1,0,0,0,0
zc,TA211,2012-06-21 09:14:45.223,7150.0000,450,0,0.0000,0.0000,0,0,多换,B,7108.0000,0.0000,0.0000,0.0000,0.0000,7148.0000,0.0000,0.0000,0.0000,0.0000,2,0,0,0,0,1,0,0,0,0
zc,TA211,2012-06-21 09:14:48.207,7150.0000,450,0,0.0000,0.0000,0,0,多换,B,7108.0000,0.0000,0.0000,0.0000,0.0000,7148.0000,0.0000,0.0000,0.0000,0.0000,3,0,0,0,0,1,0,0,0,0
zc,TA211,2012-06-21 09:14:52.707,7150.0000,450,0,0.0000,0.0000,0,0,多换,B,7108.0000,0.0000,0.0000,0.0000,0.0000,7148.0000,0.0000,0.0000,0.0000,0.0000,2,0,0,0,0,1,0,0,0,0
zc,TA211,2012-06-21 09:14:53.237,7150.0000,450,0,0.0000,0.0000,0,0,多换,B,7108.0000,0.0000,0.0000,0.0000,0.0000,7150.0000,0.0000,0.0000,0.0000,0.0000,3,0,0,0,0,1,0,0,0,0
zc,TA211,2012-06-21 09:14:53.737,7150.0000,450,0,0.0000,0.0000,0,0,多换,B,7110.0000,0.0000,0.0000,0.0000,0.0000,7152.0000,0.0000,0.0000,0.0000,0.0000,1,0,0,0,0,1,0,0,0,0
zc,TA211,2012-06-21 09:15:01.003,7150.0000,450,0,0.0000,0.0000,0,0,多换,B,7110.0000,0.0000,0.0000,0.0000,0.0000,7150.0000,0.0000,0.0000,0.0000,0.0000,1,0,0,0,0,1,0,0,0,0
zc,TA211,2012-06-21 09:15:01.503,7150.0000,450,0,0.0000,0.0000,0,0,多换,B,7108.0000,0.0000,0.0000,0.0000,0.0000,7150.0000,0.0000,0.0000,0.0000,0.0000,2,0,0,0,0,1,0,0,0,0
zc,TA211,2012-06-21 09:15:04.520,7150.0000,450,0,0.0000,0.0000,0,0,多换,B,7108.0000,0.0000,0.0000,0.0000,0.0000,7152.0000,0.0000,0.0000,0.0000,0.0000,2,0,0,0,0,1,0,0,0,0
zc,TA211,2012-06-21 09:15:05.003,7150.0000,450,0,0.0000,0.0000,0,0,多换,B,7108.0000,0.0000,0.0000,0.0000,0.0000,7148.0000,0.0000,0.0000,0.0000,0.0000,1,0,0,0,0,1,0,0,0,0
zc,TA211,2012-06-21 09:15:06.270,7150.0000,450,0,0.0000,0.0000,0,0,多换,B,7108.0000,0.0000,0.0000,0.0000,0.0000,7150.0000,0.0000,0.0000,0.0000,0.0000,2,0,0,0,0,1,0,0,0,0
zc,TA211,2012-06-21 09:15:08.520,7150.0000,450,0,0.0000,0.0000,0,0,多换,B,7110.0000,0.0000,0.0000,0.0000,0.0000,7152.0000,0.0000,0.0000,0.0000,0.0000,1,0,0,0,0,1,0,0,0,0
zc,TA211,2012-06-21 09:15:11.957,7150.0000,450,0,0.0000,0.0000,0,0,多换,B,7110.0000,0.0000,0.0000,0.0000,0.0000,7152.0000,0.0000,0.0000,0.0000,0.0000,2,0,0,0,0,1,0,0,0,0
zc,TA211,2012-06-21 09:15:13.723,7150.0000,450,0,0.0000,0.0000,0,0,多换,B,7110.0000,0.0000,0.0000,0.0000,0.0000,7150.0000,0.0000,0.0000,0.0000,0.0000,2,0,0,0,0,1,0,0,0,0
zc,TA211,2012-06-21 09:15:14.473,7150.0000,450,0,0.0000,0.0000,0,0,多换,B,7110.0000,0.0000,0.0000,0.0000,0.0000,7148.0000,0.0000,0.0000,0.0000,0.0000,1,0,0,0,0,1,0,0,0,0
zc,TA211,2012-06-21 09:15:18.987,7150.0000,450,0,0.0000,0.0000,0,0,多换,B,7108.0000,0.0000,0.0000,0.0000,0.0000,7148.0000,0.0000,0.0000,0.0000,0.0000,2,0,0,0,0,1,0,0,0,0
zc,TA211,2012-06-21 09:15:22.080,7150.0000,450,0,0.0000,0.0000,0,0,多换,B,7108.0000,0.0000,0.0000,0.0000,0.0000,7150.0000,0.0000,0.0000,0.0000,0.0000,2,0,0,0,0,1,0,0,0,0
zc,TA211,2012-06-21 09:15:22.533,7150.0000,450,0,0.0000,0.0000,0,0,多换,B,7110.0000,0.0000,0.0000,0.0000,0.0000,7150.0000,0.0000,0.0000,0.0000,0.0000,1,0,0,0,0,1,0,0,0,0
zc,TA211,2012-06-21 09:15:23.737,7150.0000,450,0,0.0000,0.0000,0,0,多换,B,7108.0000,0.0000,0.0000,0.0000,0.0000,7148.0000,0.0000,0.0000,0.0000,0.0000,2,0,0,0,0,1,0,0,0,0
zc,TA211,2012-06-21 09:15:25.207,7150.0000,450,0,0.0000,0.0000,0,0,多换,B,7108.0000,0.0000,0.0000,0.0000,0.0000,7148.0000,0.0000,0.0000,0.0000,0.0000,1,0,0,0,0,1,0,0,0,0
zc,TA211,2012-06-21 09:15:39.487,7150.0000,450,0,0.0000,0.0000,0,0,多换,B,7108.0000,0.0000,0.0000,0.0000,0.0000,7148.0000,0.0000,0.0000,0.0000,0.0000,2,0,0,0,0,1,0,0,0,0
zc,TA211,2012-06-21 09:15:48.237,7150.0000,450,0,0.0000,0.0000,0,0,多换,B,7110.0000,0.0000,0.0000,0.0000,0.0000,7148.0000,0.0000,0.0000,0.0000,0.0000,1,0,0,0,0,1,0,0,0,0
zc,TA211,2012-06-21 09:15:49.237,7150.0000,450,0,0.0000,0.0000,0,0,多换,B,7108.0000,0.0000,0.0000,0.0000,0.0000,7148.0000,0.0000,0.0000,0.0000,0.0000,2,0,0,0,0,1,0,0,0,0
zc,TA211,2012-06-21 09:15:53.207,7150.0000,450,0,0.0000,0.0000,0,0,多换,B,7110.0000,0.0000,0.0000,0.0000,0.0000,7148.0000,0.0000,0.0000,0.0000,0.0000,1,0,0,0,0,1,0,0,0,0
zc,TA211,2012-06-21 09:15:54.503,7150.0000,450,0,0.0000,0.0000,0,0,多换,B,7108.0000,0.0000,0.0000,0.0000,0.0000,7148.0000,0.0000,0.0000,0.0000,0.0000,2,0,0,0,0,1,0,0,0,0
zc,TA211,2012-06-21 09:15:54.987,7150.0000,450,0,0.0000,0.0000,0,0,多换,B,7110.0000,0.0000,0.0000,0.0000,0.0000,7148.0000,0.0000,0.0000,0.0000,0.0000,1,0,0,0,0,1,0,0,0,0
zc,TA211,2012-06-21 09:15:58.457,7150.0000,450,0,0.0000,0.0000,0,0,多换,B,7108.0000,0.0000,0.0000,0.0000,0.0000,7148.0000,0.0000,0.0000,0.0000,0.0000,4,0,0,0,0,1,0,0,0,0
zc,TA211,2012-06-21 09:15:58.973,7150.0000,450,0,0.0000,0.0000,0,0,多换,B,7110.0000,0.0000,0.0000,0.0000,0.0000,7148.0000,0.0000,0.0000,0.0000,0.0000,1,0,0,0,0,1,0,0,0,0
zc,TA211,2012-06-21 09:16:01.223,7150.0000,450,0,0.0000,0.0000,0,0,多换,B,7108.0000,0.0000,0.0000,0.0000,0.0000,7148.0000,0.0000,0.0000,0.0000,0.0000,4,0,0,0,0,1,0,0,0,0
zc,TA211,2012-06-21 09:16:02.973,7150.0000,450,0,0.0000,0.0000,0,0,多换,B,7110.0000,0.0000,0.0000,0.0000,0.0000,7148.0000,0.0000,0.0000,0.0000,0.0000,1,0,0,0,0,1,0,0,0,0
zc,TA211,2012-06-21 09:16:10.033,7150.0000,450,0,0.0000,0.0000,0,0,多换,B,7110.0000,0.0000,0.0000,0.0000,0.0000,7150.0000,0.0000,0.0000,0.0000,0.0000,1,0,0,0,0,1,0,0,0,0
zc,TA211,2012-06-21 09:16:10.770,7150.0000,450,0,0.0000,0.0000,0,0,多换,B,7110.0000,0.0000,0.0000,0.0000,0.0000,7150.0000,0.0000,0.0000,0.0000,0.0000,2,0,0,0,0,1,0,0,0,0
zc,TA211,2012-06-21 09:16:11.003,7150.0000,450,0,0.0000,0.0000,0,0,多换,B,7110.0000,0.0000,0.0000,0.0000,0.0000,7150.0000,0.0000,0.0000,0.0000,0.0000,1,0,0,0,0,1,0,0,0,0
zc,TA211,2012-06-21 09:16:11.723,7150.0000,450,0,0.0000,0.0000,0,0,多换,B,7112.0000,0.0000,0.0000,0.0000,0.0000,7150.0000,0.0000,0.0000,0.0000,0.0000,1,0,0,0,0,1,0,0,0,0
zc,TA211,2012-06-21 09:16:12.270,7150.0000,450,0,0.0000,0.0000,0,0,多换,B,7112.0000,0.0000,0.0000,0.0000,0.0000,7148.0000,0.0000,0.0000,0.0000,0.0000,1,0,0,0,0,1,0,0,0,0
zc,TA211,2012-06-21 09:16:13.520,7150.0000,450,0,0.0000,0.0000,0,0,多换,B,7112.0000,0.0000,0.0000,0.0000,0.0000,7150.0000,0.0000,0.0000,0.0000,0.0000,1,0,0,0,0,1,0,0,0,0
zc,TA211,2012-06-21 09:16:14.783,7150.0000,450,0,0.0000,0.0000,0,0,多换,B,7112.0000,0.0000,0.0000,0.0000,0.0000,7148.0000,0.0000,0.0000,0.0000,0.0000,1,0,0,0,0,1,0,0,0,0
zc,TA211,2012-06-21 09:16:17.033,7150.0000,450,0,0.0000,0.0000,0,0,多换,B,7108.0000,0.0000,0.0000,0.0000,0.0000,7144.0000,0.0000,0.0000,0.0000,0.0000,1,0,0,0,0,1,0,0,0,0
zc,TA211,2012-06-21 09:16:18.223,7150.0000,450,0,0.0000,0.0000,0,0,多换,B,7108.0000,0.0000,0.0000,0.0000,0.0000,7146.0000,0.0000,0.0000,0.0000,0.0000,1,0,0,0,0,1,0,0,0,0
zc,TA211,2012-06-21 09:16:18.707,7150.0000,450,0,0.0000,0.0000,0,0,多换,B,7108.0000,0.0000,0.0000,0.0000,0.0000,7144.0000,0.0000,0.0000,0.0000,0.0000,1,0,0,0,0,1,0,0,0,0
zc,TA211,2012-06-21 09:16:30.223,7150.0000,450,0,0.0000,0.0000,0,0,多换,B,7108.0000,0.0000,0.0000,0.0000,0.0000,7146.0000,0.0000,0.0000,0.0000,0.0000,1,0,0,0,0,1,0,0,0,0
zc,TA211,2012-06-21 09:16:31.207,7150.0000,450,0,0.0000,0.0000,0,0,多换,B,7110.0000,0.0000,0.0000,0.0000,0.0000,7146.0000,0.0000,0.0000,0.0000,0.0000,1,0,0,0,0,1,0,0,0,0
zc,TA211,2012-06-21 09:16:31.957,7150.0000,450,0,0.0000,0.0000,0,0,多换,B,7108.0000,0.0000,0.0000,0.0000,0.0000,7146.0000,0.0000,0.0000,0.0000,0.0000,1,0,0,0,0,1,0,0,0,0
zc,TA211,2012-06-21 09:16:32.457,7150.0000,450,0,0.0000,0.0000,0,0,多换,B,7110.0000,0.0000,0.0000,0.0000,0.0000,7146.0000,0.0000,0.0000,0.0000,0.0000,1,0,0,0,0,1,0,0,0,0
zc,TA211,2012-06-21 09:16:33.487,7150.0000,450,0,0.0000,0.0000,0,0,多换,B,7110.0000,0.0000,0.0000,0.0000,0.0000,7148.0000,0.0000,0.0000,0.0000,0.0000,1,0,0,0,0,1,0,0,0,0
zc,TA211,2012-06-21 09:16:36.457,7150.0000,450,0,0.0000,0.0000,0,0,多换,B,7108.0000,0.0000,0.0000,0.0000,0.0000,7148.0000,0.0000,0.0000,0.0000,0.0000,2,0,0,0,0,1,0,0,0,0
zc,TA211,2012-06-21 09:16:39.223,7150.0000,450,0,0.0000,0.0000,0,0,多换,B,7108.0000,0.0000,0.0000,0.0000,0.0000,7146.0000,0.0000,0.0000,0.0000,0.0000,1,0,0,0,0,1,0,0,0,0
zc,TA211,2012-06-21 09:16:39.737,7150.0000,450,0,0.0000,0.0000,0,0,多换,B,7108.0000,0.0000,0.0000,0.0000,0.0000,7150.0000,0.0000,0.0000,0.0000,0.0000,1,0,0,0,0,1,0,0,0,0
zc,TA211,2012-06-21 09:16:40.473,7150.0000,450,0,0.0000,0.0000,0,0,多换,B,7108.0000,0.0000,0.0000,0.0000,0.0000,7148.0000,0.0000,0.0000,0.0000,0.0000,2,0,0,0,0,1,0,0,0,0
zc,TA211,2012-06-21 09:16:41.473,7150.0000,450,0,0.0000,0.0000,0,0,多换,B,7108.0000,0.0000,0.0000,0.0000,0.0000,7150.0000,0.0000,0.0000,0.0000,0.0000,2,0,0,0,0,1,0,0,0,0
zc,TA211,2012-06-21 09:16:42.223,7150.0000,450,0,0.0000,0.0000,0,0,多换,B,7110.0000,0.0000,0.0000,0.0000,0.0000,7150.0000,0.0000,0.0000,0.0000,0.0000,1,0,0,0,0,1,0,0,0,0
zc,TA211,2012-06-21 09:16:43.253,7150.0000,450,0,0.0000,0.0000,0,0,多换,B,7108.0000,0.0000,0.0000,0.0000,0.0000,7148.0000,0.0000,0.0000,0.0000,0.0000,2,0,0,0,0,1,0,0,0,0
zc,TA211,2012-06-21 09:16:43.753,7150.0000,450,0,0.0000,0.0000,0,0,多换,B,7110.0000,0.0000,0.0000,0.0000,0.0000,7148.0000,0.0000,0.0000,0.0000,0.0000,1,0,0,0,0,1,0,0,0,0
zc,TA211,2012-06-21 09:16:44.487,7150.0000,450,0,0.0000,0.0000,0,0,多换,B,7110.0000,0.0000,0.0000,0.0000,0.0000,7146.0000,0.0000,0.0000,0.0000,0.0000,1,0,0,0,0,1,0,0,0,0
zc,TA211,2012-06-21 09:16:46.207,7150.0000,450,0,0.0000,0.0000,0,0,多换,B,7110.0000,0.0000,0.0000,0.0000,0.0000,7144.0000,0.0000,0.0000,0.0000,0.0000,1,0,0,0,0,3,0,0,0,0
zc,TA211,2012-06-21 09:16:46.503,7150.0000,450,0,0.0000,0.0000,0,0,多换,B,7108.0000,0.0000,0.0000,0.0000,0.0000,7144.0000,0.0000,0.0000,0.0000,0.0000,1,0,0,0,0,3,0,0,0,0
zc,TA211,2012-06-21 09:16:47.223,7150.0000,450,0,0.0000,0.0000,0,0,多换,B,7110.0000,0.0000,0.0000,0.0000,0.0000,7144.0000,0.0000,0.0000,0.0000,0.0000,1,0,0,0,0,3,0,0,0,0
zc,TA211,2012-06-21 09:16:47.737,7150.0000,450,0,0.0000,0.0000,0,0,多换,B,7108.0000,0.0000,0.0000,0.0000,0.0000,7144.0000,0.0000,0.0000,0.0000,0.0000,1,0,0,0,0,3,0,0,0,0
zc,TA211,2012-06-21 09:16:49.457,7150.0000,450,0,0.0000,0.0000,0,0,多换,B,7108.0000,0.0000,0.0000,0.0000,0.0000,7144.0000,0.0000,0.0000,0.0000,0.0000,2,0,0,0,0,3,0,0,0,0
zc,TA211,2012-06-21 09:16:49.973,7150.0000,450,0,0.0000,0.0000,0,0,多换,B,7110.0000,0.0000,0.0000,0.0000,0.0000,7144.0000,0.0000,0.0000,0.0000,0.0000,1,0,0,0,0,3,0,0,0,0
zc,TA211,2012-06-21 09:16:50.770,7150.0000,450,0,0.0000,0.0000,0,0,多换,B,7110.0000,0.0000,0.0000,0.0000,0.0000,7144.0000,0.0000,0.0000,0.0000,0.0000,2,0,0,0,0,3,0,0,0,0
zc,TA211,2012-06-21 09:16:52.440,7150.0000,450,0,0.0000,0.0000,0,0,多换,B,7112.0000,0.0000,0.0000,0.0000,0.0000,7144.0000,0.0000,0.0000,0.0000,0.0000,1,0,0,0,0,3,0,0,0,0
zc,TA211,2012-06-21 09:16:54.190,7150.0000,450,0,0.0000,0.0000,0,0,多换,B,7112.0000,0.0000,0.0000,0.0000,0.0000,7150.0000,0.0000,0.0000,0.0000,0.0000,1,0,0,0,0,1,0,0,0,0
zc,TA211,2012-06-21 09:16:59.487,7150.0000,450,0,0.0000,0.0000,0,0,多换,B,7114.0000,0.0000,0.0000,0.0000,0.0000,7150.0000,0.0000,0.0000,0.0000,0.0000,1,0,0,0,0,1,0,0,0,0
zc,TA211,2012-06-21 09:17:01.487,7150.0000,450,0,0.0000,0.0000,0,0,多换,B,7110.0000,0.0000,0.0000,0.0000,0.0000,7150.0000,0.0000,0.0000,0.0000,0.0000,2,0,0,0,0,1,0,0,0,0
zc,TA211,2012-06-21 09:17:09.473,7150.0000,450,0,0.0000,0.0000,0,0,多换,B,7112.0000,0.0000,0.0000,0.0000,0.0000,7150.0000,0.0000,0.0000,0.0000,0.0000,1,0,0,0,0,1,0,0,0,0
zc,TA211,2012-06-21 09:17:12.473,7150.0000,450,0,0.0000,0.0000,0,0,多换,B,7112.0000,0.0000,0.0000,0.0000,0.0000,7152.0000,0.0000,0.0000,0.0000,0.0000,2,0,0,0,0,1,0,0,0,0
zc,TA211,2012-06-21 09:17:18.987,7150.0000,450,0,0.0000,0.0000,0,0,多换,B,7112.0000,0.0000,0.0000,0.0000,0.0000,7150.0000,0.0000,0.0000,0.0000,0.0000,1,0,0,0,0,1,0,0,0,0
zc,TA211,2012-06-21 09:17:22.957,7150.0000,450,0,0.0000,0.0000,0,0,多换,B,7114.0000,0.0000,0.0000,0.0000,0.0000,7150.0000,0.0000,0.0000,0.0000,0.0000,1,0,0,0,0,1,0,0,0,0
zc,TA211,2012-06-21 09:17:26.487,7150.0000,450,0,0.0000,0.0000,0,0,多换,B,7112.0000,0.0000,0.0000,0.0000,0.0000,7150.0000,0.0000,0.0000,0.0000,0.0000,1,0,0,0,0,1,0,0,0,0
zc,TA211,2012-06-21 09:17:31.707,7150.0000,450,0,0.0000,0.0000,0,0,多换,B,7114.0000,0.0000,0.0000,0.0000,0.0000,7150.0000,0.0000,0.0000,0.0000,0.0000,1,0,0,0,0,1,0,0,0,0
zc,TA211,2012-06-21 09:17:34.737,7150.0000,450,0,0.0000,0.0000,0,0,多换,B,7110.0000,0.0000,0.0000,0.0000,0.0000,7148.0000,0.0000,0.0000,0.0000,0.0000,1,0,0,0,0,1,0,0,0,0
zc,TA211,2012-06-21 09:17:37.487,7150.0000,450,0,0.0000,0.0000,0,0,多换,B,7112.0000,0.0000,0.0000,0.0000,0.0000,7148.0000,0.0000,0.0000,0.0000,0.0000,1,0,0,0,0,1,0,0,0,0
zc,TA211,2012-06-21 09:17:50.253,7150.0000,450,0,0.0000,0.0000,0,0,多换,B,7112.0000,0.0000,0.0000,0.0000,0.0000,7146.0000,0.0000,0.0000,0.0000,0.0000,1,0,0,0,0,1,0,0,0,0
zc,TA211,2012-06-21 09:17:52.473,7150.0000,450,0,0.0000,0.0000,0,0,多换,B,7112.0000,0.0000,0.0000,0.0000,0.0000,7148.0000,0.0000,0.0000,0.0000,0.0000,1,0,0,0,0,1,0,0,0,0
zc,TA211,2012-06-21 09:17:54.223,7150.0000,450,0,0.0000,0.0000,0,0,多换,B,7112.0000,0.0000,0.0000,0.0000,0.0000,7146.0000,0.0000,0.0000,0.0000,0.0000,1,0,0,0,0,1,0,0,0,0
zc,TA211,2012-06-21 09:17:56.723,7150.0000,450,0,0.0000,0.0000,0,0,多换,B,7112.0000,0.0000,0.0000,0.0000,0.0000,7148.0000,0.0000,0.0000,0.0000,0.0000,1,0,0,0,0,1,0,0,0,0
zc,TA211,2012-06-21 09:18:00.723,7150.0000,450,0,0.0000,0.0000,0,0,多换,B,7114.0000,0.0000,0.0000,0.0000,0.0000,7148.0000,0.0000,0.0000,0.0000,0.0000,1,0,0,0,0,1,0,0,0,0
zc,TA211,2012-06-21 09:18:02.503,7150.0000,450,0,0.0000,0.0000,0,0,多换,B,7112.0000,0.0000,0.0000,0.0000,0.0000,7148.0000,0.0000,0.0000,0.0000,0.0000,1,0,0,0,0,1,0,0,0,0
zc,TA211,2012-06-21 09:18:03.707,7150.0000,450,0,0.0000,0.0000,0,0,多换,B,7114.0000,0.0000,0.0000,0.0000,0.0000,7148.0000,0.0000,0.0000,0.0000,0.0000,1,0,0,0,0,1,0,0,0,0
zc,TA211,2012-06-21 09:18:08.987,7150.0000,450,0,0.0000,0.0000,0,0,多换,B,7114.0000,0.0000,0.0000,0.0000,0.0000,7150.0000,0.0000,0.0000,0.0000,0.0000,1,0,0,0,0,1,0,0,0,0
zc,TA211,2012-06-21 09:18:09.723,7150.0000,450,0,0.0000,0.0000,0,0,多换,B,7116.0000,0.0000,0.0000,0.0000,0.0000,7150.0000,0.0000,0.0000,0.0000,0.0000,1,0,0,0,0,1,0,0,0,0
zc,TA211,2012-06-21 09:18:16.003,7150.0000,450,0,0.0000,0.0000,0,0,多换,B,7114.0000,0.0000,0.0000,0.0000,0.0000,7150.0000,0.0000,0.0000,0.0000,0.0000,1,0,0,0,0,1,0,0,0,0
zc,TA211,2012-06-21 09:18:22.223,7150.0000,450,0,0.0000,0.0000,0,0,多换,B,7116.0000,0.0000,0.0000,0.0000,0.0000,7150.0000,0.0000,0.0000,0.0000,0.0000,1,0,0,0,0,1,0,0,0,0
zc,TA211,2012-06-21 09:18:34.487,7150.0000,450,0,0.0000,0.0000,0,0,多换,B,7116.0000,0.0000,0.0000,0.0000,0.0000,7152.0000,0.0000,0.0000,0.0000,0.0000,1,0,0,0,0,1,0,0,0,0
zc,TA211,2012-06-21 09:18:37.973,7150.0000,450,0,0.0000,0.0000,0,0,多换,B,7118.0000,0.0000,0.0000,0.0000,0.0000,7152.0000,0.0000,0.0000,0.0000,0.0000,1,0,0,0,0,1,0,0,0,0
zc,TA211,2012-06-21 09:18:50.457,7150.0000,450,0,0.0000,0.0000,0,0,多换,B,7120.0000,0.0000,0.0000,0.0000,0.0000,7152.0000,0.0000,0.0000,0.0000,0.0000,1,0,0,0,0,1,0,0,0,0
zc,TA211,2012-06-21 09:18:59.707,7150.0000,450,0,0.0000,0.0000,0,0,多换,B,7118.0000,0.0000,0.0000,0.0000,0.0000,7152.0000,0.0000,0.0000,0.0000,0.0000,1,0,0,0,0,1,0,0,0,0
zc,TA211,2012-06-21 09:19:01.520,7150.0000,450,0,0.0000,0.0000,0,0,多换,B,7118.0000,0.0000,0.0000,0.0000,0.0000,7150.0000,0.0000,0.0000,0.0000,0.0000,1,0,0,0,0,1,0,0,0,0
zc,TA211,2012-06-21 09:19:02.973,7150.0000,450,0,0.0000,0.0000,0,0,多换,B,7118.0000,0.0000,0.0000,0.0000,0.0000,7154.0000,0.0000,0.0000,0.0000,0.0000,1,0,0,0,0,1,0,0,0,0
zc,TA211,2012-06-21 09:19:04.190,7150.0000,450,0,0.0000,0.0000,0,0,多换,B,7118.0000,0.0000,0.0000,0.0000,0.0000,7152.0000,0.0000,0.0000,0.0000,0.0000,1,0,0,0,0,1,0,0,0,0
zc,TA211,2012-06-21 09:19:04.723,7150.0000,450,0,0.0000,0.0000,0,0,多换,B,7118.0000,0.0000,0.0000,0.0000,0.0000,7150.0000,0.0000,0.0000,0.0000,0.0000,1,0,0,0,0,1,0,0,0,0
zc,TA211,2012-06-21 09:19:05.927,7150.0000,450,0,0.0000,0.0000,0,0,多换,B,7116.0000,0.0000,0.0000,0.0000,0.0000,7150.0000,0.0000,0.0000,0.0000,0.0000,1,0,0,0,0,1,0,0,0,0
zc,TA211,2012-06-21 09:19:07.770,7150.0000,450,0,0.0000,0.0000,0,0,多换,B,7116.0000,0.0000,0.0000,0.0000,0.0000,7152.0000,0.0000,0.0000,0.0000,0.0000,1,0,0,0,0,1,0,0,0,0
zc,TA211,2012-06-21 09:19:09.223,7150.0000,450,0,0.0000,0.0000,0,0,多换,B,7116.0000,0.0000,0.0000,0.0000,0.0000,7150.0000,0.0000,0.0000,0.0000,0.0000,1,0,0,0,0,1,0,0,0,0
zc,TA211,2012-06-21 09:19:11.973,7150.0000,450,0,0.0000,0.0000,0,0,多换,B,7116.0000,0.0000,0.0000,0.0000,0.0000,7148.0000,0.0000,0.0000,0.0000,0.0000,1,0,0,0,0,1,0,0,0,0
zc,TA211,2012-06-21 09:19:13.223,7150.0000,450,0,0.0000,0.0000,0,0,多换,B,7116.0000,0.0000,0.0000,0.0000,0.0000,7148.0000,0.0000,0.0000,0.0000,0.0000,3,0,0,0,0,1,0,0,0,0
zc,TA211,2012-06-21 09:19:19.973,7150.0000,450,0,0.0000,0.0000,0,0,多换,B,7116.0000,0.0000,0.0000,0.0000,0.0000,7148.0000,0.0000,0.0000,0.0000,0.0000,2,0,0,0,0,1,0,0,0,0
zc,TA211,2012-06-21 09:19:24.473,7150.0000,450,0,0.0000,0.0000,0,0,多换,B,7116.0000,0.0000,0.0000,0.0000,0.0000,7148.0000,0.0000,0.0000,0.0000,0.0000,3,0,0,0,0,1,0,0,0,0
zc,TA211,2012-06-21 09:19:29.723,7150.0000,450,0,0.0000,0.0000,0,0,多换,B,7116.0000,0.0000,0.0000,0.0000,0.0000,7150.0000,0.0000,0.0000,0.0000,0.0000,3,0,0,0,0,1,0,0,0,0
zc,TA211,2012-06-21 09:19:31.457,7150.0000,450,0,0.0000,0.0000,0,0,多换,B,7116.0000,0.0000,0.0000,0.0000,0.0000,7148.0000,0.0000,0.0000,0.0000,0.0000,3,0,0,0,0,1,0,0,0,0
zc,TA211,2012-06-21 09:19:33.737,7150.0000,450,0,0.0000,0.0000,0,0,多换,B,7116.0000,0.0000,0.0000,0.0000,0.0000,7150.0000,0.0000,0.0000,0.0000,0.0000,3,0,0,0,0,1,0,0,0,0
zc,TA211,2012-06-21 09:19:34.457,7150.0000,450,0,0.0000,0.0000,0,0,多换,B,7116.0000,0.0000,0.0000,0.0000,0.0000,7150.0000,0.0000,0.0000,0.0000,0.0000,2,0,0,0,0,1,0,0,0,0
zc,TA211,2012-06-21 09:19:40.487,7150.0000,450,0,0.0000,0.0000,0,0,多换,B,7116.0000,0.0000,0.0000,0.0000,0.0000,7150.0000,0.0000,0.0000,0.0000,0.0000,3,0,0,0,0,1,0,0,0,0
zc,TA211,2012-06-21 09:19:41.487,7150.0000,450,0,0.0000,0.0000,0,0,多换,B,7116.0000,0.0000,0.0000,0.0000,0.0000,7150.0000,0.0000,0.0000,0.0000,0.0000,2,0,0,0,0,1,0,0,0,0
zc,TA211,2012-06-21 09:19:43.237,7150.0000,450,0,0.0000,0.0000,0,0,多换,B,7116.0000,0.0000,0.0000,0.0000,0.0000,7148.0000,0.0000,0.0000,0.0000,0.0000,2,0,0,0,0,1,0,0,0,0
zc,TA211,2012-06-21 09:19:43.707,7150.0000,450,0,0.0000,0.0000,0,0,多换,B,7116.0000,0.0000,0.0000,0.0000,0.0000,7150.0000,0.0000,0.0000,0.0000,0.0000,2,0,0,0,0,1,0,0,0,0
zc,TA211,2012-06-21 09:19:46.487,7150.0000,450,0,0.0000,0.0000,0,0,多换,B,7116.0000,0.0000,0.0000,0.0000,0.0000,7152.0000,0.0000,0.0000,0.0000,0.0000,2,0,0,0,0,1,0,0,0,0
zc,TA211,2012-06-21 09:19:50.207,7150.0000,450,0,0.0000,0.0000,0,0,多换,B,7116.0000,0.0000,0.0000,0.0000,0.0000,7152.0000,0.0000,0.0000,0.0000,0.0000,3,0,0,0,0,1,0,0,0,0
zc,TA211,2012-06-21 09:19:51.770,7150.0000,450,0,0.0000,0.0000,0,0,多换,B,7116.0000,0.0000,0.0000,0.0000,0.0000,7150.0000,0.0000,0.0000,0.0000,0.0000,3,0,0,0,0,1,0,0,0,0
zc,TA211,2012-06-21 09:19:53.753,7150.0000,450,0,0.0000,0.0000,0,0,多换,B,7116.0000,0.0000,0.0000,0.0000,0.0000,7150.0000,0.0000,0.0000,0.0000,0.0000,2,0,0,0,0,1,0,0,0,0
zc,TA211,2012-06-21 09:19:55.737,7150.0000,450,0,0.0000,0.0000,0,0,多换,B,7116.0000,0.0000,0.0000,0.0000,0.0000,7148.0000,0.0000,0.0000,0.0000,0.0000,2,0,0,0,0,1,0,0,0,0
zc,TA211,2012-06-21 09:19:59.707,7150.0000,450,0,0.0000,0.0000,0,0,多换,B,7116.0000,0.0000,0.0000,0.0000,0.0000,7150.0000,0.0000,0.0000,0.0000,0.0000,2,0,0,0,0,1,0,0,0,0
zc,TA211,2012-06-21 09:20:02.237,7150.0000,450,0,0.0000,0.0000,0,0,多换,B,7116.0000,0.0000,0.0000,0.0000,0.0000,7148.0000,0.0000,0.0000,0.0000,0.0000,2,0,0,0,0,1,0,0,0,0
zc,TA211,2012-06-21 09:20:05.253,7150.0000,450,0,0.0000,0.0000,0,0,多换,B,7116.0000,0.0000,0.0000,0.0000,0.0000,7150.0000,0.0000,0.0000,0.0000,0.0000,2,0,0,0,0,1,0,0,0,0
zc,TA211,2012-06-21 09:20:10.987,7150.0000,450,0,0.0000,0.0000,0,0,多换,B,7116.0000,0.0000,0.0000,0.0000,0.0000,7150.0000,0.0000,0.0000,0.0000,0.0000,3,0,0,0,0,1,0,0,0,0
zc,TA211,2012-06-21 09:20:32.020,7150.0000,450,0,0.0000,0.0000,0,0,多换,B,7118.0000,0.0000,0.0000,0.0000,0.0000,7150.0000,0.0000,0.0000,0.0000,0.0000,1,0,0,0,0,1,0,0,0,0
zc,TA211,2012-06-21 09:20:36.003,7150.0000,450,0,0.0000,0.0000,0,0,多换,B,7116.0000,0.0000,0.0000,0.0000,0.0000,7150.0000,0.0000,0.0000,0.0000,0.0000,1,0,0,0,0,1,0,0,0,0
zc,TA211,2012-06-21 09:20:40.690,7150.0000,450,0,0.0000,0.0000,0,0,多换,B,7118.0000,0.0000,0.0000,0.0000,0.0000,7150.0000,0.0000,0.0000,0.0000,0.0000,1,0,0,0,0,1,0,0,0,0
zc,TA211,2012-06-21 09:20:42.473,7150.0000,450,0,0.0000,0.0000,0,0,多换,B,7116.0000,0.0000,0.0000,0.0000,0.0000,7150.0000,0.0000,0.0000,0.0000,0.0000,1,0,0,0,0,1,0,0,0,0
zc,TA211,2012-06-21 09:20:43.987,7150.0000,450,0,0.0000,0.0000,0,0,多换,B,7116.0000,0.0000,0.0000,0.0000,0.0000,7152.0000,0.0000,0.0000,0.0000,0.0000,1,0,0,0,0,1,0,0,0,0
zc,TA211,2012-06-21 09:20:44.690,7150.0000,450,0,0.0000,0.0000,0,0,多换,B,7118.0000,0.0000,0.0000,0.0000,0.0000,7152.0000,0.0000,0.0000,0.0000,0.0000,1,0,0,0,0,1,0,0,0,0
zc,TA211,2012-06-21 09:20:50.940,7150.0000,450,0,0.0000,0.0000,0,0,多换,B,7118.0000,0.0000,0.0000,0.0000,0.0000,7150.0000,0.0000,0.0000,0.0000,0.0000,1,0,0,0,0,3,0,0,0,0
zc,TA211,2012-06-21 09:20:59.690,7150.0000,450,0,0.0000,0.0000,0,0,多换,B,7118.0000,0.0000,0.0000,0.0000,0.0000,7152.0000,0.0000,0.0000,0.0000,0.0000,1,0,0,0,0,1,0,0,0,0
zc,TA211,2012-06-21 09:21:01.957,7150.0000,450,0,0.0000,0.0000,0,0,多换,B,7120.0000,0.0000,0.0000,0.0000,0.0000,7152.0000,0.0000,0.0000,0.0000,0.0000,1,0,0,0,0,1,0,0,0,0
zc,TA211,2012-06-21 09:21:06.737,7150.0000,450,0,0.0000,0.0000,0,0,多换,B,7120.0000,0.0000,0.0000,0.0000,0.0000,7154.0000,0.0000,0.0000,0.0000,0.0000,1,0,0,0,0,1,0,0,0,0
zc,TA211,2012-06-21 09:21:11.223,7150.0000,450,0,0.0000,0.0000,0,0,多换,B,7120.0000,0.0000,0.0000,0.0000,0.0000,7152.0000,0.0000,0.0000,0.0000,0.0000,1,0,0,0,0,1,0,0,0,0
zc,TA211,2012-06-21 09:21:13.457,7150.0000,450,0,0.0000,0.0000,0,0,多换,B,7120.0000,0.0000,0.0000,0.0000,0.0000,7150.0000,0.0000,0.0000,0.0000,0.0000,1,0,0,0,0,1,0,0,0,0
zc,TA211,2012-06-21 09:21:14.207,7150.0000,450,0,0.0000,0.0000,0,0,多换,B,7120.0000,0.0000,0.0000,0.0000,0.0000,7154.0000,0.0000,0.0000,0.0000,0.0000,1,0,0,0,0,1,0,0,0,0
zc,TA211,2012-06-21 09:21:14.707,7150.0000,450,0,0.0000,0.0000,0,0,多换,B,7120.0000,0.0000,0.0000,0.0000,0.0000,7152.0000,0.0000,0.0000,0.0000,0.0000,1,0,0,0,0,1,0,0,0,0
zc,TA211,2012-06-21 09:21:18.707,7150.0000,450,0,0.0000,0.0000,0,0,多换,B,7120.0000,0.0000,0.0000,0.0000,0.0000,7152.0000,0.0000,0.0000,0.0000,0.0000,2,0,0,0,0,1,0,0,0,0
zc,TA211,2012-06-21 09:21:27.973,7150.0000,450,0,0.0000,0.0000,0,0,多换,B,7122.0000,0.0000,0.0000,0.0000,0.0000,7154.0000,0.0000,0.0000,0.0000,0.0000,1,0,0,0,0,1,0,0,0,0
zc,TA211,2012-06-21 09:21:30.253,7150.0000,450,0,0.0000,0.0000,0,0,多换,B,7120.0000,0.0000,0.0000,0.0000,0.0000,7152.0000,0.0000,0.0000,0.0000,0.0000,2,0,0,0,0,4,0,0,0,0
zc,TA211,2012-06-21 09:21:37.973,7150.0000,450,0,0.0000,0.0000,0,0,多换,B,7120.0000,0.0000,0.0000,0.0000,0.0000,7152.0000,0.0000,0.0000,0.0000,0.0000,2,0,0,0,0,1,0,0,0,0
zc,TA211,2012-06-21 09:21:45.707,7150.0000,450,0,0.0000,0.0000,0,0,多换,B,7120.0000,0.0000,0.0000,0.0000,0.0000,7152.0000,0.0000,0.0000,0.0000,0.0000,1,0,0,0,0,1,0,0,0,0
zc,TA211,2012-06-21 09:22:05.987,7150.0000,450,0,0.0000,0.0000,0,0,多换,B,7118.0000,0.0000,0.0000,0.0000,0.0000,7150.0000,0.0000,0.0000,0.0000,0.0000,2,0,0,0,0,1,0,0,0,0
zc,TA211,2012-06-21 09:22:13.737,7150.0000,450,0,0.0000,0.0000,0,0,多换,B,7120.0000,0.0000,0.0000,0.0000,0.0000,7152.0000,0.0000,0.0000,0.0000,0.0000,1,0,0,0,0,1,0,0,0,0
zc,TA211,2012-06-21 09:22:16.223,7150.0000,450,0,0.0000,0.0000,0,0,多换,B,7118.0000,0.0000,0.0000,0.0000,0.0000,7152.0000,0.0000,0.0000,0.0000,0.0000,2,0,0,0,0,1,0,0,0,0
zc,TA211,2012-06-21 09:22:17.223,7150.0000,450,0,0.0000,0.0000,0,0,多换,B,7118.0000,0.0000,0.0000,0.0000,0.0000,7150.0000,0.0000,0.0000,0.0000,0.0000,2,0,0,0,0,1,0,0,0,0
zc,TA211,2012-06-21 09:22:28.487,7150.0000,450,0,0.0000,0.0000,0,0,多换,B,7118.0000,0.0000,0.0000,0.0000,0.0000,7150.0000,0.0000,0.0000,0.0000,0.0000,1,0,0,0,0,1,0,0,0,0
zc,TA211,2012-06-21 09:22:29.690,7150.0000,450,0,0.0000,0.0000,0,0,多换,B,7118.0000,0.0000,0.0000,0.0000,0.0000,7150.0000,0.0000,0.0000,0.0000,0.0000,2,0,0,0,0,1,0,0,0,0
zc,TA211,2012-06-21 09:22:31.723,7150.0000,450,0,0.0000,0.0000,0,0,多换,B,7118.0000,0.0000,0.0000,0.0000,0.0000,7150.0000,0.0000,0.0000,0.0000,0.0000,1,0,0,0,0,1,0,0,0,0
zc,TA211,2012-06-21 09:22:32.473,7150.0000,450,0,0.0000,0.0000,0,0,多换,B,7118.0000,0.0000,0.0000,0.0000,0.0000,7150.0000,0.0000,0.0000,0.0000,0.0000,2,0,0,0,0,1,0,0,0,0
zc,TA211,2012-06-21 09:22:32.957,7150.0000,450,0,0.0000,0.0000,0,0,多换,B,7118.0000,0.0000,0.0000,0.0000,0.0000,7150.0000,0.0000,0.0000,0.0000,0.0000,1,0,0,0,0,1,0,0,0,0
zc,TA211,2012-06-21 09:22:45.050,7150.0000,450,0,0.0000,0.0000,0,0,多换,B,7116.0000,0.0000,0.0000,0.0000,0.0000,7150.0000,0.0000,0.0000,0.0000,0.0000,2,0,0,0,0,1,0,0,0,0
zc,TA211,2012-06-21 09:22:45.487,7150.0000,450,0,0.0000,0.0000,0,0,多换,B,7120.0000,0.0000,0.0000,0.0000,0.0000,7148.0000,0.0000,0.0000,0.0000,0.0000,2,0,0,0,0,1,0,0,0,0
zc,TA211,2012-06-21 09:22:46.503,7150.0000,450,0,0.0000,0.0000,0,0,多换,B,7120.0000,0.0000,0.0000,0.0000,0.0000,7150.0000,0.0000,0.0000,0.0000,0.0000,2,0,0,0,0,1,0,0,0,0
zc,TA211,2012-06-21 09:22:53.223,7150.0000,450,0,0.0000,0.0000,0,0,多换,B,7120.0000,0.0000,0.0000,0.0000,0.0000,7152.0000,0.0000,0.0000,0.0000,0.0000,3,0,0,0,0,1,0,0,0,0
zc,TA211,2012-06-21 09:22:55.207,7150.0000,450,0,0.0000,0.0000,0,0,多换,B,7120.0000,0.0000,0.0000,0.0000,0.0000,7152.0000,0.0000,0.0000,0.0000,0.0000,1,0,0,0,0,1,0,0,0,0
zc,TA211,2012-06-21 09:23:04.223,7150.0000,450,0,0.0000,0.0000,0,0,多换,B,7122.0000,0.0000,0.0000,0.0000,0.0000,7154.0000,0.0000,0.0000,0.0000,0.0000,1,0,0,0,0,1,0,0,0,0
zc,TA211,2012-06-21 09:23:24.987,7150.0000,450,0,0.0000,0.0000,0,0,多换,B,7124.0000,0.0000,0.0000,0.0000,0.0000,7156.0000,0.0000,0.0000,0.0000,0.0000,1,0,0,0,0,1,0,0,0,0
zc,TA211,2012-06-21 09:23:33.457,7150.0000,450,0,0.0000,0.0000,0,0,多换,B,7124.0000,0.0000,0.0000,0.0000,0.0000,7158.0000,0.0000,0.0000,0.0000,0.0000,1,0,0,0,0,1,0,0,0,0
zc,TA211,2012-06-21 09:23:34.207,7150.0000,450,0,0.0000,0.0000,0,0,多换,B,7126.0000,0.0000,0.0000,0.0000,0.0000,7158.0000,0.0000,0.0000,0.0000,0.0000,1,0,0,0,0,1,0,0,0,0
zc,TA211,2012-06-21 09:23:35.973,7150.0000,450,0,0.0000,0.0000,0,0,多换,B,7128.0000,0.0000,0.0000,0.0000,0.0000,7160.0000,0.0000,0.0000,0.0000,0.0000,1,0,0,0,0,1,0,0,0,0
zc,TA211,2012-06-21 09:23:37.223,7150.0000,450,0,0.0000,0.0000,0,0,多换,B,7126.0000,0.0000,0.0000,0.0000,0.0000,7160.0000,0.0000,0.0000,0.0000,0.0000,1,0,0,0,0,1,0,0,0,0
zc,TA211,2012-06-21 09:23:37.487,7150.0000,450,0,0.0000,0.0000,0,0,多换,B,7126.0000,0.0000,0.0000,0.0000,0.0000,7158.0000,0.0000,0.0000,0.0000,0.0000,1,0,0,0,0,1,0,0,0,0
zc,TA211,2012-06-21 09:23:38.190,7150.0000,450,0,0.0000,0.0000,0,0,多换,B,7128.0000,0.0000,0.0000,0.0000,0.0000,7160.0000,0.0000,0.0000,0.0000,0.0000,1,0,0,0,0,1,0,0,0,0
zc,TA211,2012-06-21 09:23:42.737,7150.0000,450,0,0.0000,0.0000,0,0,多换,B,7126.0000,0.0000,0.0000,0.0000,0.0000,7158.0000,0.0000,0.0000,0.0000,0.0000,1,0,0,0,0,1,0,0,0,0
zc,TA211,2012-06-21 09:23:44.457,7150.0000,450,0,0.0000,0.0000,0,0,多换,B,7128.0000,0.0000,0.0000,0.0000,0.0000,7160.0000,0.0000,0.0000,0.0000,0.0000,1,0,0,0,0,1,0,0,0,0
