市场代码,合约代码,时间,最新,持仓,增仓,成交额,成交量,开仓,平仓,成交类型,方向,买一价,买二价,买三价,买四价,买五价,卖一价,卖二价,卖三价,卖四价,卖五价,买一量,买二量,买三量,买四量,买五量,卖一量,卖二量,卖三量,卖四量,卖五量
zc,TA212,2012-06-21 07:47:02.893,0.0000,150,0,0.0000,0.0000,0,0,空换,S,0.0000,0.0000,0.0000,0.0000,0.0000,0.0000,0.0000,0.0000,0.0000,0.0000,0,0,0,0,0,0,0,0,0,0
zc,TA212,2012-06-21 08:03:05.973,0.0000,150,0,0.0000,0.0000,0,0,空换,S,0.0000,0.0000,0.0000,0.0000,0.0000,0.0000,0.0000,0.0000,0.0000,0.0000,0,0,0,0,0,0,0,0,0,0
zc,TA212,2012-06-21 08:14:05.957,0.0000,150,0,0.0000,0.0000,0,0,空换,S,0.0000,0.0000,0.0000,0.0000,0.0000,0.0000,0.0000,0.0000,0.0000,0.0000,0,0,0,0,0,0,0,0,0,0
zc,TA212,2012-06-21 08:53:05.973,0.0000,150,0,0.0000,0.0000,0,0,空换,S,0.0000,0.0000,0.0000,0.0000,0.0000,0.0000,0.0000,0.0000,0.0000,0.0000,0,0,0,0,0,0,0,0,0,0
zc,TA212,2012-06-21 08:58:36.690,0.0000,150,0,0.0000,0.0000,0,0,空换,S,0.0000,0.0000,0.0000,0.0000,0.0000,0.0000,0.0000,0.0000,0.0000,0.0000,0,0,0,0,0,0,0,0,0,0
zc,TA212,2012-06-21 08:58:47.440,0.0000,150,0,0.0000,0.0000,0,0,空换,S,0.0000,0.0000,0.0000,0.0000,0.0000,0.0000,0.0000,0.0000,0.0000,0.0000,0,0,0,0,0,0,0,0,0,0
zc,TA212,2012-06-21 08:58:54.190,0.0000,150,0,0.0000,0.0000,0,0,空换,S,0.0000,0.0000,0.0000,0.0000,0.0000,0.0000,0.0000,0.0000,0.0000,0.0000,0,0,0,0,0,0,0,0,0,0
zc,TA212,2012-06-21 08:58:56.190,0.0000,150,0,0.0000,0.0000,0,0,空换,S,0.0000,0.0000,0.0000,0.0000,0.0000,0.0000,0.0000,0.0000,0.0000,0.0000,0,0,0,0,0,0,0,0,0,0
zc,TA212,2012-06-21 08:58:56.707,0.0000,150,0,0.0000,0.0000,0,0,空换,S,0.0000,0.0000,0.0000,0.0000,0.0000,0.0000,0.0000,0.0000,0.0000,0.0000,0,0,0,0,0,0,0,0,0,0
zc,TA212,2012-06-21 08:58:57.207,0.0000,150,0,0.0000,0.0000,0,0,空换,S,0.0000,0.0000,0.0000,0.0000,0.0000,0.0000,0.0000,0.0000,0.0000,0.0000,0,0,0,0,0,0,0,0,0,0
zc,TA212,2012-06-21 08:58:57.957,0.0000,150,0,0.0000,0.0000,0,0,空换,S,0.0000,0.0000,0.0000,0.0000,0.0000,0.0000,0.0000,0.0000,0.0000,0.0000,0,0,0,0,0,0,0,0,0,0
zc,TA212,2012-06-21 08:58:58.440,0.0000,150,0,0.0000,0.0000,0,0,空换,S,0.0000,0.0000,0.0000,0.0000,0.0000,0.0000,0.0000,0.0000,0.0000,0.0000,0,0,0,0,0,0,0,0,0,0
zc,TA212,2012-06-21 08:58:58.973,0.0000,150,0,0.0000,0.0000,0,0,空换,S,0.0000,0.0000,0.0000,0.0000,0.0000,0.0000,0.0000,0.0000,0.0000,0.0000,0,0,0,0,0,0,0,0,0,0
zc,TA212,2012-06-21 08:58:59.440,0.0000,150,0,0.0000,0.0000,0,0,空换,S,0.0000,0.0000,0.0000,0.0000,0.0000,0.0000,0.0000,0.0000,0.0000,0.0000,0,0,0,0,0,0,0,0,0,0
zc,TA212,2012-06-21 08:59:00.160,7032.0000,154,4,0.0000,4.0000,4,0,双开,B,7032.0000,0.0000,0.0000,0.0000,0.0000,7586.0000,0.0000,0.0000,0.0000,0.0000,4,0,0,0,0,1,0,0,0,0
zc,TA212,2012-06-21 09:00:00.330,7032.0000,154,0,0.0000,0.0000,0,0,多换,B,7032.0000,0.0000,0.0000,0.0000,0.0000,7176.0000,0.0000,0.0000,0.0000,0.0000,1,0,0,0,0,1,0,0,0,0
zc,TA212,2012-06-21 09:00:01.080,7032.0000,154,0,0.0000,0.0000,0,0,多换,B,7090.0000,0.0000,0.0000,0.0000,0.0000,7174.0000,0.0000,0.0000,0.0000,0.0000,1,0,0,0,0,2,0,0,0,0
zc,TA212,2012-06-21 09:00:02.143,7032.0000,154,0,0.0000,0.0000,0,0,多换,B,7080.0000,0.0000,0.0000,0.0000,0.0000,7170.0000,0.0000,0.0000,0.0000,0.0000,1,0,0,0,0,2,0,0,0,0
zc,TA212,2012-06-21 09:00:04.127,7032.0000,154,0,0.0000,0.0000,0,0,多换,B,7130.0000,0.0000,0.0000,0.0000,0.0000,7158.0000,0.0000,0.0000,0.0000,0.0000,1,0,0,0,0,2,0,0,0,0
zc,TA212,2012-06-21 09:00:05.330,7032.0000,154,0,0.0000,0.0000,0,0,多换,B,7130.0000,0.0000,0.0000,0.0000,0.0000,7156.0000,0.0000,0.0000,0.0000,0.0000,1,0,0,0,0,2,0,0,0,0
zc,TA212,2012-06-21 09:00:06.143,7032.0000,154,0,0.0000,0.0000,0,0,多换,B,7128.0000,0.0000,0.0000,0.0000,0.0000,7152.0000,0.0000,0.0000,0.0000,0.0000,1,0,0,0,0,2,0,0,0,0
zc,TA212,2012-06-21 09:00:06.877,7032.0000,154,0,0.0000,0.0000,0,0,多换,B,7126.0000,0.0000,0.0000,0.0000,0.0000,7156.0000,0.0000,0.0000,0.0000,0.0000,1,0,0,0,0,2,0,0,0,0
zc,TA212,2012-06-21 09:00:07.613,7032.0000,154,0,0.0000,0.0000,0,0,多换,B,7126.0000,0.0000,0.0000,0.0000,0.0000,7150.0000,0.0000,0.0000,0.0000,0.0000,1,0,0,0,0,2,0,0,0,0
zc,TA212,2012-06-21 09:00:08.830,7032.0000,154,0,0.0000,0.0000,0,0,多换,B,7120.0000,0.0000,0.0000,0.0000,0.0000,7148.0000,0.0000,0.0000,0.0000,0.0000,1,0,0,0,0,1,0,0,0,0
zc,TA212,2012-06-21 09:00:09.317,7032.0000,154,0,0.0000,0.0000,0,0,多换,B,7124.0000,0.0000,0.0000,0.0000,0.0000,7148.0000,0.0000,0.0000,0.0000,0.0000,1,0,0,0,0,2,0,0,0,0
zc,TA212,2012-06-21 09:00:09.847,7032.0000,154,0,0.0000,0.0000,0,0,多换,B,7126.0000,0.0000,0.0000,0.0000,0.0000,7150.0000,0.0000,0.0000,0.0000,0.0000,1,0,0,0,0,2,0,0,0,0
zc,TA212,2012-06-21 09:00:10.567,7032.0000,154,0,0.0000,0.0000,0,0,多换,B,7118.0000,0.0000,0.0000,0.0000,0.0000,7146.0000,0.0000,0.0000,0.0000,0.0000,1,0,0,0,0,2,0,0,0,0
zc,TA212,2012-06-21 09:00:11.097,7032.0000,154,0,0.0000,0.0000,0,0,多换,B,7126.0000,0.0000,0.0000,0.0000,0.0000,7150.0000,0.0000,0.0000,0.0000,0.0000,1,0,0,0,0,3,0,0,0,0
zc,TA212,2012-06-21 09:00:11.597,7032.0000,154,0,0.0000,0.0000,0,0,多换,B,7108.0000,0.0000,0.0000,0.0000,0.0000,7140.0000,0.0000,0.0000,0.0000,0.0000,1,0,0,0,0,2,0,0,0,0
zc,TA212,2012-06-21 09:00:12.363,7032.0000,154,0,0.0000,0.0000,0,0,多换,B,7108.0000,0.0000,0.0000,0.0000,0.0000,7140.0000,0.0000,0.0000,0.0000,0.0000,1,0,0,0,0,3,0,0,0,0
zc,TA212,2012-06-21 09:00:13.050,7032.0000,154,0,0.0000,0.0000,0,0,多换,B,7108.0000,0.0000,0.0000,0.0000,0.0000,7138.0000,0.0000,0.0000,0.0000,0.0000,1,0,0,0,0,2,0,0,0,0
zc,TA212,2012-06-21 09:00:14.067,7032.0000,154,0,0.0000,0.0000,0,0,多换,B,7108.0000,0.0000,0.0000,0.0000,0.0000,7132.0000,0.0000,0.0000,0.0000,0.0000,1,0,0,0,0,2,0,0,0,0
zc,TA212,2012-06-21 09:00:14.817,7032.0000,154,0,0.0000,0.0000,0,0,多换,B,7108.0000,0.0000,0.0000,0.0000,0.0000,7132.0000,0.0000,0.0000,0.0000,0.0000,1,0,0,0,0,3,0,0,0,0
zc,TA212,2012-06-21 09:00:15.283,7032.0000,154,0,0.0000,0.0000,0,0,多换,B,7106.0000,0.0000,0.0000,0.0000,0.0000,7130.0000,0.0000,0.0000,0.0000,0.0000,1,0,0,0,0,2,0,0,0,0
zc,TA212,2012-06-21 09:00:15.863,7032.0000,154,0,0.0000,0.0000,0,0,多换,B,7104.0000,0.0000,0.0000,0.0000,0.0000,7128.0000,0.0000,0.0000,0.0000,0.0000,1,0,0,0,0,2,0,0,0,0
zc,TA212,2012-06-21 09:00:16.580,7032.0000,154,0,0.0000,0.0000,0,0,多换,B,7100.0000,0.0000,0.0000,0.0000,0.0000,7130.0000,0.0000,0.0000,0.0000,0.0000,1,0,0,0,0,2,0,0,0,0
zc,TA212,2012-06-21 09:00:16.830,7032.0000,154,0,0.0000,0.0000,0,0,多换,B,7100.0000,0.0000,0.0000,0.0000,0.0000,7128.0000,0.0000,0.0000,0.0000,0.0000,1,0,0,0,0,1,0,0,0,0
zc,TA212,2012-06-21 09:00:17.863,7032.0000,154,0,0.0000,0.0000,0,0,多换,B,7100.0000,0.0000,0.0000,0.0000,0.0000,7126.0000,0.0000,0.0000,0.0000,0.0000,1,0,0,0,0,1,0,0,0,0
zc,TA212,2012-06-21 09:00:18.300,7032.0000,154,0,0.0000,0.0000,0,0,多换,B,7104.0000,0.0000,0.0000,0.0000,0.0000,7128.0000,0.0000,0.0000,0.0000,0.0000,1,0,0,0,0,2,0,0,0,0
zc,TA212,2012-06-21 09:00:18.847,7032.0000,154,0,0.0000,0.0000,0,0,多换,B,7098.0000,0.0000,0.0000,0.0000,0.0000,7124.0000,0.0000,0.0000,0.0000,0.0000,1,0,0,0,0,2,0,0,0,0
zc,TA212,2012-06-21 09:00:19.550,7032.0000,154,0,0.0000,0.0000,0,0,多换,B,7104.0000,0.0000,0.0000,0.0000,0.0000,7128.0000,0.0000,0.0000,0.0000,0.0000,1,0,0,0,0,2,0,0,0,0
zc,TA212,2012-06-21 09:00:20.347,7032.0000,154,0,0.0000,0.0000,0,0,多换,B,7106.0000,0.0000,0.0000,0.0000,0.0000,7130.0000,0.0000,0.0000,0.0000,0.0000,1,0,0,0,0,2,0,0,0,0
zc,TA212,2012-06-21 09:00:21.817,7032.0000,154,0,0.0000,0.0000,0,0,多换,B,7104.0000,0.0000,0.0000,0.0000,0.0000,7130.0000,0.0000,0.0000,0.0000,0.0000,1,0,0,0,0,2,0,0,0,0
zc,TA212,2012-06-21 09:00:22.283,7032.0000,154,0,0.0000,0.0000,0,0,多换,B,7104.0000,0.0000,0.0000,0.0000,0.0000,7128.0000,0.0000,0.0000,0.0000,0.0000,1,0,0,0,0,2,0,0,0,0
zc,TA212,2012-06-21 09:00:22.863,7032.0000,154,0,0.0000,0.0000,0,0,多换,B,7104.0000,0.0000,0.0000,0.0000,0.0000,7130.0000,0.0000,0.0000,0.0000,0.0000,1,0,0,0,0,2,0,0,0,0
zc,TA212,2012-06-21 09:00:23.597,7032.0000,154,0,0.0000,0.0000,0,0,多换,B,7106.0000,0.0000,0.0000,0.0000,0.0000,7130.0000,0.0000,0.0000,0.0000,0.0000,1,0,0,0,0,2,0,0,0,0
zc,TA212,2012-06-21 09:00:25.283,7032.0000,154,0,0.0000,0.0000,0,0,多换,B,7106.0000,0.0000,0.0000,0.0000,0.0000,7132.0000,0.0000,0.0000,0.0000,0.0000,1,0,0,0,0,2,0,0,0,0
zc,TA212,2012-06-21 09:00:26.580,7032.0000,154,0,0.0000,0.0000,0,0,多换,B,7108.0000,0.0000,0.0000,0.0000,0.0000,7132.0000,0.0000,0.0000,0.0000,0.0000,1,0,0,0,0,2,0,0,0,0
zc,TA212,2012-06-21 09:00:27.300,7032.0000,154,0,0.0000,0.0000,0,0,多换,B,7106.0000,0.0000,0.0000,0.0000,0.0000,7132.0000,0.0000,0.0000,0.0000,0.0000,1,0,0,0,0,2,0,0,0,0
zc,TA212,2012-06-21 09:00:27.830,7032.0000,154,0,0.0000,0.0000,0,0,多换,B,7106.0000,0.0000,0.0000,0.0000,0.0000,7126.0000,0.0000,0.0000,0.0000,0.0000,1,0,0,0,0,2,0,0,0,0
zc,TA212,2012-06-21 09:00:29.847,7032.0000,154,0,0.0000,0.0000,0,0,多换,B,7106.0000,0.0000,0.0000,0.0000,0.0000,7126.0000,0.0000,0.0000,0.0000,0.0000,1,0,0,0,0,1,0,0,0,0
zc,TA212,2012-06-21 09:00:30.580,7032.0000,154,0,0.0000,0.0000,0,0,多换,B,7110.0000,0.0000,0.0000,0.0000,0.0000,7134.0000,0.0000,0.0000,0.0000,0.0000,1,0,0,0,0,3,0,0,0,0
zc,TA212,2012-06-21 09:00:31.363,7032.0000,154,0,0.0000,0.0000,0,0,多换,B,7114.0000,0.0000,0.0000,0.0000,0.0000,7134.0000,0.0000,0.0000,0.0000,0.0000,1,0,0,0,0,2,0,0,0,0
zc,TA212,2012-06-21 09:00:31.847,7032.0000,154,0,0.0000,0.0000,0,0,多换,B,7116.0000,0.0000,0.0000,0.0000,0.0000,7136.0000,0.0000,0.0000,0.0000,0.0000,1,0,0,0,0,3,0,0,0,0
zc,TA212,2012-06-21 09:00:32.580,7032.0000,154,0,0.0000,0.0000,0,0,多换,B,7116.0000,0.0000,0.0000,0.0000,0.0000,7136.0000,0.0000,0.0000,0.0000,0.0000,1,0,0,0,0,2,0,0,0,0
zc,TA212,2012-06-21 09:00:33.020,7032.0000,154,0,0.0000,0.0000,0,0,多换,B,7114.0000,0.0000,0.0000,0.0000,0.0000,7134.0000,0.0000,0.0000,0.0000,0.0000,1,0,0,0,0,1,0,0,0,0
zc,TA212,2012-06-21 09:00:33.783,7032.0000,154,0,0.0000,0.0000,0,0,多换,B,7114.0000,0.0000,0.0000,0.0000,0.0000,7134.0000,0.0000,0.0000,0.0000,0.0000,1,0,0,0,0,2,0,0,0,0
zc,TA212,2012-06-21 09:00:34.347,7032.0000,154,0,0.0000,0.0000,0,0,多换,B,7114.0000,0.0000,0.0000,0.0000,0.0000,7136.0000,0.0000,0.0000,0.0000,0.0000,1,0,0,0,0,3,0,0,0,0
zc,TA212,2012-06-21 09:00:35.080,7032.0000,154,0,0.0000,0.0000,0,0,多换,B,7114.0000,0.0000,0.0000,0.0000,0.0000,7134.0000,0.0000,0.0000,0.0000,0.0000,1,0,0,0,0,2,0,0,0,0
zc,TA212,2012-06-21 09:00:36.097,7032.0000,154,0,0.0000,0.0000,0,0,多换,B,7116.0000,0.0000,0.0000,0.0000,0.0000,7136.0000,0.0000,0.0000,0.0000,0.0000,1,0,0,0,0,3,0,0,0,0
zc,TA212,2012-06-21 09:00:36.550,7032.0000,154,0,0.0000,0.0000,0,0,多换,B,7116.0000,0.0000,0.0000,0.0000,0.0000,7136.0000,0.0000,0.0000,0.0000,0.0000,1,0,0,0,0,2,0,0,0,0
zc,TA212,2012-06-21 09:00:38.550,7032.0000,154,0,0.0000,0.0000,0,0,多换,B,7118.0000,0.0000,0.0000,0.0000,0.0000,7138.0000,0.0000,0.0000,0.0000,0.0000,1,0,0,0,0,2,0,0,0,0
zc,TA212,2012-06-21 09:00:39.300,7032.0000,154,0,0.0000,0.0000,0,0,多换,B,7118.0000,0.0000,0.0000,0.0000,0.0000,7132.0000,0.0000,0.0000,0.0000,0.0000,1,0,0,0,0,2,0,0,0,0
zc,TA212,2012-06-21 09:00:39.817,7032.0000,154,0,0.0000,0.0000,0,0,多换,B,7116.0000,0.0000,0.0000,0.0000,0.0000,7132.0000,0.0000,0.0000,0.0000,0.0000,1,0,0,0,0,2,0,0,0,0
zc,TA212,2012-06-21 09:00:40.580,7032.0000,154,0,0.0000,0.0000,0,0,多换,B,7118.0000,0.0000,0.0000,0.0000,0.0000,7132.0000,0.0000,0.0000,0.0000,0.0000,1,0,0,0,0,2,0,0,0,0
zc,TA212,2012-06-21 09:00:40.800,7032.0000,154,0,0.0000,0.0000,0,0,多换,B,7120.0000,0.0000,0.0000,0.0000,0.0000,7132.0000,0.0000,0.0000,0.0000,0.0000,1,0,0,0,0,2,0,0,0,0
zc,TA212,2012-06-21 09:00:42.830,7032.0000,154,0,0.0000,0.0000,0,0,多换,B,7122.0000,0.0000,0.0000,0.0000,0.0000,7132.0000,0.0000,0.0000,0.0000,0.0000,1,0,0,0,0,2,0,0,0,0
zc,TA212,2012-06-21 09:00:44.067,7032.0000,154,0,0.0000,0.0000,0,0,多换,B,7120.0000,0.0000,0.0000,0.0000,0.0000,7132.0000,0.0000,0.0000,0.0000,0.0000,1,0,0,0,0,2,0,0,0,0
zc,TA212,2012-06-21 09:00:45.270,7032.0000,154,0,0.0000,0.0000,0,0,多换,B,7122.0000,0.0000,0.0000,0.0000,0.0000,7132.0000,0.0000,0.0000,0.0000,0.0000,1,0,0,0,0,2,0,0,0,0
zc,TA212,2012-06-21 09:00:45.817,7032.0000,154,0,0.0000,0.0000,0,0,多换,B,7120.0000,0.0000,0.0000,0.0000,0.0000,7132.0000,0.0000,0.0000,0.0000,0.0000,1,0,0,0,0,2,0,0,0,0
zc,TA212,2012-06-21 09:00:48.067,7032.0000,154,0,0.0000,0.0000,0,0,多换,B,7124.0000,0.0000,0.0000,0.0000,0.0000,7132.0000,0.0000,0.0000,0.0000,0.0000,1,0,0,0,0,2,0,0,0,0
zc,TA212,2012-06-21 09:00:49.300,7032.0000,154,0,0.0000,0.0000,0,0,多换,B,7122.0000,0.0000,0.0000,0.0000,0.0000,7132.0000,0.0000,0.0000,0.0000,0.0000,1,0,0,0,0,2,0,0,0,0
zc,TA212,2012-06-21 09:00:49.830,7032.0000,154,0,0.0000,0.0000,0,0,多换,B,7120.0000,0.0000,0.0000,0.0000,0.0000,7132.0000,0.0000,0.0000,0.0000,0.0000,1,0,0,0,0,2,0,0,0,0
zc,TA212,2012-06-21 09:00:50.270,7032.0000,154,0,0.0000,0.0000,0,0,多换,B,7124.0000,0.0000,0.0000,0.0000,0.0000,7132.0000,0.0000,0.0000,0.0000,0.0000,1,0,0,0,0,2,0,0,0,0
zc,TA212,2012-06-21 09:00:51.050,7032.0000,154,0,0.0000,0.0000,0,0,多换,B,7122.0000,0.0000,0.0000,0.0000,0.0000,7132.0000,0.0000,0.0000,0.0000,0.0000,1,0,0,0,0,2,0,0,0,0
zc,TA212,2012-06-21 09:00:53.567,7032.0000,154,0,0.0000,0.0000,0,0,多换,B,7120.0000,0.0000,0.0000,0.0000,0.0000,7132.0000,0.0000,0.0000,0.0000,0.0000,1,0,0,0,0,2,0,0,0,0
zc,TA212,2012-06-21 09:00:54.067,7032.0000,154,0,0.0000,0.0000,0,0,多换,B,7122.0000,0.0000,0.0000,0.0000,0.0000,7132.0000,0.0000,0.0000,0.0000,0.0000,1,0,0,0,0,2,0,0,0,0
zc,TA212,2012-06-21 09:00:55.050,7032.0000,154,0,0.0000,0.0000,0,0,多换,B,7124.0000,0.0000,0.0000,0.0000,0.0000,7132.0000,0.0000,0.0000,0.0000,0.0000,1,0,0,0,0,2,0,0,0,0
zc,TA212,2012-06-21 09:00:55.597,7032.0000,154,0,0.0000,0.0000,0,0,多换,B,7122.0000,0.0000,0.0000,0.0000,0.0000,7132.0000,0.0000,0.0000,0.0000,0.0000,1,0,0,0,0,2,0,0,0,0
zc,TA212,2012-06-21 09:00:57.567,7032.0000,154,0,0.0000,0.0000,0,0,多换,B,7124.0000,0.0000,0.0000,0.0000,0.0000,7132.0000,0.0000,0.0000,0.0000,0.0000,1,0,0,0,0,2,0,0,0,0
zc,TA212,2012-06-21 09:00:58.800,7032.0000,154,0,0.0000,0.0000,0,0,多换,B,7126.0000,0.0000,0.0000,0.0000,0.0000,7132.0000,0.0000,0.0000,0.0000,0.0000,1,0,0,0,0,2,0,0,0,0
zc,TA212,2012-06-21 09:00:59.050,7032.0000,154,0,0.0000,0.0000,0,0,多换,B,7124.0000,0.0000,0.0000,0.0000,0.0000,7132.0000,0.0000,0.0000,0.0000,0.0000,1,0,0,0,0,2,0,0,0,0
zc,TA212,2012-06-21 09:01:02.550,7032.0000,154,0,0.0000,0.0000,0,0,多换,B,7126.0000,0.0000,0.0000,0.0000,0.0000,7132.0000,0.0000,0.0000,0.0000,0.0000,1,0,0,0,0,2,0,0,0,0
zc,TA212,2012-06-21 09:01:03.817,7032.0000,154,0,0.0000,0.0000,0,0,多换,B,7124.0000,0.0000,0.0000,0.0000,0.0000,7132.0000,0.0000,0.0000,0.0000,0.0000,1,0,0,0,0,2,0,0,0,0
zc,TA212,2012-06-21 09:01:11.550,7032.0000,154,0,0.0000,0.0000,0,0,多换,B,7122.0000,0.0000,0.0000,0.0000,0.0000,7132.0000,0.0000,0.0000,0.0000,0.0000,1,0,0,0,0,2,0,0,0,0
zc,TA212,2012-06-21 09:01:12.550,7032.0000,154,0,0.0000,0.0000,0,0,多换,B,7126.0000,0.0000,0.0000,0.0000,0.0000,7132.0000,0.0000,0.0000,0.0000,0.0000,1,0,0,0,0,2,0,0,0,0
zc,TA212,2012-06-21 09:01:18.520,7032.0000,154,0,0.0000,0.0000,0,0,多换,B,7124.0000,0.0000,0.0000,0.0000,0.0000,7132.0000,0.0000,0.0000,0.0000,0.0000,1,0,0,0,0,2,0,0,0,0
zc,TA212,2012-06-21 09:01:22.567,7032.0000,154,0,0.0000,0.0000,0,0,多换,B,7126.0000,0.0000,0.0000,0.0000,0.0000,7132.0000,0.0000,0.0000,0.0000,0.0000,1,0,0,0,0,2,0,0,0,0
zc,TA212,2012-06-21 09:01:29.533,7032.0000,154,0,0.0000,0.0000,0,0,多换,B,7124.0000,0.0000,0.0000,0.0000,0.0000,7132.0000,0.0000,0.0000,0.0000,0.0000,1,0,0,0,0,2,0,0,0,0
zc,TA212,2012-06-21 09:01:32.050,7032.0000,154,0,0.0000,0.0000,0,0,多换,B,7126.0000,0.0000,0.0000,0.0000,0.0000,7132.0000,0.0000,0.0000,0.0000,0.0000,1,0,0,0,0,2,0,0,0,0
zc,TA212,2012-06-21 09:01:32.783,7032.0000,154,0,0.0000,0.0000,0,0,多换,B,7124.0000,0.0000,0.0000,0.0000,0.0000,7132.0000,0.0000,0.0000,0.0000,0.0000,1,0,0,0,0,2,0,0,0,0
zc,TA212,2012-06-21 09:01:36.580,7032.0000,154,0,0.0000,0.0000,0,0,多换,B,7126.0000,0.0000,0.0000,0.0000,0.0000,7132.0000,0.0000,0.0000,0.0000,0.0000,1,0,0,0,0,2,0,0,0,0
zc,TA212,2012-06-21 09:01:39.067,7032.0000,154,0,0.0000,0.0000,0,0,多换,B,7124.0000,0.0000,0.0000,0.0000,0.0000,7132.0000,0.0000,0.0000,0.0000,0.0000,1,0,0,0,0,2,0,0,0,0
zc,TA212,2012-06-21 09:01:43.567,7032.0000,154,0,0.0000,0.0000,0,0,多换,B,7122.0000,0.0000,0.0000,0.0000,0.0000,7132.0000,0.0000,0.0000,0.0000,0.0000,1,0,0,0,0,2,0,0,0,0
zc,TA212,2012-06-21 09:01:46.033,7032.0000,154,0,0.0000,0.0000,0,0,多换,B,7120.0000,0.0000,0.0000,0.0000,0.0000,7132.0000,0.0000,0.0000,0.0000,0.0000,1,0,0,0,0,2,0,0,0,0
zc,TA212,2012-06-21 09:01:47.520,7032.0000,154,0,0.0000,0.0000,0,0,多换,B,7118.0000,0.0000,0.0000,0.0000,0.0000,7132.0000,0.0000,0.0000,0.0000,0.0000,1,0,0,0,0,2,0,0,0,0
zc,TA212,2012-06-21 09:01:51.533,7032.0000,154,0,0.0000,0.0000,0,0,多换,B,7116.0000,0.0000,0.0000,0.0000,0.0000,7132.0000,0.0000,0.0000,0.0000,0.0000,1,0,0,0,0,2,0,0,0,0
zc,TA212,2012-06-21 09:01:54.783,7032.0000,154,0,0.0000,0.0000,0,0,多换,B,7114.0000,0.0000,0.0000,0.0000,0.0000,7132.0000,0.0000,0.0000,0.0000,0.0000,1,0,0,0,0,4,0,0,0,0
zc,TA212,2012-06-21 09:01:55.270,7032.0000,154,0,0.0000,0.0000,0,0,多换,B,7114.0000,0.0000,0.0000,0.0000,0.0000,7132.0000,0.0000,0.0000,0.0000,0.0000,1,0,0,0,0,2,0,0,0,0
zc,TA212,2012-06-21 09:01:56.503,7032.0000,154,0,0.0000,0.0000,0,0,多换,B,7116.0000,0.0000,0.0000,0.0000,0.0000,7132.0000,0.0000,0.0000,0.0000,0.0000,1,0,0,0,0,2,0,0,0,0
zc,TA212,2012-06-21 09:01:58.503,7032.0000,154,0,0.0000,0.0000,0,0,多换,B,7118.0000,0.0000,0.0000,0.0000,0.0000,7132.0000,0.0000,0.0000,0.0000,0.0000,1,0,0,0,0,2,0,0,0,0
zc,TA212,2012-06-21 09:02:01.567,7032.0000,154,0,0.0000,0.0000,0,0,多换,B,7120.0000,0.0000,0.0000,0.0000,0.0000,7132.0000,0.0000,0.0000,0.0000,0.0000,1,0,0,0,0,2,0,0,0,0
zc,TA212,2012-06-21 09:02:02.783,7032.0000,154,0,0.0000,0.0000,0,0,多换,B,7118.0000,0.0000,0.0000,0.0000,0.0000,7132.0000,0.0000,0.0000,0.0000,0.0000,1,0,0,0,0,2,0,0,0,0
zc,TA212,2012-06-21 09:02:06.113,7032.0000,154,0,0.0000,0.0000,0,0,多换,B,7120.0000,0.0000,0.0000,0.0000,0.0000,7132.0000,0.0000,0.0000,0.0000,0.0000,1,0,0,0,0,2,0,0,0,0
zc,TA212,2012-06-21 09:02:06.830,7032.0000,154,0,0.0000,0.0000,0,0,多换,B,7118.0000,0.0000,0.0000,0.0000,0.0000,7132.0000,0.0000,0.0000,0.0000,0.0000,1,0,0,0,0,2,0,0,0,0
zc,TA212,2012-06-21 09:02:08.597,7032.0000,154,0,0.0000,0.0000,0,0,多换,B,7116.0000,0.0000,0.0000,0.0000,0.0000,7132.0000,0.0000,0.0000,0.0000,0.0000,1,0,0,0,0,2,0,0,0,0
zc,TA212,2012-06-21 09:02:10.550,7032.0000,154,0,0.0000,0.0000,0,0,多换,B,7118.0000,0.0000,0.0000,0.0000,0.0000,7132.0000,0.0000,0.0000,0.0000,0.0000,1,0,0,0,0,2,0,0,0,0
zc,TA212,2012-06-21 09:02:11.067,7032.0000,154,0,0.0000,0.0000,0,0,多换,B,7120.0000,0.0000,0.0000,0.0000,0.0000,7132.0000,0.0000,0.0000,0.0000,0.0000,1,0,0,0,0,2,0,0,0,0
zc,TA212,2012-06-21 09:02:12.300,7032.0000,154,0,0.0000,0.0000,0,0,多换,B,7118.0000,0.0000,0.0000,0.0000,0.0000,7132.0000,0.0000,0.0000,0.0000,0.0000,1,0,0,0,0,2,0,0,0,0
zc,TA212,2012-06-21 09:02:14.830,7032.0000,154,0,0.0000,0.0000,0,0,多换,B,7116.0000,0.0000,0.0000,0.0000,0.0000,7132.0000,0.0000,0.0000,0.0000,0.0000,1,0,0,0,0,2,0,0,0,0
zc,TA212,2012-06-21 09:02:18.987,7032.0000,154,0,0.0000,0.0000,0,0,多换,B,7114.0000,0.0000,0.0000,0.0000,0.0000,7132.0000,0.0000,0.0000,0.0000,0.0000,1,0,0,0,0,2,0,0,0,0
zc,TA212,2012-06-21 09:02:20.253,7032.0000,154,0,0.0000,0.0000,0,0,多换,B,7116.0000,0.0000,0.0000,0.0000,0.0000,7132.0000,0.0000,0.0000,0.0000,0.0000,1,0,0,0,0,2,0,0,0,0
zc,TA212,2012-06-21 09:02:21.520,7032.0000,154,0,0.0000,0.0000,0,0,多换,B,7114.0000,0.0000,0.0000,0.0000,0.0000,7132.0000,0.0000,0.0000,0.0000,0.0000,1,0,0,0,0,4,0,0,0,0
zc,TA212,2012-06-21 09:02:22.783,7032.0000,154,0,0.0000,0.0000,0,0,多换,B,7116.0000,0.0000,0.0000,0.0000,0.0000,7132.0000,0.0000,0.0000,0.0000,0.0000,1,0,0,0,0,2,0,0,0,0
zc,TA212,2012-06-21 09:02:23.253,7032.0000,154,0,0.0000,0.0000,0,0,多换,B,7114.0000,0.0000,0.0000,0.0000,0.0000,7132.0000,0.0000,0.0000,0.0000,0.0000,1,0,0,0,0,4,0,0,0,0
zc,TA212,2012-06-21 09:02:24.003,7032.0000,154,0,0.0000,0.0000,0,0,多换,B,7116.0000,0.0000,0.0000,0.0000,0.0000,7132.0000,0.0000,0.0000,0.0000,0.0000,1,0,0,0,0,2,0,0,0,0
zc,TA212,2012-06-21 09:02:24.270,7032.0000,154,0,0.0000,0.0000,0,0,多换,B,7114.0000,0.0000,0.0000,0.0000,0.0000,7132.0000,0.0000,0.0000,0.0000,0.0000,1,0,0,0,0,4,0,0,0,0
zc,TA212,2012-06-21 09:02:25.033,7032.0000,154,0,0.0000,0.0000,0,0,多换,B,7118.0000,0.0000,0.0000,0.0000,0.0000,7132.0000,0.0000,0.0000,0.0000,0.0000,1,0,0,0,0,2,0,0,0,0
zc,TA212,2012-06-21 09:02:26.270,7032.0000,154,0,0.0000,0.0000,0,0,多换,B,7116.0000,0.0000,0.0000,0.0000,0.0000,7132.0000,0.0000,0.0000,0.0000,0.0000,1,0,0,0,0,2,0,0,0,0
zc,TA212,2012-06-21 09:02:33.317,7032.0000,154,0,0.0000,0.0000,0,0,多换,B,7118.0000,0.0000,0.0000,0.0000,0.0000,7132.0000,0.0000,0.0000,0.0000,0.0000,1,0,0,0,0,2,0,0,0,0
zc,TA212,2012-06-21 09:02:33.753,7032.0000,154,0,0.0000,0.0000,0,0,多换,B,7116.0000,0.0000,0.0000,0.0000,0.0000,7132.0000,0.0000,0.0000,0.0000,0.0000,1,0,0,0,0,2,0,0,0,0
zc,TA212,2012-06-21 09:02:38.550,7032.0000,154,0,0.0000,0.0000,0,0,多换,B,7118.0000,0.0000,0.0000,0.0000,0.0000,7132.0000,0.0000,0.0000,0.0000,0.0000,1,0,0,0,0,2,0,0,0,0
zc,TA212,2012-06-21 09:02:41.300,7032.0000,154,0,0.0000,0.0000,0,0,多换,B,7116.0000,0.0000,0.0000,0.0000,0.0000,7132.0000,0.0000,0.0000,0.0000,0.0000,1,0,0,0,0,2,0,0,0,0
zc,TA212,2012-06-21 09:02:43.253,7032.0000,154,0,0.0000,0.0000,0,0,多换,B,7118.0000,0.0000,0.0000,0.0000,0.0000,7132.0000,0.0000,0.0000,0.0000,0.0000,1,0,0,0,0,2,0,0,0,0
zc,TA212,2012-06-21 09:02:45.800,7032.0000,154,0,0.0000,0.0000,0,0,多换,B,7116.0000,0.0000,0.0000,0.0000,0.0000,7132.0000,0.0000,0.0000,0.0000,0.0000,1,0,0,0,0,2,0,0,0,0
zc,TA212,2012-06-21 09:02:46.503,7032.0000,154,0,0.0000,0.0000,0,0,多换,B,7118.0000,0.0000,0.0000,0.0000,0.0000,7132.0000,0.0000,0.0000,0.0000,0.0000,1,0,0,0,0,2,0,0,0,0
zc,TA212,2012-06-21 09:02:49.987,7032.0000,154,0,0.0000,0.0000,0,0,多换,B,7118.0000,0.0000,0.0000,0.0000,0.0000,7136.0000,0.0000,0.0000,0.0000,0.0000,1,0,0,0,0,2,0,0,0,0
zc,TA212,2012-06-21 09:02:51.800,7032.0000,154,0,0.0000,0.0000,0,0,多换,B,7120.0000,0.0000,0.0000,0.0000,0.0000,7138.0000,0.0000,0.0000,0.0000,0.0000,1,0,0,0,0,2,0,0,0,0
zc,TA212,2012-06-21 09:02:55.253,7032.0000,154,0,0.0000,0.0000,0,0,多换,B,7122.0000,0.0000,0.0000,0.0000,0.0000,7140.0000,0.0000,0.0000,0.0000,0.0000,1,0,0,0,0,2,0,0,0,0
zc,TA212,2012-06-21 09:02:58.737,7032.0000,154,0,0.0000,0.0000,0,0,多换,B,7122.0000,0.0000,0.0000,0.0000,0.0000,7140.0000,0.0000,0.0000,0.0000,0.0000,1,0,0,0,0,1,0,0,0,0
zc,TA212,2012-06-21 09:02:59.533,7032.0000,154,0,0.0000,0.0000,0,0,多换,B,7122.0000,0.0000,0.0000,0.0000,0.0000,7142.0000,0.0000,0.0000,0.0000,0.0000,1,0,0,0,0,2,0,0,0,0
zc,TA212,2012-06-21 09:02:59.987,7032.0000,154,0,0.0000,0.0000,0,0,多换,B,7120.0000,0.0000,0.0000,0.0000,0.0000,7138.0000,0.0000,0.0000,0.0000,0.0000,1,0,0,0,0,2,0,0,0,0
zc,TA212,2012-06-21 09:03:01.020,7032.0000,154,0,0.0000,0.0000,0,0,多换,B,7120.0000,0.0000,0.0000,0.0000,0.0000,7138.0000,0.0000,0.0000,0.0000,0.0000,1,0,0,0,0,1,0,0,0,0
zc,TA212,2012-06-21 09:03:02.253,7032.0000,154,0,0.0000,0.0000,0,0,多换,B,7122.0000,0.0000,0.0000,0.0000,0.0000,7142.0000,0.0000,0.0000,0.0000,0.0000,1,0,0,0,0,2,0,0,0,0
zc,TA212,2012-06-21 09:03:05.300,7032.0000,154,0,0.0000,0.0000,0,0,多换,B,7122.0000,0.0000,0.0000,0.0000,0.0000,7142.0000,0.0000,0.0000,0.0000,0.0000,3,0,0,0,0,2,0,0,0,0
zc,TA212,2012-06-21 09:03:11.270,7032.0000,154,0,0.0000,0.0000,0,0,多换,B,7122.0000,0.0000,0.0000,0.0000,0.0000,7134.0000,0.0000,0.0000,0.0000,0.0000,3,0,0,0,0,2,0,0,0,0
zc,TA212,2012-06-21 09:03:13.753,7032.0000,154,0,0.0000,0.0000,0,0,多换,B,7124.0000,0.0000,0.0000,0.0000,0.0000,7134.0000,0.0000,0.0000,0.0000,0.0000,1,0,0,0,0,2,0,0,0,0
zc,TA212,2012-06-21 09:03:15.270,7032.0000,154,0,0.0000,0.0000,0,0,多换,B,7122.0000,0.0000,0.0000,0.0000,0.0000,7134.0000,0.0000,0.0000,0.0000,0.0000,1,0,0,0,0,2,0,0,0,0
zc,TA212,2012-06-21 09:03:20.237,7032.0000,154,0,0.0000,0.0000,0,0,多换,B,7124.0000,0.0000,0.0000,0.0000,0.0000,7134.0000,0.0000,0.0000,0.0000,0.0000,1,0,0,0,0,2,0,0,0,0
zc,TA212,2012-06-21 09:03:25.003,7032.0000,154,0,0.0000,0.0000,0,0,多换,B,7122.0000,0.0000,0.0000,0.0000,0.0000,7134.0000,0.0000,0.0000,0.0000,0.0000,1,0,0,0,0,2,0,0,0,0
zc,TA212,2012-06-21 09:03:33.003,7032.0000,154,0,0.0000,0.0000,0,0,多换,B,7126.0000,0.0000,0.0000,0.0000,0.0000,7134.0000,0.0000,0.0000,0.0000,0.0000,1,0,0,0,0,2,0,0,0,0
zc,TA212,2012-06-21 09:03:33.753,7032.0000,154,0,0.0000,0.0000,0,0,多换,B,7122.0000,0.0000,0.0000,0.0000,0.0000,7134.0000,0.0000,0.0000,0.0000,0.0000,1,0,0,0,0,2,0,0,0,0
zc,TA212,2012-06-21 09:03:35.020,7032.0000,154,0,0.0000,0.0000,0,0,多换,B,7124.0000,0.0000,0.0000,0.0000,0.0000,7134.0000,0.0000,0.0000,0.0000,0.0000,1,0,0,0,0,2,0,0,0,0
zc,TA212,2012-06-21 09:03:36.487,7032.0000,154,0,0.0000,0.0000,0,0,多换,B,7122.0000,0.0000,0.0000,0.0000,0.0000,7134.0000,0.0000,0.0000,0.0000,0.0000,1,0,0,0,0,2,0,0,0,0
zc,TA212,2012-06-21 09:03:42.520,7032.0000,154,0,0.0000,0.0000,0,0,多换,B,7120.0000,0.0000,0.0000,0.0000,0.0000,7134.0000,0.0000,0.0000,0.0000,0.0000,1,0,0,0,0,2,0,0,0,0
zc,TA212,2012-06-21 09:03:43.533,7032.0000,154,0,0.0000,0.0000,0,0,多换,B,7122.0000,0.0000,0.0000,0.0000,0.0000,7134.0000,0.0000,0.0000,0.0000,0.0000,1,0,0,0,0,2,0,0,0,0
zc,TA212,2012-06-21 09:03:45.503,7032.0000,154,0,0.0000,0.0000,0,0,多换,B,7124.0000,0.0000,0.0000,0.0000,0.0000,7134.0000,0.0000,0.0000,0.0000,0.0000,1,0,0,0,0,2,0,0,0,0
zc,TA212,2012-06-21 09:03:48.753,7032.0000,154,0,0.0000,0.0000,0,0,多换,B,7122.0000,0.0000,0.0000,0.0000,0.0000,7134.0000,0.0000,0.0000,0.0000,0.0000,1,0,0,0,0,2,0,0,0,0
zc,TA212,2012-06-21 09:03:49.487,7032.0000,154,0,0.0000,0.0000,0,0,多换,B,7124.0000,0.0000,0.0000,0.0000,0.0000,7134.0000,0.0000,0.0000,0.0000,0.0000,1,0,0,0,0,2,0,0,0,0
zc,TA212,2012-06-21 09:03:53.550,7032.0000,154,0,0.0000,0.0000,0,0,多换,B,7122.0000,0.0000,0.0000,0.0000,0.0000,7134.0000,0.0000,0.0000,0.0000,0.0000,1,0,0,0,0,2,0,0,0,0
zc,TA212,2012-06-21 09:03:55.270,7032.0000,154,0,0.0000,0.0000,0,0,多换,B,7124.0000,0.0000,0.0000,0.0000,0.0000,7134.0000,0.0000,0.0000,0.0000,0.0000,1,0,0,0,0,2,0,0,0,0
zc,TA212,2012-06-21 09:03:56.503,7032.0000,154,0,0.0000,0.0000,0,0,多换,B,7122.0000,0.0000,0.0000,0.0000,0.0000,7134.0000,0.0000,0.0000,0.0000,0.0000,1,0,0,0,0,2,0,0,0,0
zc,TA212,2012-06-21 09:03:57.270,7032.0000,154,0,0.0000,0.0000,0,0,多换,B,7124.0000,0.0000,0.0000,0.0000,0.0000,7134.0000,0.0000,0.0000,0.0000,0.0000,1,0,0,0,0,2,0,0,0,0
zc,TA212,2012-06-21 09:03:57.487,7032.0000,154,0,0.0000,0.0000,0,0,多换,B,7122.0000,0.0000,0.0000,0.0000,0.0000,7134.0000,0.0000,0.0000,0.0000,0.0000,1,0,0,0,0,2,0,0,0,0
zc,TA212,2012-06-21 09:03:58.270,7032.0000,154,0,0.0000,0.0000,0,0,多换,B,7124.0000,0.0000,0.0000,0.0000,0.0000,7134.0000,0.0000,0.0000,0.0000,0.0000,1,0,0,0,0,2,0,0,0,0
zc,TA212,2012-06-21 09:04:01.783,7032.0000,154,0,0.0000,0.0000,0,0,多换,B,7126.0000,0.0000,0.0000,0.0000,0.0000,7134.0000,0.0000,0.0000,0.0000,0.0000,1,0,0,0,0,2,0,0,0,0
zc,TA212,2012-06-21 09:04:06.050,7032.0000,154,0,0.0000,0.0000,0,0,多换,B,7128.0000,0.0000,0.0000,0.0000,0.0000,7134.0000,0.0000,0.0000,0.0000,0.0000,1,0,0,0,0,2,0,0,0,0
zc,TA212,2012-06-21 09:04:09.770,7032.0000,154,0,0.0000,0.0000,0,0,多换,B,7126.0000,0.0000,0.0000,0.0000,0.0000,7134.0000,0.0000,0.0000,0.0000,0.0000,1,0,0,0,0,2,0,0,0,0
zc,TA212,2012-06-21 09:04:18.317,7032.0000,154,0,0.0000,0.0000,0,0,多换,B,7128.0000,0.0000,0.0000,0.0000,0.0000,7134.0000,0.0000,0.0000,0.0000,0.0000,1,0,0,0,0,2,0,0,0,0
zc,TA212,2012-06-21 09:04:21.533,7032.0000,154,0,0.0000,0.0000,0,0,多换,B,7126.0000,0.0000,0.0000,0.0000,0.0000,7134.0000,0.0000,0.0000,0.0000,0.0000,1,0,0,0,0,2,0,0,0,0
zc,TA212,2012-06-21 09:04:25.003,7032.0000,154,0,0.0000,0.0000,0,0,多换,B,7128.0000,0.0000,0.0000,0.0000,0.0000,7134.0000,0.0000,0.0000,0.0000,0.0000,1,0,0,0,0,2,0,0,0,0
zc,TA212,2012-06-21 09:04:27.487,7032.0000,154,0,0.0000,0.0000,0,0,多换,B,7128.0000,0.0000,0.0000,0.0000,0.0000,7146.0000,0.0000,0.0000,0.0000,0.0000,1,0,0,0,0,2,0,0,0,0
zc,TA212,2012-06-21 09:04:38.033,7032.0000,154,0,0.0000,0.0000,0,0,多换,B,7126.0000,0.0000,0.0000,0.0000,0.0000,7146.0000,0.0000,0.0000,0.0000,0.0000,1,0,0,0,0,2,0,0,0,0
zc,TA212,2012-06-21 09:04:38.520,7032.0000,154,0,0.0000,0.0000,0,0,多换,B,7126.0000,0.0000,0.0000,0.0000,0.0000,7144.0000,0.0000,0.0000,0.0000,0.0000,1,0,0,0,0,2,0,0,0,0
zc,TA212,2012-06-21 09:04:48.003,7032.0000,154,0,0.0000,0.0000,0,0,多换,B,7128.0000,0.0000,0.0000,0.0000,0.0000,7146.0000,0.0000,0.0000,0.0000,0.0000,1,0,0,0,0,2,0,0,0,0
zc,TA212,2012-06-21 09:04:48.533,7032.0000,154,0,0.0000,0.0000,0,0,多换,B,7126.0000,0.0000,0.0000,0.0000,0.0000,7146.0000,0.0000,0.0000,0.0000,0.0000,1,0,0,0,0,2,0,0,0,0
zc,TA212,2012-06-21 09:04:49.283,7032.0000,154,0,0.0000,0.0000,0,0,多换,B,7126.0000,0.0000,0.0000,0.0000,0.0000,7144.0000,0.0000,0.0000,0.0000,0.0000,1,0,0,0,0,1,0,0,0,0
zc,TA212,2012-06-21 09:04:50.487,7032.0000,154,0,0.0000,0.0000,0,0,多换,B,7126.0000,0.0000,0.0000,0.0000,0.0000,7144.0000,0.0000,0.0000,0.0000,0.0000,1,0,0,0,0,2,0,0,0,0
zc,TA212,2012-06-21 09:04:54.003,7032.0000,154,0,0.0000,0.0000,0,0,多换,B,7124.0000,0.0000,0.0000,0.0000,0.0000,7142.0000,0.0000,0.0000,0.0000,0.0000,1,0,0,0,0,2,0,0,0,0
zc,TA212,2012-06-21 09:04:55.237,7032.0000,154,0,0.0000,0.0000,0,0,多换,B,7124.0000,0.0000,0.0000,0.0000,0.0000,7142.0000,0.0000,0.0000,0.0000,0.0000,1,0,0,0,0,1,0,0,0,0
zc,TA212,2012-06-21 09:04:56.457,7032.0000,154,0,0.0000,0.0000,0,0,多换,B,7124.0000,0.0000,0.0000,0.0000,0.0000,7142.0000,0.0000,0.0000,0.0000,0.0000,1,0,0,0,0,2,0,0,0,0
zc,TA212,2012-06-21 09:04:57.020,7032.0000,154,0,0.0000,0.0000,0,0,多换,B,7126.0000,0.0000,0.0000,0.0000,0.0000,7144.0000,0.0000,0.0000,0.0000,0.0000,1,0,0,0,0,2,0,0,0,0
zc,TA212,2012-06-21 09:04:58.003,7032.0000,154,0,0.0000,0.0000,0,0,多换,B,7126.0000,0.0000,0.0000,0.0000,0.0000,7144.0000,0.0000,0.0000,0.0000,0.0000,1,0,0,0,0,3,0,0,0,0
zc,TA212,2012-06-21 09:05:00.533,7032.0000,154,0,0.0000,0.0000,0,0,多换,B,7124.0000,0.0000,0.0000,0.0000,0.0000,7142.0000,0.0000,0.0000,0.0000,0.0000,1,0,0,0,0,2,0,0,0,0
zc,TA212,2012-06-21 09:05:01.237,7032.0000,154,0,0.0000,0.0000,0,0,多换,B,7124.0000,0.0000,0.0000,0.0000,0.0000,7142.0000,0.0000,0.0000,0.0000,0.0000,1,0,0,0,0,3,0,0,0,0
zc,TA212,2012-06-21 09:05:03.737,7032.0000,154,0,0.0000,0.0000,0,0,多换,B,7122.0000,0.0000,0.0000,0.0000,0.0000,7140.0000,0.0000,0.0000,0.0000,0.0000,1,0,0,0,0,2,0,0,0,0
zc,TA212,2012-06-21 09:05:09.283,7032.0000,154,0,0.0000,0.0000,0,0,多换,B,7122.0000,0.0000,0.0000,0.0000,0.0000,7140.0000,0.0000,0.0000,0.0000,0.0000,1,0,0,0,0,3,0,0,0,0
zc,TA212,2012-06-21 09:05:09.753,7032.0000,154,0,0.0000,0.0000,0,0,多换,B,7120.0000,0.0000,0.0000,0.0000,0.0000,7140.0000,0.0000,0.0000,0.0000,0.0000,1,0,0,0,0,3,0,0,0,0
zc,TA212,2012-06-21 09:05:10.533,7032.0000,154,0,0.0000,0.0000,0,0,多换,B,7120.0000,0.0000,0.0000,0.0000,0.0000,7138.0000,0.0000,0.0000,0.0000,0.0000,1,0,0,0,0,3,0,0,0,0
zc,TA212,2012-06-21 09:05:14.753,7032.0000,154,0,0.0000,0.0000,0,0,多换,B,7118.0000,0.0000,0.0000,0.0000,0.0000,7138.0000,0.0000,0.0000,0.0000,0.0000,1,0,0,0,0,3,0,0,0,0
zc,TA212,2012-06-21 09:05:14.987,7032.0000,154,0,0.0000,0.0000,0,0,多换,B,7118.0000,0.0000,0.0000,0.0000,0.0000,7136.0000,0.0000,0.0000,0.0000,0.0000,1,0,0,0,0,3,0,0,0,0
zc,TA212,2012-06-21 09:05:18.300,7032.0000,154,0,0.0000,0.0000,0,0,多换,B,7118.0000,0.0000,0.0000,0.0000,0.0000,7134.0000,0.0000,0.0000,0.0000,0.0000,1,0,0,0,0,1,0,0,0,0
zc,TA212,2012-06-21 09:05:18.737,7032.0000,154,0,0.0000,0.0000,0,0,多换,B,7116.0000,0.0000,0.0000,0.0000,0.0000,7134.0000,0.0000,0.0000,0.0000,0.0000,1,0,0,0,0,2,0,0,0,0
zc,TA212,2012-06-21 09:05:19.520,7032.0000,154,0,0.0000,0.0000,0,0,多换,B,7116.0000,0.0000,0.0000,0.0000,0.0000,7134.0000,0.0000,0.0000,0.0000,0.0000,1,0,0,0,0,1,0,0,0,0
zc,TA212,2012-06-21 09:05:19.957,7032.0000,154,0,0.0000,0.0000,0,0,多换,B,7116.0000,0.0000,0.0000,0.0000,0.0000,7134.0000,0.0000,0.0000,0.0000,0.0000,1,0,0,0,0,3,0,0,0,0
zc,TA212,2012-06-21 09:05:21.753,7032.0000,154,0,0.0000,0.0000,0,0,多换,B,7114.0000,0.0000,0.0000,0.0000,0.0000,7132.0000,0.0000,0.0000,0.0000,0.0000,1,0,0,0,0,2,0,0,0,0
zc,TA212,2012-06-21 09:05:22.503,7032.0000,154,0,0.0000,0.0000,0,0,多换,B,7114.0000,0.0000,0.0000,0.0000,0.0000,7130.0000,0.0000,0.0000,0.0000,0.0000,1,0,0,0,0,1,0,0,0,0
zc,TA212,2012-06-21 09:05:24.283,7032.0000,154,0,0.0000,0.0000,0,0,多换,B,7114.0000,0.0000,0.0000,0.0000,0.0000,7128.0000,0.0000,0.0000,0.0000,0.0000,1,0,0,0,0,1,0,0,0,0
zc,TA212,2012-06-21 09:05:25.003,7032.0000,154,0,0.0000,0.0000,0,0,多换,B,7114.0000,0.0000,0.0000,0.0000,0.0000,7130.0000,0.0000,0.0000,0.0000,0.0000,1,0,0,0,0,1,0,0,0,0
zc,TA212,2012-06-21 09:05:26.283,7032.0000,154,0,0.0000,0.0000,0,0,多换,B,7112.0000,0.0000,0.0000,0.0000,0.0000,7130.0000,0.0000,0.0000,0.0000,0.0000,1,0,0,0,0,2,0,0,0,0
zc,TA212,2012-06-21 09:05:28.033,7032.0000,154,0,0.0000,0.0000,0,0,多换,B,7114.0000,0.0000,0.0000,0.0000,0.0000,7130.0000,0.0000,0.0000,0.0000,0.0000,1,0,0,0,0,1,0,0,0,0
zc,TA212,2012-06-21 09:05:29.753,7032.0000,154,0,0.0000,0.0000,0,0,多换,B,7112.0000,0.0000,0.0000,0.0000,0.0000,7130.0000,0.0000,0.0000,0.0000,0.0000,1,0,0,0,0,3,0,0,0,0
zc,TA212,2012-06-21 09:05:31.770,7032.0000,154,0,0.0000,0.0000,0,0,多换,B,7112.0000,0.0000,0.0000,0.0000,0.0000,7130.0000,0.0000,0.0000,0.0000,0.0000,1,0,0,0,0,2,0,0,0,0
zc,TA212,2012-06-21 09:05:33.503,7032.0000,154,0,0.0000,0.0000,0,0,多换,B,7114.0000,0.0000,0.0000,0.0000,0.0000,7132.0000,0.0000,0.0000,0.0000,0.0000,1,0,0,0,0,3,0,0,0,0
zc,TA212,2012-06-21 09:05:36.753,7032.0000,154,0,0.0000,0.0000,0,0,多换,B,7112.0000,0.0000,0.0000,0.0000,0.0000,7132.0000,0.0000,0.0000,0.0000,0.0000,1,0,0,0,0,2,0,0,0,0
zc,TA212,2012-06-21 09:05:37.237,7032.0000,154,0,0.0000,0.0000,0,0,多换,B,7114.0000,0.0000,0.0000,0.0000,0.0000,7132.0000,0.0000,0.0000,0.0000,0.0000,1,0,0,0,0,2,0,0,0,0
zc,TA212,2012-06-21 09:05:39.033,7032.0000,154,0,0.0000,0.0000,0,0,多换,B,7114.0000,0.0000,0.0000,0.0000,0.0000,7132.0000,0.0000,0.0000,0.0000,0.0000,1,0,0,0,0,1,0,0,0,0
zc,TA212,2012-06-21 09:05:41.520,7032.0000,154,0,0.0000,0.0000,0,0,多换,B,7114.0000,0.0000,0.0000,0.0000,0.0000,7132.0000,0.0000,0.0000,0.0000,0.0000,1,0,0,0,0,2,0,0,0,0
zc,TA212,2012-06-21 09:05:42.223,7032.0000,154,0,0.0000,0.0000,0,0,多换,B,7112.0000,0.0000,0.0000,0.0000,0.0000,7132.0000,0.0000,0.0000,0.0000,0.0000,1,0,0,0,0,2,0,0,0,0
zc,TA212,2012-06-21 09:05:42.503,7032.0000,154,0,0.0000,0.0000,0,0,多换,B,7112.0000,0.0000,0.0000,0.0000,0.0000,7130.0000,0.0000,0.0000,0.0000,0.0000,1,0,0,0,0,1,0,0,0,0
zc,TA212,2012-06-21 09:05:43.283,7032.0000,154,0,0.0000,0.0000,0,0,多换,B,7112.0000,0.0000,0.0000,0.0000,0.0000,7132.0000,0.0000,0.0000,0.0000,0.0000,1,0,0,0,0,2,0,0,0,0
zc,TA212,2012-06-21 09:05:43.770,7032.0000,154,0,0.0000,0.0000,0,0,多换,B,7112.0000,0.0000,0.0000,0.0000,0.0000,7130.0000,0.0000,0.0000,0.0000,0.0000,1,0,0,0,0,1,0,0,0,0
zc,TA212,2012-06-21 09:05:44.503,7032.0000,154,0,0.0000,0.0000,0,0,多换,B,7112.0000,0.0000,0.0000,0.0000,0.0000,7132.0000,0.0000,0.0000,0.0000,0.0000,1,0,0,0,0,3,0,0,0,0
zc,TA212,2012-06-21 09:05:44.987,7032.0000,154,0,0.0000,0.0000,0,0,多换,B,7112.0000,0.0000,0.0000,0.0000,0.0000,7132.0000,0.0000,0.0000,0.0000,0.0000,1,0,0,0,0,2,0,0,0,0
zc,TA212,2012-06-21 09:05:45.503,7032.0000,154,0,0.0000,0.0000,0,0,多换,B,7114.0000,0.0000,0.0000,0.0000,0.0000,7132.0000,0.0000,0.0000,0.0000,0.0000,1,0,0,0,0,2,0,0,0,0
zc,TA212,2012-06-21 09:05:46.283,7032.0000,154,0,0.0000,0.0000,0,0,多换,B,7112.0000,0.0000,0.0000,0.0000,0.0000,7130.0000,0.0000,0.0000,0.0000,0.0000,1,0,0,0,0,2,0,0,0,0
zc,TA212,2012-06-21 09:05:47.987,7032.0000,154,0,0.0000,0.0000,0,0,多换,B,7112.0000,0.0000,0.0000,0.0000,0.0000,7132.0000,0.0000,0.0000,0.0000,0.0000,1,0,0,0,0,3,0,0,0,0
zc,TA212,2012-06-21 09:05:48.473,7032.0000,154,0,0.0000,0.0000,0,0,多换,B,7112.0000,0.0000,0.0000,0.0000,0.0000,7130.0000,0.0000,0.0000,0.0000,0.0000,1,0,0,0,0,2,0,0,0,0
zc,TA212,2012-06-21 09:05:49.783,7032.0000,154,0,0.0000,0.0000,0,0,多换,B,7112.0000,0.0000,0.0000,0.0000,0.0000,7132.0000,0.0000,0.0000,0.0000,0.0000,1,0,0,0,0,3,0,0,0,0
zc,TA212,2012-06-21 09:05:50.520,7032.0000,154,0,0.0000,0.0000,0,0,多换,B,7112.0000,0.0000,0.0000,0.0000,0.0000,7130.0000,0.0000,0.0000,0.0000,0.0000,1,0,0,0,0,2,0,0,0,0
zc,TA212,2012-06-21 09:05:51.300,7032.0000,154,0,0.0000,0.0000,0,0,多换,B,7114.0000,0.0000,0.0000,0.0000,0.0000,7132.0000,0.0000,0.0000,0.0000,0.0000,1,0,0,0,0,2,0,0,0,0
zc,TA212,2012-06-21 09:05:51.783,7032.0000,154,0,0.0000,0.0000,0,0,多换,B,7112.0000,0.0000,0.0000,0.0000,0.0000,7130.0000,0.0000,0.0000,0.0000,0.0000,1,0,0,0,0,1,0,0,0,0
zc,TA212,2012-06-21 09:05:52.237,7032.0000,154,0,0.0000,0.0000,0,0,多换,B,7112.0000,0.0000,0.0000,0.0000,0.0000,7132.0000,0.0000,0.0000,0.0000,0.0000,1,0,0,0,0,2,0,0,0,0
zc,TA212,2012-06-21 09:05:52.753,7032.0000,154,0,0.0000,0.0000,0,0,多换,B,7112.0000,0.0000,0.0000,0.0000,0.0000,7130.0000,0.0000,0.0000,0.0000,0.0000,1,0,0,0,0,2,0,0,0,0
zc,TA212,2012-06-21 09:05:53.520,7032.0000,154,0,0.0000,0.0000,0,0,多换,B,7114.0000,0.0000,0.0000,0.0000,0.0000,7132.0000,0.0000,0.0000,0.0000,0.0000,1,0,0,0,0,2,0,0,0,0
zc,TA212,2012-06-21 09:05:55.737,7032.0000,154,0,0.0000,0.0000,0,0,多换,B,7112.0000,0.0000,0.0000,0.0000,0.0000,7132.0000,0.0000,0.0000,0.0000,0.0000,1,0,0,0,0,2,0,0,0,0
zc,TA212,2012-06-21 09:05:56.503,7032.0000,154,0,0.0000,0.0000,0,0,多换,B,7112.0000,0.0000,0.0000,0.0000,0.0000,7130.0000,0.0000,0.0000,0.0000,0.0000,1,0,0,0,0,2,0,0,0,0
zc,TA212,2012-06-21 09:05:56.753,7032.0000,154,0,0.0000,0.0000,0,0,多换,B,7112.0000,0.0000,0.0000,0.0000,0.0000,7132.0000,0.0000,0.0000,0.0000,0.0000,1,0,0,0,0,2,0,0,0,0
zc,TA212,2012-06-21 09:05:57.487,7032.0000,154,0,0.0000,0.0000,0,0,多换,B,7112.0000,0.0000,0.0000,0.0000,0.0000,7130.0000,0.0000,0.0000,0.0000,0.0000,1,0,0,0,0,1,0,0,0,0
zc,TA212,2012-06-21 09:05:57.987,7032.0000,154,0,0.0000,0.0000,0,0,多换,B,7112.0000,0.0000,0.0000,0.0000,0.0000,7132.0000,0.0000,0.0000,0.0000,0.0000,1,0,0,0,0,2,0,0,0,0
zc,TA212,2012-06-21 09:05:59.550,7032.0000,154,0,0.0000,0.0000,0,0,多换,B,7114.0000,0.0000,0.0000,0.0000,0.0000,7132.0000,0.0000,0.0000,0.0000,0.0000,1,0,0,0,0,2,0,0,0,0
zc,TA212,2012-06-21 09:06:00.033,7032.0000,154,0,0.0000,0.0000,0,0,多换,B,7112.0000,0.0000,0.0000,0.0000,0.0000,7130.0000,0.0000,0.0000,0.0000,0.0000,1,0,0,0,0,2,0,0,0,0
zc,TA212,2012-06-21 09:06:01.317,7032.0000,154,0,0.0000,0.0000,0,0,多换,B,7112.0000,0.0000,0.0000,0.0000,0.0000,7130.0000,0.0000,0.0000,0.0000,0.0000,1,0,0,0,0,3,0,0,0,0
zc,TA212,2012-06-21 09:06:01.770,7032.0000,154,0,0.0000,0.0000,0,0,多换,B,7112.0000,0.0000,0.0000,0.0000,0.0000,7130.0000,0.0000,0.0000,0.0000,0.0000,1,0,0,0,0,2,0,0,0,0
zc,TA212,2012-06-21 09:06:06.457,7032.0000,154,0,0.0000,0.0000,0,0,多换,B,7110.0000,0.0000,0.0000,0.0000,0.0000,7128.0000,0.0000,0.0000,0.0000,0.0000,1,0,0,0,0,2,0,0,0,0
zc,TA212,2012-06-21 09:06:10.737,7032.0000,154,0,0.0000,0.0000,0,0,多换,B,7108.0000,0.0000,0.0000,0.0000,0.0000,7126.0000,0.0000,0.0000,0.0000,0.0000,1,0,0,0,0,2,0,0,0,0
zc,TA212,2012-06-21 09:06:14.223,7032.0000,154,0,0.0000,0.0000,0,0,多换,B,7108.0000,0.0000,0.0000,0.0000,0.0000,7128.0000,0.0000,0.0000,0.0000,0.0000,1,0,0,0,0,2,0,0,0,0
zc,TA212,2012-06-21 09:06:14.957,7032.0000,154,0,0.0000,0.0000,0,0,多换,B,7110.0000,0.0000,0.0000,0.0000,0.0000,7128.0000,0.0000,0.0000,0.0000,0.0000,1,0,0,0,0,2,0,0,0,0
zc,TA212,2012-06-21 09:06:16.753,7032.0000,154,0,0.0000,0.0000,0,0,多换,B,7106.0000,0.0000,0.0000,0.0000,0.0000,7128.0000,0.0000,0.0000,0.0000,0.0000,1,0,0,0,0,2,0,0,0,0
zc,TA212,2012-06-21 09:06:17.487,7032.0000,154,0,0.0000,0.0000,0,0,多换,B,7110.0000,0.0000,0.0000,0.0000,0.0000,7128.0000,0.0000,0.0000,0.0000,0.0000,1,0,0,0,0,2,0,0,0,0
zc,TA212,2012-06-21 09:06:27.207,7032.0000,154,0,0.0000,0.0000,0,0,多换,B,7110.0000,0.0000,0.0000,0.0000,0.0000,7130.0000,0.0000,0.0000,0.0000,0.0000,1,0,0,0,0,2,0,0,0,0
zc,TA212,2012-06-21 09:06:28.317,7032.0000,154,0,0.0000,0.0000,0,0,多换,B,7112.0000,0.0000,0.0000,0.0000,0.0000,7130.0000,0.0000,0.0000,0.0000,0.0000,1,0,0,0,0,2,0,0,0,0
zc,TA212,2012-06-21 09:06:30.003,7032.0000,154,0,0.0000,0.0000,0,0,多换,B,7110.0000,0.0000,0.0000,0.0000,0.0000,7130.0000,0.0000,0.0000,0.0000,0.0000,1,0,0,0,0,1,0,0,0,0
zc,TA212,2012-06-21 09:06:30.723,7032.0000,154,0,0.0000,0.0000,0,0,多换,B,7112.0000,0.0000,0.0000,0.0000,0.0000,7130.0000,0.0000,0.0000,0.0000,0.0000,1,0,0,0,0,1,0,0,0,0
zc,TA212,2012-06-21 09:06:31.987,7032.0000,154,0,0.0000,0.0000,0,0,多换,B,7112.0000,0.0000,0.0000,0.0000,0.0000,7130.0000,0.0000,0.0000,0.0000,0.0000,1,0,0,0,0,2,0,0,0,0
zc,TA212,2012-06-21 09:06:33.520,7032.0000,154,0,0.0000,0.0000,0,0,多换,B,7108.0000,0.0000,0.0000,0.0000,0.0000,7126.0000,0.0000,0.0000,0.0000,0.0000,1,0,0,0,0,2,0,0,0,0
zc,TA212,2012-06-21 09:06:34.237,7032.0000,154,0,0.0000,0.0000,0,0,多换,B,7108.0000,0.0000,0.0000,0.0000,0.0000,7130.0000,0.0000,0.0000,0.0000,0.0000,1,0,0,0,0,2,0,0,0,0
zc,TA212,2012-06-21 09:06:34.770,7032.0000,154,0,0.0000,0.0000,0,0,多换,B,7110.0000,0.0000,0.0000,0.0000,0.0000,7130.0000,0.0000,0.0000,0.0000,0.0000,1,0,0,0,0,2,0,0,0,0
zc,TA212,2012-06-21 09:06:36.533,7032.0000,154,0,0.0000,0.0000,0,0,多换,B,7114.0000,0.0000,0.0000,0.0000,0.0000,7132.0000,0.0000,0.0000,0.0000,0.0000,1,0,0,0,0,2,0,0,0,0
zc,TA212,2012-06-21 09:06:44.237,7032.0000,154,0,0.0000,0.0000,0,0,多换,B,7112.0000,0.0000,0.0000,0.0000,0.0000,7130.0000,0.0000,0.0000,0.0000,0.0000,1,0,0,0,0,2,0,0,0,0
zc,TA212,2012-06-21 09:06:47.973,7032.0000,154,0,0.0000,0.0000,0,0,多换,B,7114.0000,0.0000,0.0000,0.0000,0.0000,7132.0000,0.0000,0.0000,0.0000,0.0000,1,0,0,0,0,2,0,0,0,0
zc,TA212,2012-06-21 09:06:53.503,7032.0000,154,0,0.0000,0.0000,0,0,多换,B,7112.0000,0.0000,0.0000,0.0000,0.0000,7132.0000,0.0000,0.0000,0.0000,0.0000,1,0,0,0,0,2,0,0,0,0
zc,TA212,2012-06-21 09:06:55.550,7032.0000,154,0,0.0000,0.0000,0,0,多换,B,7114.0000,0.0000,0.0000,0.0000,0.0000,7132.0000,0.0000,0.0000,0.0000,0.0000,1,0,0,0,0,2,0,0,0,0
zc,TA212,2012-06-21 09:06:56.770,7032.0000,154,0,0.0000,0.0000,0,0,多换,B,7116.0000,0.0000,0.0000,0.0000,0.0000,7132.0000,0.0000,0.0000,0.0000,0.0000,2,0,0,0,0,2,0,0,0,0
zc,TA212,2012-06-21 09:06:59.783,7032.0000,154,0,0.0000,0.0000,0,0,多换,B,7116.0000,0.0000,0.0000,0.0000,0.0000,7130.0000,0.0000,0.0000,0.0000,0.0000,2,0,0,0,0,2,0,0,0,0
zc,TA212,2012-06-21 09:07:00.253,7032.0000,154,0,0.0000,0.0000,0,0,多换,B,7116.0000,0.0000,0.0000,0.0000,0.0000,7134.0000,0.0000,0.0000,0.0000,0.0000,2,0,0,0,0,3,0,0,0,0
zc,TA212,2012-06-21 09:07:01.237,7032.0000,154,0,0.0000,0.0000,0,0,多换,B,7116.0000,0.0000,0.0000,0.0000,0.0000,7130.0000,0.0000,0.0000,0.0000,0.0000,2,0,0,0,0,1,0,0,0,0
zc,TA212,2012-06-21 09:07:02.223,7032.0000,154,0,0.0000,0.0000,0,0,多换,B,7116.0000,0.0000,0.0000,0.0000,0.0000,7130.0000,0.0000,0.0000,0.0000,0.0000,2,0,0,0,0,2,0,0,0,0
zc,TA212,2012-06-21 09:07:14.503,7032.0000,154,0,0.0000,0.0000,0,0,多换,B,7116.0000,0.0000,0.0000,0.0000,0.0000,7130.0000,0.0000,0.0000,0.0000,0.0000,2,0,0,0,0,1,0,0,0,0
zc,TA212,2012-06-21 09:07:15.033,7032.0000,154,0,0.0000,0.0000,0,0,多换,B,7116.0000,0.0000,0.0000,0.0000,0.0000,7130.0000,0.0000,0.0000,0.0000,0.0000,2,0,0,0,0,2,0,0,0,0
zc,TA212,2012-06-21 09:07:15.753,7032.0000,154,0,0.0000,0.0000,0,0,多换,B,7116.0000,0.0000,0.0000,0.0000,0.0000,7132.0000,0.0000,0.0000,0.0000,0.0000,2,0,0,0,0,2,0,0,0,0
zc,TA212,2012-06-21 09:07:16.473,7032.0000,154,0,0.0000,0.0000,0,0,多换,B,7116.0000,0.0000,0.0000,0.0000,0.0000,7130.0000,0.0000,0.0000,0.0000,0.0000,2,0,0,0,0,2,0,0,0,0
zc,TA212,2012-06-21 09:07:16.770,7032.0000,154,0,0.0000,0.0000,0,0,多换,B,7116.0000,0.0000,0.0000,0.0000,0.0000,7132.0000,0.0000,0.0000,0.0000,0.0000,2,0,0,0,0,2,0,0,0,0
zc,TA212,2012-06-21 09:07:20.987,7032.0000,154,0,0.0000,0.0000,0,0,多换,B,7116.0000,0.0000,0.0000,0.0000,0.0000,7134.0000,0.0000,0.0000,0.0000,0.0000,3,0,0,0,0,2,0,0,0,0
zc,TA212,2012-06-21 09:07:25.033,7032.0000,154,0,0.0000,0.0000,0,0,多换,B,7118.0000,0.0000,0.0000,0.0000,0.0000,7136.0000,0.0000,0.0000,0.0000,0.0000,1,0,0,0,0,3,0,0,0,0
zc,TA212,2012-06-21 09:07:27.550,7032.0000,154,0,0.0000,0.0000,0,0,多换,B,7116.0000,0.0000,0.0000,0.0000,0.0000,7136.0000,0.0000,0.0000,0.0000,0.0000,3,0,0,0,0,2,0,0,0,0
zc,TA212,2012-06-21 09:07:28.270,7032.0000,154,0,0.0000,0.0000,0,0,多换,B,7118.0000,0.0000,0.0000,0.0000,0.0000,7136.0000,0.0000,0.0000,0.0000,0.0000,1,0,0,0,0,2,0,0,0,0
zc,TA212,2012-06-21 09:07:28.753,7032.0000,154,0,0.0000,0.0000,0,0,多换,B,7116.0000,0.0000,0.0000,0.0000,0.0000,7136.0000,0.0000,0.0000,0.0000,0.0000,3,0,0,0,0,2,0,0,0,0
zc,TA212,2012-06-21 09:07:29.253,7032.0000,154,0,0.0000,0.0000,0,0,多换,B,7118.0000,0.0000,0.0000,0.0000,0.0000,7138.0000,0.0000,0.0000,0.0000,0.0000,1,0,0,0,0,2,0,0,0,0
zc,TA212,2012-06-21 09:07:30.003,7032.0000,154,0,0.0000,0.0000,0,0,多换,B,7120.0000,0.0000,0.0000,0.0000,0.0000,7138.0000,0.0000,0.0000,0.0000,0.0000,1,0,0,0,0,2,0,0,0,0
zc,TA212,2012-06-21 09:07:31.317,7032.0000,154,0,0.0000,0.0000,0,0,多换,B,7122.0000,0.0000,0.0000,0.0000,0.0000,7140.0000,0.0000,0.0000,0.0000,0.0000,1,0,0,0,0,2,0,0,0,0
zc,TA212,2012-06-21 09:07:34.520,7032.0000,154,0,0.0000,0.0000,0,0,多换,B,7122.0000,0.0000,0.0000,0.0000,0.0000,7140.0000,0.0000,0.0000,0.0000,0.0000,1,0,0,0,0,3,0,0,0,0
zc,TA212,2012-06-21 09:07:35.723,7032.0000,154,0,0.0000,0.0000,0,0,多换,B,7120.0000,0.0000,0.0000,0.0000,0.0000,7138.0000,0.0000,0.0000,0.0000,0.0000,1,0,0,0,0,1,0,0,0,0
zc,TA212,2012-06-21 09:07:36.987,7032.0000,154,0,0.0000,0.0000,0,0,多换,B,7120.0000,0.0000,0.0000,0.0000,0.0000,7138.0000,0.0000,0.0000,0.0000,0.0000,1,0,0,0,0,2,0,0,0,0
zc,TA212,2012-06-21 09:07:37.737,7032.0000,154,0,0.0000,0.0000,0,0,多换,B,7122.0000,0.0000,0.0000,0.0000,0.0000,7140.0000,0.0000,0.0000,0.0000,0.0000,1,0,0,0,0,3,0,0,0,0
zc,TA212,2012-06-21 09:07:38.770,7032.0000,154,0,0.0000,0.0000,0,0,多换,B,7118.0000,0.0000,0.0000,0.0000,0.0000,7138.0000,0.0000,0.0000,0.0000,0.0000,1,0,0,0,0,1,0,0,0,0
zc,TA212,2012-06-21 09:07:39.253,7032.0000,154,0,0.0000,0.0000,0,0,多换,B,7118.0000,0.0000,0.0000,0.0000,0.0000,7138.0000,0.0000,0.0000,0.0000,0.0000,1,0,0,0,0,3,0,0,0,0
zc,TA212,2012-06-21 09:07:39.987,7032.0000,154,0,0.0000,0.0000,0,0,多换,B,7120.0000,0.0000,0.0000,0.0000,0.0000,7138.0000,0.0000,0.0000,0.0000,0.0000,1,0,0,0,0,2,0,0,0,0
zc,TA212,2012-06-21 09:07:43.520,7032.0000,154,0,0.0000,0.0000,0,0,多换,B,7118.0000,0.0000,0.0000,0.0000,0.0000,7138.0000,0.0000,0.0000,0.0000,0.0000,1,0,0,0,0,2,0,0,0,0
zc,TA212,2012-06-21 09:07:44.770,7032.0000,154,0,0.0000,0.0000,0,0,多换,B,7120.0000,0.0000,0.0000,0.0000,0.0000,7138.0000,0.0000,0.0000,0.0000,0.0000,1,0,0,0,0,2,0,0,0,0
zc,TA212,2012-06-21 09:07:49.533,7032.0000,154,0,0.0000,0.0000,0,0,多换,B,7122.0000,0.0000,0.0000,0.0000,0.0000,7140.0000,0.0000,0.0000,0.0000,0.0000,1,0,0,0,0,2,0,0,0,0
zc,TA212,2012-06-21 09:07:51.770,7032.0000,154,0,0.0000,0.0000,0,0,多换,B,7120.0000,0.0000,0.0000,0.0000,0.0000,7140.0000,0.0000,0.0000,0.0000,0.0000,1,0,0,0,0,2,0,0,0,0
zc,TA212,2012-06-21 09:07:52.270,7032.0000,154,0,0.0000,0.0000,0,0,多换,B,7120.0000,0.0000,0.0000,0.0000,0.0000,7138.0000,0.0000,0.0000,0.0000,0.0000,1,0,0,0,0,2,0,0,0,0
zc,TA212,2012-06-21 09:07:53.067,7032.0000,154,0,0.0000,0.0000,0,0,多换,B,7120.0000,0.0000,0.0000,0.0000,0.0000,7140.0000,0.0000,0.0000,0.0000,0.0000,1,0,0,0,0,2,0,0,0,0
zc,TA212,2012-06-21 09:07:53.473,7032.0000,154,0,0.0000,0.0000,0,0,多换,B,7122.0000,0.0000,0.0000,0.0000,0.0000,7140.0000,0.0000,0.0000,0.0000,0.0000,1,0,0,0,0,2,0,0,0,0
zc,TA212,2012-06-21 09:07:59.457,7032.0000,154,0,0.0000,0.0000,0,0,多换,B,7124.0000,0.0000,0.0000,0.0000,0.0000,7142.0000,0.0000,0.0000,0.0000,0.0000,1,0,0,0,0,2,0,0,0,0
zc,TA212,2012-06-21 09:08:04.003,7032.0000,154,0,0.0000,0.0000,0,0,多换,B,7124.0000,0.0000,0.0000,0.0000,0.0000,7142.0000,0.0000,0.0000,0.0000,0.0000,1,0,0,0,0,3,0,0,0,0
zc,TA212,2012-06-21 09:08:05.520,7032.0000,154,0,0.0000,0.0000,0,0,多换,B,7126.0000,0.0000,0.0000,0.0000,0.0000,7142.0000,0.0000,0.0000,0.0000,0.0000,2,0,0,0,0,2,0,0,0,0
zc,TA212,2012-06-21 09:08:08.020,7032.0000,154,0,0.0000,0.0000,0,0,多换,B,7126.0000,0.0000,0.0000,0.0000,0.0000,7138.0000,0.0000,0.0000,0.0000,0.0000,2,0,0,0,0,2,0,0,0,0
zc,TA212,2012-06-21 09:08:08.520,7032.0000,154,0,0.0000,0.0000,0,0,多换,B,7126.0000,0.0000,0.0000,0.0000,0.0000,7140.0000,0.0000,0.0000,0.0000,0.0000,2,0,0,0,0,2,0,0,0,0
zc,TA212,2012-06-21 09:08:10.237,7032.0000,154,0,0.0000,0.0000,0,0,多换,B,7126.0000,0.0000,0.0000,0.0000,0.0000,7142.0000,0.0000,0.0000,0.0000,0.0000,2,0,0,0,0,2,0,0,0,0
zc,TA212,2012-06-21 09:08:12.050,7032.0000,154,0,0.0000,0.0000,0,0,多换,B,7126.0000,0.0000,0.0000,0.0000,0.0000,7144.0000,0.0000,0.0000,0.0000,0.0000,2,0,0,0,0,3,0,0,0,0
zc,TA212,2012-06-21 09:08:12.567,7032.0000,154,0,0.0000,0.0000,0,0,多换,B,7126.0000,0.0000,0.0000,0.0000,0.0000,7142.0000,0.0000,0.0000,0.0000,0.0000,2,0,0,0,0,3,0,0,0,0
zc,TA212,2012-06-21 09:08:18.753,7032.0000,154,0,0.0000,0.0000,0,0,多换,B,7126.0000,0.0000,0.0000,0.0000,0.0000,7144.0000,0.0000,0.0000,0.0000,0.0000,3,0,0,0,0,3,0,0,0,0
zc,TA212,2012-06-21 09:08:19.520,7032.0000,154,0,0.0000,0.0000,0,0,多换,B,7126.0000,0.0000,0.0000,0.0000,0.0000,7144.0000,0.0000,0.0000,0.0000,0.0000,2,0,0,0,0,3,0,0,0,0
zc,TA212,2012-06-21 09:08:20.050,7032.0000,154,0,0.0000,0.0000,0,0,多换,B,7126.0000,0.0000,0.0000,0.0000,0.0000,7142.0000,0.0000,0.0000,0.0000,0.0000,2,0,0,0,0,2,0,0,0,0
zc,TA212,2012-06-21 09:08:21.300,7032.0000,154,0,0.0000,0.0000,0,0,多换,B,7126.0000,0.0000,0.0000,0.0000,0.0000,7142.0000,0.0000,0.0000,0.0000,0.0000,2,0,0,0,0,3,0,0,0,0
zc,TA212,2012-06-21 09:08:23.520,7032.0000,154,0,0.0000,0.0000,0,0,多换,B,7126.0000,0.0000,0.0000,0.0000,0.0000,7142.0000,0.0000,0.0000,0.0000,0.0000,2,0,0,0,0,2,0,0,0,0
zc,TA212,2012-06-21 09:08:28.270,7032.0000,154,0,0.0000,0.0000,0,0,多换,B,7126.0000,0.0000,0.0000,0.0000,0.0000,7140.0000,0.0000,0.0000,0.0000,0.0000,2,0,0,0,0,2,0,0,0,0
zc,TA212,2012-06-21 09:08:29.503,7032.0000,154,0,0.0000,0.0000,0,0,多换,B,7126.0000,0.0000,0.0000,0.0000,0.0000,7142.0000,0.0000,0.0000,0.0000,0.0000,2,0,0,0,0,2,0,0,0,0
zc,TA212,2012-06-21 09:08:41.237,7032.0000,154,0,0.0000,0.0000,0,0,多换,B,7126.0000,0.0000,0.0000,0.0000,0.0000,7144.0000,0.0000,0.0000,0.0000,0.0000,3,0,0,0,0,2,0,0,0,0
zc,TA212,2012-06-21 09:08:41.770,7032.0000,154,0,0.0000,0.0000,0,0,多换,B,7126.0000,0.0000,0.0000,0.0000,0.0000,7142.0000,0.0000,0.0000,0.0000,0.0000,2,0,0,0,0,1,0,0,0,0
zc,TA212,2012-06-21 09:08:42.253,7032.0000,154,0,0.0000,0.0000,0,0,多换,B,7126.0000,0.0000,0.0000,0.0000,0.0000,7144.0000,0.0000,0.0000,0.0000,0.0000,3,0,0,0,0,2,0,0,0,0
zc,TA212,2012-06-21 09:08:44.770,7032.0000,154,0,0.0000,0.0000,0,0,多换,B,7126.0000,0.0000,0.0000,0.0000,0.0000,7144.0000,0.0000,0.0000,0.0000,0.0000,2,0,0,0,0,2,0,0,0,0
zc,TA212,2012-06-21 09:08:47.237,7032.0000,154,0,0.0000,0.0000,0,0,多换,B,7126.0000,0.0000,0.0000,0.0000,0.0000,7144.0000,0.0000,0.0000,0.0000,0.0000,3,0,0,0,0,2,0,0,0,0
zc,TA212,2012-06-21 09:08:50.003,7032.0000,154,0,0.0000,0.0000,0,0,多换,B,7126.0000,0.0000,0.0000,0.0000,0.0000,7144.0000,0.0000,0.0000,0.0000,0.0000,2,0,0,0,0,2,0,0,0,0
zc,TA212,2012-06-21 09:08:50.973,7032.0000,154,0,0.0000,0.0000,0,0,多换,B,7126.0000,0.0000,0.0000,0.0000,0.0000,7142.0000,0.0000,0.0000,0.0000,0.0000,2,0,0,0,0,2,0,0,0,0
zc,TA212,2012-06-21 09:08:53.253,7032.0000,154,0,0.0000,0.0000,0,0,多换,B,7126.0000,0.0000,0.0000,0.0000,0.0000,7142.0000,0.0000,0.0000,0.0000,0.0000,2,0,0,0,0,1,0,0,0,0
zc,TA212,2012-06-21 09:08:54.487,7032.0000,154,0,0.0000,0.0000,0,0,多换,B,7126.0000,0.0000,0.0000,0.0000,0.0000,7144.0000,0.0000,0.0000,0.0000,0.0000,3,0,0,0,0,2,0,0,0,0
zc,TA212,2012-06-21 09:09:02.770,7032.0000,154,0,0.0000,0.0000,0,0,多换,B,7126.0000,0.0000,0.0000,0.0000,0.0000,7146.0000,0.0000,0.0000,0.0000,0.0000,3,0,0,0,0,2,0,0,0,0
zc,TA212,2012-06-21 09:09:03.253,7032.0000,154,0,0.0000,0.0000,0,0,多换,B,7128.0000,0.0000,0.0000,0.0000,0.0000,7146.0000,0.0000,0.0000,0.0000,0.0000,1,0,0,0,0,2,0,0,0,0
zc,TA212,2012-06-21 09:09:07.020,7032.0000,154,0,0.0000,0.0000,0,0,多换,B,7130.0000,0.0000,0.0000,0.0000,0.0000,7148.0000,0.0000,0.0000,0.0000,0.0000,1,0,0,0,0,2,0,0,0,0
zc,TA212,2012-06-21 09:09:09.770,7032.0000,154,0,0.0000,0.0000,0,0,多换,B,7128.0000,0.0000,0.0000,0.0000,0.0000,7148.0000,0.0000,0.0000,0.0000,0.0000,1,0,0,0,0,2,0,0,0,0
zc,TA212,2012-06-21 09:09:12.020,7032.0000,154,0,0.0000,0.0000,0,0,多换,B,7128.0000,0.0000,0.0000,0.0000,0.0000,7146.0000,0.0000,0.0000,0.0000,0.0000,1,0,0,0,0,2,0,0,0,0
zc,TA212,2012-06-21 09:09:12.237,7032.0000,154,0,0.0000,0.0000,0,0,多换,B,7128.0000,0.0000,0.0000,0.0000,0.0000,7148.0000,0.0000,0.0000,0.0000,0.0000,1,0,0,0,0,2,0,0,0,0
zc,TA212,2012-06-21 09:09:13.033,7032.0000,154,0,0.0000,0.0000,0,0,多换,B,7128.0000,0.0000,0.0000,0.0000,0.0000,7146.0000,0.0000,0.0000,0.0000,0.0000,1,0,0,0,0,1,0,0,0,0
zc,TA212,2012-06-21 09:09:14.033,7032.0000,154,0,0.0000,0.0000,0,0,多换,B,7130.0000,0.0000,0.0000,0.0000,0.0000,7148.0000,0.0000,0.0000,0.0000,0.0000,1,0,0,0,0,2,0,0,0,0
zc,TA212,2012-06-21 09:09:15.237,7032.0000,154,0,0.0000,0.0000,0,0,多换,B,7128.0000,0.0000,0.0000,0.0000,0.0000,7146.0000,0.0000,0.0000,0.0000,0.0000,1,0,0,0,0,2,0,0,0,0
zc,TA212,2012-06-21 09:09:18.223,7032.0000,154,0,0.0000,0.0000,0,0,多换,B,7130.0000,0.0000,0.0000,0.0000,0.0000,7148.0000,0.0000,0.0000,0.0000,0.0000,1,0,0,0,0,2,0,0,0,0
zc,TA212,2012-06-21 09:09:20.020,7032.0000,154,0,0.0000,0.0000,0,0,多换,B,7132.0000,0.0000,0.0000,0.0000,0.0000,7150.0000,0.0000,0.0000,0.0000,0.0000,1,0,0,0,0,2,0,0,0,0
zc,TA212,2012-06-21 09:09:26.237,7032.0000,154,0,0.0000,0.0000,0,0,多换,B,7134.0000,0.0000,0.0000,0.0000,0.0000,7152.0000,0.0000,0.0000,0.0000,0.0000,1,0,0,0,0,2,0,0,0,0
zc,TA212,2012-06-21 09:09:28.550,7032.0000,154,0,0.0000,0.0000,0,0,多换,B,7136.0000,0.0000,0.0000,0.0000,0.0000,7154.0000,0.0000,0.0000,0.0000,0.0000,1,0,0,0,0,2,0,0,0,0
zc,TA212,2012-06-21 09:09:29.753,7032.0000,154,0,0.0000,0.0000,0,0,多换,B,7134.0000,0.0000,0.0000,0.0000,0.0000,7152.0000,0.0000,0.0000,0.0000,0.0000,1,0,0,0,0,1,0,0,0,0
zc,TA212,2012-06-21 09:09:30.223,7032.0000,154,0,0.0000,0.0000,0,0,多换,B,7134.0000,0.0000,0.0000,0.0000,0.0000,7154.0000,0.0000,0.0000,0.0000,0.0000,1,0,0,0,0,2,0,0,0,0
zc,TA212,2012-06-21 09:09:30.783,7032.0000,154,0,0.0000,0.0000,0,0,多换,B,7136.0000,0.0000,0.0000,0.0000,0.0000,7154.0000,0.0000,0.0000,0.0000,0.0000,1,0,0,0,0,2,0,0,0,0
zc,TA212,2012-06-21 09:09:32.270,7136.0000,154,0,0.0000,4.0000,2,2,多换,B,7134.0000,0.0000,0.0000,0.0000,0.0000,7154.0000,0.0000,0.0000,0.0000,0.0000,1,0,0,0,0,2,0,0,0,0
zc,TA212,2012-06-21 09:09:39.223,7136.0000,154,0,0.0000,0.0000,0,0,多换,B,7134.0000,0.0000,0.0000,0.0000,0.0000,7156.0000,0.0000,0.0000,0.0000,0.0000,1,0,0,0,0,2,0,0,0,0
zc,TA212,2012-06-21 09:09:41.003,7136.0000,154,0,0.0000,0.0000,0,0,多换,B,7134.0000,0.0000,0.0000,0.0000,0.0000,7154.0000,0.0000,0.0000,0.0000,0.0000,1,0,0,0,0,2,0,0,0,0
zc,TA212,2012-06-21 09:09:44.003,7136.0000,154,0,0.0000,0.0000,0,0,多换,B,7132.0000,0.0000,0.0000,0.0000,0.0000,7152.0000,0.0000,0.0000,0.0000,0.0000,1,0,0,0,0,2,0,0,0,0
zc,TA212,2012-06-21 09:09:51.270,7136.0000,154,0,0.0000,0.0000,0,0,多换,B,7130.0000,0.0000,0.0000,0.0000,0.0000,7150.0000,0.0000,0.0000,0.0000,0.0000,1,0,0,0,0,2,0,0,0,0
zc,TA212,2012-06-21 09:09:51.753,7136.0000,154,0,0.0000,0.0000,0,0,多换,B,7132.0000,0.0000,0.0000,0.0000,0.0000,7152.0000,0.0000,0.0000,0.0000,0.0000,1,0,0,0,0,2,0,0,0,0
zc,TA212,2012-06-21 09:09:54.270,7152.0000,150,-4,0.0000,4.0000,0,4,双平,B,7132.0000,0.0000,0.0000,0.0000,0.0000,7152.0000,0.0000,0.0000,0.0000,0.0000,1,0,0,0,0,1,0,0,0,0
zc,TA212,2012-06-21 09:09:56.020,7152.0000,150,0,0.0000,0.0000,0,0,多换,B,7130.0000,0.0000,0.0000,0.0000,0.0000,7150.0000,0.0000,0.0000,0.0000,0.0000,1,0,0,0,0,1,0,0,0,0
zc,TA212,2012-06-21 09:09:56.753,7152.0000,150,0,0.0000,0.0000,0,0,多换,B,7130.0000,0.0000,0.0000,0.0000,0.0000,7152.0000,0.0000,0.0000,0.0000,0.0000,1,0,0,0,0,1,0,0,0,0
zc,TA212,2012-06-21 09:09:57.003,7152.0000,150,0,0.0000,0.0000,0,0,多换,B,7132.0000,0.0000,0.0000,0.0000,0.0000,7152.0000,0.0000,0.0000,0.0000,0.0000,1,0,0,0,0,1,0,0,0,0
zc,TA212,2012-06-21 09:09:59.473,7152.0000,150,0,0.0000,0.0000,0,0,多换,B,7130.0000,0.0000,0.0000,0.0000,0.0000,7150.0000,0.0000,0.0000,0.0000,0.0000,1,0,0,0,0,1,0,0,0,0
zc,TA212,2012-06-21 09:10:10.487,7152.0000,150,0,0.0000,0.0000,0,0,多换,B,7128.0000,0.0000,0.0000,0.0000,0.0000,7150.0000,0.0000,0.0000,0.0000,0.0000,1,0,0,0,0,1,0,0,0,0
zc,TA212,2012-06-21 09:10:11.737,7152.0000,150,0,0.0000,0.0000,0,0,多换,B,7128.0000,0.0000,0.0000,0.0000,0.0000,7148.0000,0.0000,0.0000,0.0000,0.0000,1,0,0,0,0,1,0,0,0,0
zc,TA212,2012-06-21 09:10:15.737,7152.0000,150,0,0.0000,0.0000,0,0,多换,B,7130.0000,0.0000,0.0000,0.0000,0.0000,7150.0000,0.0000,0.0000,0.0000,0.0000,1,0,0,0,0,1,0,0,0,0
zc,TA212,2012-06-21 09:10:16.487,7152.0000,150,0,0.0000,0.0000,0,0,多换,B,7128.0000,0.0000,0.0000,0.0000,0.0000,7148.0000,0.0000,0.0000,0.0000,0.0000,1,0,0,0,0,1,0,0,0,0
zc,TA212,2012-06-21 09:10:20.957,7152.0000,150,0,0.0000,0.0000,0,0,多换,B,7128.0000,0.0000,0.0000,0.0000,0.0000,7150.0000,0.0000,0.0000,0.0000,0.0000,1,0,0,0,0,1,0,0,0,0
zc,TA212,2012-06-21 09:10:21.973,7152.0000,150,0,0.0000,0.0000,0,0,多换,B,7130.0000,0.0000,0.0000,0.0000,0.0000,7150.0000,0.0000,0.0000,0.0000,0.0000,2,0,0,0,0,1,0,0,0,0
zc,TA212,2012-06-21 09:10:23.237,7152.0000,150,0,0.0000,0.0000,0,0,多换,B,7130.0000,0.0000,0.0000,0.0000,0.0000,7148.0000,0.0000,0.0000,0.0000,0.0000,2,0,0,0,0,1,0,0,0,0
zc,TA212,2012-06-21 09:10:23.753,7152.0000,150,0,0.0000,0.0000,0,0,多换,B,7132.0000,0.0000,0.0000,0.0000,0.0000,7150.0000,0.0000,0.0000,0.0000,0.0000,2,0,0,0,0,1,0,0,0,0
zc,TA212,2012-06-21 09:10:24.973,7152.0000,150,0,0.0000,0.0000,0,0,多换,B,7134.0000,0.0000,0.0000,0.0000,0.0000,7150.0000,0.0000,0.0000,0.0000,0.0000,1,0,0,0,0,1,0,0,0,0
zc,TA212,2012-06-21 09:10:50.973,7152.0000,150,0,0.0000,0.0000,0,0,多换,B,7132.0000,0.0000,0.0000,0.0000,0.0000,7148.0000,0.0000,0.0000,0.0000,0.0000,1,0,0,0,0,1,0,0,0,0
zc,TA212,2012-06-21 09:11:15.223,7152.0000,150,0,0.0000,0.0000,0,0,多换,B,7132.0000,0.0000,0.0000,0.0000,0.0000,7150.0000,0.0000,0.0000,0.0000,0.0000,1,0,0,0,0,1,0,0,0,0
zc,TA212,2012-06-21 09:11:15.723,7152.0000,150,0,0.0000,0.0000,0,0,多换,B,7134.0000,0.0000,0.0000,0.0000,0.0000,7150.0000,0.0000,0.0000,0.0000,0.0000,1,0,0,0,0,1,0,0,0,0
zc,TA212,2012-06-21 09:11:17.473,7152.0000,150,0,0.0000,0.0000,0,0,多换,B,7132.0000,0.0000,0.0000,0.0000,0.0000,7148.0000,0.0000,0.0000,0.0000,0.0000,1,0,0,0,0,1,0,0,0,0
zc,TA212,2012-06-21 09:11:18.253,7152.0000,150,0,0.0000,0.0000,0,0,多换,B,7134.0000,0.0000,0.0000,0.0000,0.0000,7150.0000,0.0000,0.0000,0.0000,0.0000,1,0,0,0,0,1,0,0,0,0
zc,TA212,2012-06-21 09:11:21.753,7152.0000,150,0,0.0000,0.0000,0,0,多换,B,7134.0000,0.0000,0.0000,0.0000,0.0000,7152.0000,0.0000,0.0000,0.0000,0.0000,1,0,0,0,0,1,0,0,0,0
zc,TA212,2012-06-21 09:11:22.237,7152.0000,150,0,0.0000,0.0000,0,0,多换,B,7136.0000,0.0000,0.0000,0.0000,0.0000,7152.0000,0.0000,0.0000,0.0000,0.0000,1,0,0,0,0,1,0,0,0,0
zc,TA212,2012-06-21 09:11:23.473,7152.0000,150,0,0.0000,0.0000,0,0,多换,B,7134.0000,0.0000,0.0000,0.0000,0.0000,7152.0000,0.0000,0.0000,0.0000,0.0000,1,0,0,0,0,1,0,0,0,0
zc,TA212,2012-06-21 09:11:25.283,7152.0000,150,0,0.0000,0.0000,0,0,多换,B,7136.0000,0.0000,0.0000,0.0000,0.0000,7152.0000,0.0000,0.0000,0.0000,0.0000,1,0,0,0,0,1,0,0,0,0
zc,TA212,2012-06-21 09:11:28.723,7152.0000,150,0,0.0000,0.0000,0,0,多换,B,7134.0000,0.0000,0.0000,0.0000,0.0000,7150.0000,0.0000,0.0000,0.0000,0.0000,1,0,0,0,0,1,0,0,0,0
zc,TA212,2012-06-21 09:11:29.487,7152.0000,150,0,0.0000,0.0000,0,0,多换,B,7136.0000,0.0000,0.0000,0.0000,0.0000,7152.0000,0.0000,0.0000,0.0000,0.0000,1,0,0,0,0,1,0,0,0,0
zc,TA212,2012-06-21 09:11:30.737,7152.0000,150,0,0.0000,0.0000,0,0,多换,B,7134.0000,0.0000,0.0000,0.0000,0.0000,7152.0000,0.0000,0.0000,0.0000,0.0000,1,0,0,0,0,1,0,0,0,0
zc,TA212,2012-06-21 09:11:31.533,7152.0000,150,0,0.0000,0.0000,0,0,多换,B,7136.0000,0.0000,0.0000,0.0000,0.0000,7152.0000,0.0000,0.0000,0.0000,0.0000,1,0,0,0,0,1,0,0,0,0
zc,TA212,2012-06-21 09:11:33.737,7152.0000,150,0,0.0000,0.0000,0,0,多换,B,7134.0000,0.0000,0.0000,0.0000,0.0000,7150.0000,0.0000,0.0000,0.0000,0.0000,1,0,0,0,0,1,0,0,0,0
zc,TA212,2012-06-21 09:11:39.753,7152.0000,150,0,0.0000,0.0000,0,0,多换,B,7134.0000,0.0000,0.0000,0.0000,0.0000,7152.0000,0.0000,0.0000,0.0000,0.0000,1,0,0,0,0,1,0,0,0,0
zc,TA212,2012-06-21 09:11:40.770,7152.0000,150,0,0.0000,0.0000,0,0,多换,B,7136.0000,0.0000,0.0000,0.0000,0.0000,7152.0000,0.0000,0.0000,0.0000,0.0000,1,0,0,0,0,1,0,0,0,0
zc,TA212,2012-06-21 09:11:42.003,7152.0000,150,0,0.0000,0.0000,0,0,多换,B,7134.0000,0.0000,0.0000,0.0000,0.0000,7152.0000,0.0000,0.0000,0.0000,0.0000,1,0,0,0,0,1,0,0,0,0
zc,TA212,2012-06-21 09:11:43.753,7152.0000,150,0,0.0000,0.0000,0,0,多换,B,7134.0000,0.0000,0.0000,0.0000,0.0000,7150.0000,0.0000,0.0000,0.0000,0.0000,1,0,0,0,0,1,0,0,0,0
zc,TA212,2012-06-21 09:11:45.800,7152.0000,150,0,0.0000,0.0000,0,0,多换,B,7134.0000,0.0000,0.0000,0.0000,0.0000,7152.0000,0.0000,0.0000,0.0000,0.0000,1,0,0,0,0,1,0,0,0,0
zc,TA212,2012-06-21 09:11:51.270,7152.0000,150,0,0.0000,0.0000,0,0,多换,B,7136.0000,0.0000,0.0000,0.0000,0.0000,7152.0000,0.0000,0.0000,0.0000,0.0000,1,0,0,0,0,1,0,0,0,0
zc,TA212,2012-06-21 09:11:55.270,7152.0000,150,0,0.0000,0.0000,0,0,多换,B,7134.0000,0.0000,0.0000,0.0000,0.0000,7150.0000,0.0000,0.0000,0.0000,0.0000,1,0,0,0,0,1,0,0,0,0
zc,TA212,2012-06-21 09:11:57.237,7152.0000,150,0,0.0000,0.0000,0,0,多换,B,7136.0000,0.0000,0.0000,0.0000,0.0000,7152.0000,0.0000,0.0000,0.0000,0.0000,1,0,0,0,0,1,0,0,0,0
zc,TA212,2012-06-21 09:11:59.003,7152.0000,150,0,0.0000,0.0000,0,0,多换,B,7134.0000,0.0000,0.0000,0.0000,0.0000,7150.0000,0.0000,0.0000,0.0000,0.0000,1,0,0,0,0,1,0,0,0,0
zc,TA212,2012-06-21 09:11:59.770,7152.0000,150,0,0.0000,0.0000,0,0,多换,B,7136.0000,0.0000,0.0000,0.0000,0.0000,7152.0000,0.0000,0.0000,0.0000,0.0000,1,0,0,0,0,1,0,0,0,0
zc,TA212,2012-06-21 09:12:00.253,7152.0000,150,0,0.0000,0.0000,0,0,多换,B,7134.0000,0.0000,0.0000,0.0000,0.0000,7150.0000,0.0000,0.0000,0.0000,0.0000,1,0,0,0,0,1,0,0,0,0
zc,TA212,2012-06-21 09:12:05.487,7152.0000,150,0,0.0000,0.0000,0,0,多换,B,7132.0000,0.0000,0.0000,0.0000,0.0000,7148.0000,0.0000,0.0000,0.0000,0.0000,1,0,0,0,0,1,0,0,0,0
zc,TA212,2012-06-21 09:12:06.067,7152.0000,150,0,0.0000,0.0000,0,0,多换,B,7132.0000,0.0000,0.0000,0.0000,0.0000,7150.0000,0.0000,0.0000,0.0000,0.0000,1,0,0,0,0,1,0,0,0,0
zc,TA212,2012-06-21 09:12:06.753,7152.0000,150,0,0.0000,0.0000,0,0,多换,B,7132.0000,0.0000,0.0000,0.0000,0.0000,7148.0000,0.0000,0.0000,0.0000,0.0000,1,0,0,0,0,1,0,0,0,0
zc,TA212,2012-06-21 09:12:08.270,7152.0000,150,0,0.0000,0.0000,0,0,多换,B,7132.0000,0.0000,0.0000,0.0000,0.0000,7150.0000,0.0000,0.0000,0.0000,0.0000,1,0,0,0,0,1,0,0,0,0
zc,TA212,2012-06-21 09:12:09.987,7152.0000,150,0,0.0000,0.0000,0,0,多换,B,7132.0000,0.0000,0.0000,0.0000,0.0000,7148.0000,0.0000,0.0000,0.0000,0.0000,1,0,0,0,0,1,0,0,0,0
zc,TA212,2012-06-21 09:12:15.783,7152.0000,150,0,0.0000,0.0000,0,0,多换,B,7132.0000,0.0000,0.0000,0.0000,0.0000,7150.0000,0.0000,0.0000,0.0000,0.0000,1,0,0,0,0,1,0,0,0,0
zc,TA212,2012-06-21 09:12:16.253,7152.0000,150,0,0.0000,0.0000,0,0,多换,B,7132.0000,0.0000,0.0000,0.0000,0.0000,7148.0000,0.0000,0.0000,0.0000,0.0000,1,0,0,0,0,1,0,0,0,0
zc,TA212,2012-06-21 09:12:16.987,7152.0000,150,0,0.0000,0.0000,0,0,多换,B,7130.0000,0.0000,0.0000,0.0000,0.0000,7146.0000,0.0000,0.0000,0.0000,0.0000,1,0,0,0,0,1,0,0,0,0
zc,TA212,2012-06-21 09:12:20.237,7152.0000,150,0,0.0000,0.0000,0,0,多换,B,7128.0000,0.0000,0.0000,0.0000,0.0000,7144.0000,0.0000,0.0000,0.0000,0.0000,1,0,0,0,0,1,0,0,0,0
zc,TA212,2012-06-21 09:12:26.283,7152.0000,150,0,0.0000,0.0000,0,0,多换,B,7130.0000,0.0000,0.0000,0.0000,0.0000,7146.0000,0.0000,0.0000,0.0000,0.0000,1,0,0,0,0,1,0,0,0,0
zc,TA212,2012-06-21 09:12:27.957,7152.0000,150,0,0.0000,0.0000,0,0,多换,B,7128.0000,0.0000,0.0000,0.0000,0.0000,7144.0000,0.0000,0.0000,0.0000,0.0000,1,0,0,0,0,1,0,0,0,0
zc,TA212,2012-06-21 09:12:31.753,7152.0000,150,0,0.0000,0.0000,0,0,多换,B,7130.0000,0.0000,0.0000,0.0000,0.0000,7146.0000,0.0000,0.0000,0.0000,0.0000,1,0,0,0,0,1,0,0,0,0
zc,TA212,2012-06-21 09:12:35.723,7152.0000,150,0,0.0000,0.0000,0,0,多换,B,7128.0000,0.0000,0.0000,0.0000,0.0000,7144.0000,0.0000,0.0000,0.0000,0.0000,1,0,0,0,0,1,0,0,0,0
zc,TA212,2012-06-21 09:12:37.003,7152.0000,150,0,0.0000,0.0000,0,0,多换,B,7132.0000,0.0000,0.0000,0.0000,0.0000,7148.0000,0.0000,0.0000,0.0000,0.0000,1,0,0,0,0,1,0,0,0,0
zc,TA212,2012-06-21 09:12:39.207,7152.0000,150,0,0.0000,0.0000,0,0,多换,B,7128.0000,0.0000,0.0000,0.0000,0.0000,7146.0000,0.0000,0.0000,0.0000,0.0000,1,0,0,0,0,1,0,0,0,0
zc,TA212,2012-06-21 09:12:42.473,7152.0000,150,0,0.0000,0.0000,0,0,多换,B,7128.0000,0.0000,0.0000,0.0000,0.0000,7144.0000,0.0000,0.0000,0.0000,0.0000,1,0,0,0,0,1,0,0,0,0
zc,TA212,2012-06-21 09:12:49.503,7152.0000,150,0,0.0000,0.0000,0,0,多换,B,7130.0000,0.0000,0.0000,0.0000,0.0000,7146.0000,0.0000,0.0000,0.0000,0.0000,1,0,0,0,0,1,0,0,0,0
zc,TA212,2012-06-21 09:12:50.237,7152.0000,150,0,0.0000,0.0000,0,0,多换,B,7128.0000,0.0000,0.0000,0.0000,0.0000,7144.0000,0.0000,0.0000,0.0000,0.0000,1,0,0,0,0,1,0,0,0,0
zc,TA212,2012-06-21 09:13:09.253,7152.0000,150,0,0.0000,0.0000,0,0,多换,B,7126.0000,0.0000,0.0000,0.0000,0.0000,7142.0000,0.0000,0.0000,0.0000,0.0000,1,0,0,0,0,1,0,0,0,0
zc,TA212,2012-06-21 09:13:12.270,7152.0000,150,0,0.0000,0.0000,0,0,多换,B,7126.0000,0.0000,0.0000,0.0000,0.0000,7144.0000,0.0000,0.0000,0.0000,0.0000,1,0,0,0,0,1,0,0,0,0
zc,TA212,2012-06-21 09:13:12.487,7152.0000,150,0,0.0000,0.0000,0,0,多换,B,7128.0000,0.0000,0.0000,0.0000,0.0000,7144.0000,0.0000,0.0000,0.0000,0.0000,1,0,0,0,0,1,0,0,0,0
zc,TA212,2012-06-21 09:13:22.753,7152.0000,150,0,0.0000,0.0000,0,0,多换,B,7126.0000,0.0000,0.0000,0.0000,0.0000,7142.0000,0.0000,0.0000,0.0000,0.0000,1,0,0,0,0,1,0,0,0,0
zc,TA212,2012-06-21 09:13:23.987,7152.0000,150,0,0.0000,0.0000,0,0,多换,B,7128.0000,0.0000,0.0000,0.0000,0.0000,7144.0000,0.0000,0.0000,0.0000,0.0000,1,0,0,0,0,1,0,0,0,0
zc,TA212,2012-06-21 09:13:25.223,7152.0000,150,0,0.0000,0.0000,0,0,多换,B,7126.0000,0.0000,0.0000,0.0000,0.0000,7144.0000,0.0000,0.0000,0.0000,0.0000,1,0,0,0,0,1,0,0,0,0
zc,TA212,2012-06-21 09:13:25.770,7152.0000,150,0,0.0000,0.0000,0,0,多换,B,7128.0000,0.0000,0.0000,0.0000,0.0000,7144.0000,0.0000,0.0000,0.0000,0.0000,1,0,0,0,0,1,0,0,0,0
zc,TA212,2012-06-21 09:13:30.020,7152.0000,150,0,0.0000,0.0000,0,0,多换,B,7126.0000,0.0000,0.0000,0.0000,0.0000,7144.0000,0.0000,0.0000,0.0000,0.0000,1,0,0,0,0,1,0,0,0,0
zc,TA212,2012-06-21 09:13:32.973,7152.0000,150,0,0.0000,0.0000,0,0,多换,B,7126.0000,0.0000,0.0000,0.0000,0.0000,7142.0000,0.0000,0.0000,0.0000,0.0000,1,0,0,0,0,1,0,0,0,0
zc,TA212,2012-06-21 09:13:35.987,7152.0000,150,0,0.0000,0.0000,0,0,多换,B,7128.0000,0.0000,0.0000,0.0000,0.0000,7144.0000,0.0000,0.0000,0.0000,0.0000,1,0,0,0,0,1,0,0,0,0
zc,TA212,2012-06-21 09:13:36.520,7152.0000,150,0,0.0000,0.0000,0,0,多换,B,7126.0000,0.0000,0.0000,0.0000,0.0000,7144.0000,0.0000,0.0000,0.0000,0.0000,1,0,0,0,0,1,0,0,0,0
zc,TA212,2012-06-21 09:13:37.223,7152.0000,150,0,0.0000,0.0000,0,0,多换,B,7126.0000,0.0000,0.0000,0.0000,0.0000,7142.0000,0.0000,0.0000,0.0000,0.0000,1,0,0,0,0,1,0,0,0,0
zc,TA212,2012-06-21 09:13:41.973,7152.0000,150,0,0.0000,0.0000,0,0,多换,B,7126.0000,0.0000,0.0000,0.0000,0.0000,7144.0000,0.0000,0.0000,0.0000,0.0000,1,0,0,0,0,1,0,0,0,0
zc,TA212,2012-06-21 09:13:43.050,7152.0000,150,0,0.0000,0.0000,0,0,多换,B,7124.0000,0.0000,0.0000,0.0000,0.0000,7142.0000,0.0000,0.0000,0.0000,0.0000,1,0,0,0,0,1,0,0,0,0
zc,TA212,2012-06-21 09:13:49.270,7152.0000,150,0,0.0000,0.0000,0,0,多换,B,7126.0000,0.0000,0.0000,0.0000,0.0000,7142.0000,0.0000,0.0000,0.0000,0.0000,1,0,0,0,0,1,0,0,0,0
zc,TA212,2012-06-21 09:13:51.737,7152.0000,150,0,0.0000,0.0000,0,0,多换,B,7124.0000,0.0000,0.0000,0.0000,0.0000,7142.0000,0.0000,0.0000,0.0000,0.0000,1,0,0,0,0,1,0,0,0,0
zc,TA212,2012-06-21 09:13:52.003,7152.0000,150,0,0.0000,0.0000,0,0,多换,B,7126.0000,0.0000,0.0000,0.0000,0.0000,7142.0000,0.0000,0.0000,0.0000,0.0000,1,0,0,0,0,1,0,0,0,0
zc,TA212,2012-06-21 09:13:53.237,7152.0000,150,0,0.0000,0.0000,0,0,多换,B,7124.0000,0.0000,0.0000,0.0000,0.0000,7140.0000,0.0000,0.0000,0.0000,0.0000,1,0,0,0,0,1,0,0,0,0
zc,TA212,2012-06-21 09:14:09.487,7152.0000,150,0,0.0000,0.0000,0,0,多换,B,7122.0000,0.0000,0.0000,0.0000,0.0000,7138.0000,0.0000,0.0000,0.0000,0.0000,1,0,0,0,0,1,0,0,0,0
zc,TA212,2012-06-21 09:14:20.753,7152.0000,150,0,0.0000,0.0000,0,0,多换,B,7120.0000,0.0000,0.0000,0.0000,0.0000,7136.0000,0.0000,0.0000,0.0000,0.0000,1,0,0,0,0,1,0,0,0,0
zc,TA212,2012-06-21 09:14:28.723,7152.0000,150,0,0.0000,0.0000,0,0,多换,B,7122.0000,0.0000,0.0000,0.0000,0.0000,7138.0000,0.0000,0.0000,0.0000,0.0000,1,0,0,0,0,1,0,0,0,0
zc,TA212,2012-06-21 09:14:33.973,7152.0000,150,0,0.0000,0.0000,0,0,多换,B,7124.0000,0.0000,0.0000,0.0000,0.0000,7138.0000,0.0000,0.0000,0.0000,0.0000,2,0,0,0,0,1,0,0,0,0
zc,TA212,2012-06-21 09:14:42.207,7152.0000,150,0,0.0000,0.0000,0,0,多换,B,7122.0000,0.0000,0.0000,0.0000,0.0000,7138.0000,0.0000,0.0000,0.0000,0.0000,1,0,0,0,0,1,0,0,0,0
zc,TA212,2012-06-21 09:14:45.237,7152.0000,150,0,0.0000,0.0000,0,0,多换,B,7120.0000,0.0000,0.0000,0.0000,0.0000,7136.0000,0.0000,0.0000,0.0000,0.0000,1,0,0,0,0,1,0,0,0,0
zc,TA212,2012-06-21 09:14:46.940,7152.0000,150,0,0.0000,0.0000,0,0,多换,B,7120.0000,0.0000,0.0000,0.0000,0.0000,7138.0000,0.0000,0.0000,0.0000,0.0000,1,0,0,0,0,1,0,0,0,0
zc,TA212,2012-06-21 09:14:48.223,7152.0000,150,0,0.0000,0.0000,0,0,多换,B,7122.0000,0.0000,0.0000,0.0000,0.0000,7138.0000,0.0000,0.0000,0.0000,0.0000,1,0,0,0,0,1,0,0,0,0
zc,TA212,2012-06-21 09:14:52.707,7152.0000,150,0,0.0000,0.0000,0,0,多换,B,7120.0000,0.0000,0.0000,0.0000,0.0000,7136.0000,0.0000,0.0000,0.0000,0.0000,1,0,0,0,0,1,0,0,0,0
zc,TA212,2012-06-21 09:14:53.753,7152.0000,150,0,0.0000,0.0000,0,0,多换,B,7120.0000,0.0000,0.0000,0.0000,0.0000,7138.0000,0.0000,0.0000,0.0000,0.0000,1,0,0,0,0,1,0,0,0,0
zc,TA212,2012-06-21 09:14:54.487,7152.0000,150,0,0.0000,0.0000,0,0,多换,B,7122.0000,0.0000,0.0000,0.0000,0.0000,7138.0000,0.0000,0.0000,0.0000,0.0000,1,0,0,0,0,1,0,0,0,0
zc,TA212,2012-06-21 09:15:01.020,7152.0000,150,0,0.0000,0.0000,0,0,多换,B,7124.0000,0.0000,0.0000,0.0000,0.0000,7140.0000,0.0000,0.0000,0.0000,0.0000,1,0,0,0,0,1,0,0,0,0
zc,TA212,2012-06-21 09:15:01.520,7152.0000,150,0,0.0000,0.0000,0,0,多换,B,7122.0000,0.0000,0.0000,0.0000,0.0000,7140.0000,0.0000,0.0000,0.0000,0.0000,1,0,0,0,0,1,0,0,0,0
zc,TA212,2012-06-21 09:15:05.927,7152.0000,150,0,0.0000,0.0000,0,0,多换,B,7122.0000,0.0000,0.0000,0.0000,0.0000,7140.0000,0.0000,0.0000,0.0000,0.0000,1,0,0,0,0,1,0,0,0,0
zc,TA212,2012-06-21 09:15:06.283,7152.0000,150,0,0.0000,0.0000,0,0,多换,B,7122.0000,0.0000,0.0000,0.0000,0.0000,7138.0000,0.0000,0.0000,0.0000,0.0000,1,0,0,0,0,1,0,0,0,0
zc,TA212,2012-06-21 09:15:11.533,7152.0000,150,0,0.0000,0.0000,0,0,多换,B,7122.0000,0.0000,0.0000,0.0000,0.0000,7140.0000,0.0000,0.0000,0.0000,0.0000,1,0,0,0,0,1,0,0,0,0
zc,TA212,2012-06-21 09:15:11.973,7152.0000,150,0,0.0000,0.0000,0,0,多换,B,7124.0000,0.0000,0.0000,0.0000,0.0000,7140.0000,0.0000,0.0000,0.0000,0.0000,1,0,0,0,0,1,0,0,0,0
zc,TA212,2012-06-21 09:15:19.003,7152.0000,150,0,0.0000,0.0000,0,0,多换,B,7122.0000,0.0000,0.0000,0.0000,0.0000,7140.0000,0.0000,0.0000,0.0000,0.0000,1,0,0,0,0,1,0,0,0,0
zc,TA212,2012-06-21 09:15:19.707,7152.0000,150,0,0.0000,0.0000,0,0,多换,B,7122.0000,0.0000,0.0000,0.0000,0.0000,7138.0000,0.0000,0.0000,0.0000,0.0000,1,0,0,0,0,1,0,0,0,0
zc,TA212,2012-06-21 09:15:25.207,7152.0000,150,0,0.0000,0.0000,0,0,多换,B,7120.0000,0.0000,0.0000,0.0000,0.0000,7136.0000,0.0000,0.0000,0.0000,0.0000,1,0,0,0,0,1,0,0,0,0
zc,TA212,2012-06-21 09:15:39.503,7152.0000,150,0,0.0000,0.0000,0,0,多换,B,7122.0000,0.0000,0.0000,0.0000,0.0000,7138.0000,0.0000,0.0000,0.0000,0.0000,1,0,0,0,0,1,0,0,0,0
zc,TA212,2012-06-21 09:15:47.473,7152.0000,150,0,0.0000,0.0000,0,0,多换,B,7122.0000,0.0000,0.0000,0.0000,0.0000,7140.0000,0.0000,0.0000,0.0000,0.0000,1,0,0,0,0,1,0,0,0,0
zc,TA212,2012-06-21 09:15:48.237,7152.0000,150,0,0.0000,0.0000,0,0,多换,B,7124.0000,0.0000,0.0000,0.0000,0.0000,7140.0000,0.0000,0.0000,0.0000,0.0000,1,0,0,0,0,1,0,0,0,0
zc,TA212,2012-06-21 09:15:49.237,7152.0000,150,0,0.0000,0.0000,0,0,多换,B,7122.0000,0.0000,0.0000,0.0000,0.0000,7140.0000,0.0000,0.0000,0.0000,0.0000,1,0,0,0,0,1,0,0,0,0
zc,TA212,2012-06-21 09:15:53.207,7152.0000,150,0,0.0000,0.0000,0,0,多换,B,7124.0000,0.0000,0.0000,0.0000,0.0000,7140.0000,0.0000,0.0000,0.0000,0.0000,1,0,0,0,0,1,0,0,0,0
zc,TA212,2012-06-21 09:15:54.520,7152.0000,150,0,0.0000,0.0000,0,0,多换,B,7122.0000,0.0000,0.0000,0.0000,0.0000,7140.0000,0.0000,0.0000,0.0000,0.0000,1,0,0,0,0,1,0,0,0,0
zc,TA212,2012-06-21 09:15:55.003,7152.0000,150,0,0.0000,0.0000,0,0,多换,B,7124.0000,0.0000,0.0000,0.0000,0.0000,7140.0000,0.0000,0.0000,0.0000,0.0000,1,0,0,0,0,1,0,0,0,0
zc,TA212,2012-06-21 09:15:58.457,7152.0000,150,0,0.0000,0.0000,0,0,多换,B,7122.0000,0.0000,0.0000,0.0000,0.0000,7140.0000,0.0000,0.0000,0.0000,0.0000,1,0,0,0,0,1,0,0,0,0
zc,TA212,2012-06-21 09:15:58.973,7152.0000,150,0,0.0000,0.0000,0,0,多换,B,7124.0000,0.0000,0.0000,0.0000,0.0000,7140.0000,0.0000,0.0000,0.0000,0.0000,1,0,0,0,0,1,0,0,0,0
zc,TA212,2012-06-21 09:16:01.223,7152.0000,150,0,0.0000,0.0000,0,0,多换,B,7122.0000,0.0000,0.0000,0.0000,0.0000,7140.0000,0.0000,0.0000,0.0000,0.0000,1,0,0,0,0,1,0,0,0,0
zc,TA212,2012-06-21 09:16:02.973,7152.0000,150,0,0.0000,0.0000,0,0,多换,B,7124.0000,0.0000,0.0000,0.0000,0.0000,7140.0000,0.0000,0.0000,0.0000,0.0000,1,0,0,0,0,1,0,0,0,0
zc,TA212,2012-06-21 09:16:11.003,7152.0000,150,0,0.0000,0.0000,0,0,多换,B,7124.0000,0.0000,0.0000,0.0000,0.0000,7142.0000,0.0000,0.0000,0.0000,0.0000,1,0,0,0,0,1,0,0,0,0
zc,TA212,2012-06-21 09:16:11.737,7152.0000,150,0,0.0000,0.0000,0,0,多换,B,7126.0000,0.0000,0.0000,0.0000,0.0000,7142.0000,0.0000,0.0000,0.0000,0.0000,1,0,0,0,0,1,0,0,0,0
zc,TA212,2012-06-21 09:16:17.033,7152.0000,150,0,0.0000,0.0000,0,0,多换,B,7122.0000,0.0000,0.0000,0.0000,0.0000,7140.0000,0.0000,0.0000,0.0000,0.0000,1,0,0,0,0,1,0,0,0,0
zc,TA212,2012-06-21 09:16:21.223,7152.0000,150,0,0.0000,0.0000,0,0,多换,B,7122.0000,0.0000,0.0000,0.0000,0.0000,7138.0000,0.0000,0.0000,0.0000,0.0000,1,0,0,0,0,1,0,0,0,0
zc,TA212,2012-06-21 09:16:31.207,7152.0000,150,0,0.0000,0.0000,0,0,多换,B,7124.0000,0.0000,0.0000,0.0000,0.0000,7140.0000,0.0000,0.0000,0.0000,0.0000,1,0,0,0,0,1,0,0,0,0
zc,TA212,2012-06-21 09:16:31.957,7152.0000,150,0,0.0000,0.0000,0,0,多换,B,7122.0000,0.0000,0.0000,0.0000,0.0000,7140.0000,0.0000,0.0000,0.0000,0.0000,1,0,0,0,0,1,0,0,0,0
zc,TA212,2012-06-21 09:16:32.457,7152.0000,150,0,0.0000,0.0000,0,0,多换,B,7124.0000,0.0000,0.0000,0.0000,0.0000,7140.0000,0.0000,0.0000,0.0000,0.0000,1,0,0,0,0,1,0,0,0,0
zc,TA212,2012-06-21 09:16:36.457,7152.0000,150,0,0.0000,0.0000,0,0,多换,B,7122.0000,0.0000,0.0000,0.0000,0.0000,7138.0000,0.0000,0.0000,0.0000,0.0000,1,0,0,0,0,1,0,0,0,0
zc,TA212,2012-06-21 09:16:36.957,7152.0000,150,0,0.0000,0.0000,0,0,多换,B,7122.0000,0.0000,0.0000,0.0000,0.0000,7140.0000,0.0000,0.0000,0.0000,0.0000,1,0,0,0,0,1,0,0,0,0
zc,TA212,2012-06-21 09:16:37.473,7152.0000,150,0,0.0000,0.0000,0,0,多换,B,7122.0000,0.0000,0.0000,0.0000,0.0000,7138.0000,0.0000,0.0000,0.0000,0.0000,1,0,0,0,0,1,0,0,0,0
zc,TA212,2012-06-21 09:16:38.237,7152.0000,150,0,0.0000,0.0000,0,0,多换,B,7122.0000,0.0000,0.0000,0.0000,0.0000,7140.0000,0.0000,0.0000,0.0000,0.0000,1,0,0,0,0,1,0,0,0,0
zc,TA212,2012-06-21 09:16:43.753,7152.0000,150,0,0.0000,0.0000,0,0,多换,B,7124.0000,0.0000,0.0000,0.0000,0.0000,7140.0000,0.0000,0.0000,0.0000,0.0000,1,0,0,0,0,1,0,0,0,0
zc,TA212,2012-06-21 09:16:46.503,7152.0000,150,0,0.0000,0.0000,0,0,多换,B,7122.0000,0.0000,0.0000,0.0000,0.0000,7140.0000,0.0000,0.0000,0.0000,0.0000,1,0,0,0,0,1,0,0,0,0
zc,TA212,2012-06-21 09:16:47.237,7152.0000,150,0,0.0000,0.0000,0,0,多换,B,7124.0000,0.0000,0.0000,0.0000,0.0000,7140.0000,0.0000,0.0000,0.0000,0.0000,1,0,0,0,0,1,0,0,0,0
zc,TA212,2012-06-21 09:16:47.737,7152.0000,150,0,0.0000,0.0000,0,0,多换,B,7122.0000,0.0000,0.0000,0.0000,0.0000,7138.0000,0.0000,0.0000,0.0000,0.0000,1,0,0,0,0,1,0,0,0,0
zc,TA212,2012-06-21 09:16:49.987,7152.0000,150,0,0.0000,0.0000,0,0,多换,B,7122.0000,0.0000,0.0000,0.0000,0.0000,7140.0000,0.0000,0.0000,0.0000,0.0000,1,0,0,0,0,1,0,0,0,0
zc,TA212,2012-06-21 09:16:50.783,7152.0000,150,0,0.0000,0.0000,0,0,多换,B,7124.0000,0.0000,0.0000,0.0000,0.0000,7140.0000,0.0000,0.0000,0.0000,0.0000,1,0,0,0,0,1,0,0,0,0
zc,TA212,2012-06-21 09:16:52.457,7152.0000,150,0,0.0000,0.0000,0,0,多换,B,7126.0000,0.0000,0.0000,0.0000,0.0000,7142.0000,0.0000,0.0000,0.0000,0.0000,1,0,0,0,0,1,0,0,0,0
zc,TA212,2012-06-21 09:16:59.503,7152.0000,150,0,0.0000,0.0000,0,0,多换,B,7128.0000,0.0000,0.0000,0.0000,0.0000,7144.0000,0.0000,0.0000,0.0000,0.0000,1,0,0,0,0,1,0,0,0,0
zc,TA212,2012-06-21 09:17:01.487,7152.0000,150,0,0.0000,0.0000,0,0,多换,B,7124.0000,0.0000,0.0000,0.0000,0.0000,7140.0000,0.0000,0.0000,0.0000,0.0000,1,0,0,0,0,1,0,0,0,0
zc,TA212,2012-06-21 09:17:09.473,7152.0000,150,0,0.0000,0.0000,0,0,多换,B,7126.0000,0.0000,0.0000,0.0000,0.0000,7144.0000,0.0000,0.0000,0.0000,0.0000,1,0,0,0,0,1,0,0,0,0
zc,TA212,2012-06-21 09:17:22.973,7152.0000,150,0,0.0000,0.0000,0,0,多换,B,7128.0000,0.0000,0.0000,0.0000,0.0000,7144.0000,0.0000,0.0000,0.0000,0.0000,1,0,0,0,0,1,0,0,0,0
zc,TA212,2012-06-21 09:17:26.503,7152.0000,150,0,0.0000,0.0000,0,0,多换,B,7126.0000,0.0000,0.0000,0.0000,0.0000,7142.0000,0.0000,0.0000,0.0000,0.0000,1,0,0,0,0,1,0,0,0,0
zc,TA212,2012-06-21 09:17:31.707,7152.0000,150,0,0.0000,0.0000,0,0,多换,B,7128.0000,0.0000,0.0000,0.0000,0.0000,7144.0000,0.0000,0.0000,0.0000,0.0000,1,0,0,0,0,1,0,0,0,0
zc,TA212,2012-06-21 09:17:34.753,7152.0000,150,0,0.0000,0.0000,0,0,多换,B,7124.0000,0.0000,0.0000,0.0000,0.0000,7140.0000,0.0000,0.0000,0.0000,0.0000,1,0,0,0,0,1,0,0,0,0
zc,TA212,2012-06-21 09:17:37.487,7152.0000,150,0,0.0000,0.0000,0,0,多换,B,7126.0000,0.0000,0.0000,0.0000,0.0000,7144.0000,0.0000,0.0000,0.0000,0.0000,1,0,0,0,0,1,0,0,0,0
zc,TA212,2012-06-21 09:17:39.223,7152.0000,150,0,0.0000,0.0000,0,0,多换,B,7126.0000,0.0000,0.0000,0.0000,0.0000,7142.0000,0.0000,0.0000,0.0000,0.0000,1,0,0,0,0,1,0,0,0,0
zc,TA212,2012-06-21 09:17:57.190,7152.0000,150,0,0.0000,0.0000,0,0,多换,B,7126.0000,0.0000,0.0000,0.0000,0.0000,7144.0000,0.0000,0.0000,0.0000,0.0000,1,0,0,0,0,1,0,0,0,0
zc,TA212,2012-06-21 09:18:00.723,7152.0000,150,0,0.0000,0.0000,0,0,多换,B,7128.0000,0.0000,0.0000,0.0000,0.0000,7144.0000,0.0000,0.0000,0.0000,0.0000,1,0,0,0,0,1,0,0,0,0
zc,TA212,2012-06-21 09:18:02.520,7152.0000,150,0,0.0000,0.0000,0,0,多换,B,7126.0000,0.0000,0.0000,0.0000,0.0000,7144.0000,0.0000,0.0000,0.0000,0.0000,1,0,0,0,0,1,0,0,0,0
zc,TA212,2012-06-21 09:18:03.707,7152.0000,150,0,0.0000,0.0000,0,0,多换,B,7128.0000,0.0000,0.0000,0.0000,0.0000,7144.0000,0.0000,0.0000,0.0000,0.0000,1,0,0,0,0,1,0,0,0,0
zc,TA212,2012-06-21 09:18:09.737,7152.0000,150,0,0.0000,0.0000,0,0,多换,B,7130.0000,0.0000,0.0000,0.0000,0.0000,7146.0000,0.0000,0.0000,0.0000,0.0000,1,0,0,0,0,1,0,0,0,0
zc,TA212,2012-06-21 09:18:16.003,7152.0000,150,0,0.0000,0.0000,0,0,多换,B,7128.0000,0.0000,0.0000,0.0000,0.0000,7146.0000,0.0000,0.0000,0.0000,0.0000,1,0,0,0,0,1,0,0,0,0
zc,TA212,2012-06-21 09:18:16.753,7152.0000,150,0,0.0000,0.0000,0,0,多换,B,7128.0000,0.0000,0.0000,0.0000,0.0000,7144.0000,0.0000,0.0000,0.0000,0.0000,1,0,0,0,0,1,0,0,0,0
zc,TA212,2012-06-21 09:18:22.223,7152.0000,150,0,0.0000,0.0000,0,0,多换,B,7130.0000,0.0000,0.0000,0.0000,0.0000,7146.0000,0.0000,0.0000,0.0000,0.0000,1,0,0,0,0,1,0,0,0,0
zc,TA212,2012-06-21 09:18:37.237,7152.0000,150,0,0.0000,0.0000,0,0,多换,B,7130.0000,0.0000,0.0000,0.0000,0.0000,7148.0000,0.0000,0.0000,0.0000,0.0000,1,0,0,0,0,1,0,0,0,0
zc,TA212,2012-06-21 09:18:37.987,7152.0000,150,0,0.0000,0.0000,0,0,多换,B,7132.0000,0.0000,0.0000,0.0000,0.0000,7148.0000,0.0000,0.0000,0.0000,0.0000,1,0,0,0,0,1,0,0,0,0
zc,TA212,2012-06-21 09:18:50.473,7152.0000,150,0,0.0000,0.0000,0,0,多换,B,7134.0000,0.0000,0.0000,0.0000,0.0000,7150.0000,0.0000,0.0000,0.0000,0.0000,1,0,0,0,0,1,0,0,0,0
zc,TA212,2012-06-21 09:18:59.723,7152.0000,150,0,0.0000,0.0000,0,0,多换,B,7132.0000,0.0000,0.0000,0.0000,0.0000,7150.0000,0.0000,0.0000,0.0000,0.0000,1,0,0,0,0,1,0,0,0,0
zc,TA212,2012-06-21 09:19:02.003,7152.0000,150,0,0.0000,0.0000,0,0,多换,B,7132.0000,0.0000,0.0000,0.0000,0.0000,7148.0000,0.0000,0.0000,0.0000,0.0000,1,0,0,0,0,1,0,0,0,0
zc,TA212,2012-06-21 09:19:06.473,7152.0000,150,0,0.0000,0.0000,0,0,多换,B,7130.0000,0.0000,0.0000,0.0000,0.0000,7148.0000,0.0000,0.0000,0.0000,0.0000,1,0,0,0,0,1,0,0,0,0
zc,TA212,2012-06-21 09:19:10.957,7152.0000,150,0,0.0000,0.0000,0,0,多换,B,7130.0000,0.0000,0.0000,0.0000,0.0000,7146.0000,0.0000,0.0000,0.0000,0.0000,1,0,0,0,0,1,0,0,0,0
zc,TA212,2012-06-21 09:19:11.457,7152.0000,150,0,0.0000,0.0000,0,0,多换,B,7130.0000,0.0000,0.0000,0.0000,0.0000,7148.0000,0.0000,0.0000,0.0000,0.0000,1,0,0,0,0,1,0,0,0,0
zc,TA212,2012-06-21 09:19:13.223,7152.0000,150,0,0.0000,0.0000,0,0,多换,B,7130.0000,0.0000,0.0000,0.0000,0.0000,7146.0000,0.0000,0.0000,0.0000,0.0000,1,0,0,0,0,1,0,0,0,0
zc,TA212,2012-06-21 09:19:19.973,7152.0000,150,0,0.0000,0.0000,0,0,多换,B,7128.0000,0.0000,0.0000,0.0000,0.0000,7146.0000,0.0000,0.0000,0.0000,0.0000,1,0,0,0,0,1,0,0,0,0
zc,TA212,2012-06-21 09:19:21.723,7152.0000,150,0,0.0000,0.0000,0,0,多换,B,7128.0000,0.0000,0.0000,0.0000,0.0000,7144.0000,0.0000,0.0000,0.0000,0.0000,1,0,0,0,0,1,0,0,0,0
zc,TA212,2012-06-21 09:19:24.473,7152.0000,150,0,0.0000,0.0000,0,0,多换,B,7130.0000,0.0000,0.0000,0.0000,0.0000,7146.0000,0.0000,0.0000,0.0000,0.0000,1,0,0,0,0,1,0,0,0,0
zc,TA212,2012-06-21 09:19:34.473,7152.0000,150,0,0.0000,0.0000,0,0,多换,B,7128.0000,0.0000,0.0000,0.0000,0.0000,7146.0000,0.0000,0.0000,0.0000,0.0000,1,0,0,0,0,1,0,0,0,0
zc,TA212,2012-06-21 09:19:34.690,7152.0000,150,0,0.0000,0.0000,0,0,多换,B,7128.0000,0.0000,0.0000,0.0000,0.0000,7144.0000,0.0000,0.0000,0.0000,0.0000,1,0,0,0,0,1,0,0,0,0
zc,TA212,2012-06-21 09:19:38.753,7152.0000,150,0,0.0000,0.0000,0,0,多换,B,7128.0000,0.0000,0.0000,0.0000,0.0000,7146.0000,0.0000,0.0000,0.0000,0.0000,1,0,0,0,0,1,0,0,0,0
zc,TA212,2012-06-21 09:19:39.457,7152.0000,150,0,0.0000,0.0000,0,0,多换,B,7128.0000,0.0000,0.0000,0.0000,0.0000,7144.0000,0.0000,0.0000,0.0000,0.0000,1,0,0,0,0,1,0,0,0,0
zc,TA212,2012-06-21 09:19:39.723,7152.0000,150,0,0.0000,0.0000,0,0,多换,B,7128.0000,0.0000,0.0000,0.0000,0.0000,7146.0000,0.0000,0.0000,0.0000,0.0000,1,0,0,0,0,1,0,0,0,0
zc,TA212,2012-06-21 09:19:40.487,7152.0000,150,0,0.0000,0.0000,0,0,多换,B,7130.0000,0.0000,0.0000,0.0000,0.0000,7146.0000,0.0000,0.0000,0.0000,0.0000,1,0,0,0,0,1,0,0,0,0
zc,TA212,2012-06-21 09:19:41.487,7152.0000,150,0,0.0000,0.0000,0,0,多换,B,7128.0000,0.0000,0.0000,0.0000,0.0000,7146.0000,0.0000,0.0000,0.0000,0.0000,1,0,0,0,0,1,0,0,0,0
zc,TA212,2012-06-21 09:19:42.237,7152.0000,150,0,0.0000,0.0000,0,0,多换,B,7128.0000,0.0000,0.0000,0.0000,0.0000,7144.0000,0.0000,0.0000,0.0000,0.0000,1,0,0,0,0,1,0,0,0,0
zc,TA212,2012-06-21 09:19:42.707,7152.0000,150,0,0.0000,0.0000,0,0,多换,B,7128.0000,0.0000,0.0000,0.0000,0.0000,7146.0000,0.0000,0.0000,0.0000,0.0000,1,0,0,0,0,1,0,0,0,0
zc,TA212,2012-06-21 09:19:50.223,7152.0000,150,0,0.0000,0.0000,0,0,多换,B,7130.0000,0.0000,0.0000,0.0000,0.0000,7146.0000,0.0000,0.0000,0.0000,0.0000,1,0,0,0,0,1,0,0,0,0
zc,TA212,2012-06-21 09:19:53.753,7152.0000,150,0,0.0000,0.0000,0,0,多换,B,7128.0000,0.0000,0.0000,0.0000,0.0000,7144.0000,0.0000,0.0000,0.0000,0.0000,1,0,0,0,0,1,0,0,0,0
zc,TA212,2012-06-21 09:20:09.737,7152.0000,150,0,0.0000,0.0000,0,0,多换,B,7128.0000,0.0000,0.0000,0.0000,0.0000,7146.0000,0.0000,0.0000,0.0000,0.0000,1,0,0,0,0,1,0,0,0,0
zc,TA212,2012-06-21 09:20:10.987,7152.0000,150,0,0.0000,0.0000,0,0,多换,B,7130.0000,0.0000,0.0000,0.0000,0.0000,7146.0000,0.0000,0.0000,0.0000,0.0000,1,0,0,0,0,1,0,0,0,0
zc,TA212,2012-06-21 09:20:32.033,7152.0000,150,0,0.0000,0.0000,0,0,多换,B,7132.0000,0.0000,0.0000,0.0000,0.0000,7148.0000,0.0000,0.0000,0.0000,0.0000,1,0,0,0,0,1,0,0,0,0
zc,TA212,2012-06-21 09:20:36.020,7152.0000,150,0,0.0000,0.0000,0,0,多换,B,7130.0000,0.0000,0.0000,0.0000,0.0000,7146.0000,0.0000,0.0000,0.0000,0.0000,1,0,0,0,0,1,0,0,0,0
zc,TA212,2012-06-21 09:20:37.190,7152.0000,150,0,0.0000,0.0000,0,0,多换,B,7130.0000,0.0000,0.0000,0.0000,0.0000,7148.0000,0.0000,0.0000,0.0000,0.0000,1,0,0,0,0,1,0,0,0,0
zc,TA212,2012-06-21 09:20:40.690,7152.0000,150,0,0.0000,0.0000,0,0,多换,B,7132.0000,0.0000,0.0000,0.0000,0.0000,7148.0000,0.0000,0.0000,0.0000,0.0000,1,0,0,0,0,1,0,0,0,0
zc,TA212,2012-06-21 09:20:42.487,7152.0000,150,0,0.0000,0.0000,0,0,多换,B,7130.0000,0.0000,0.0000,0.0000,0.0000,7146.0000,0.0000,0.0000,0.0000,0.0000,1,0,0,0,0,1,0,0,0,0
zc,TA212,2012-06-21 09:20:44.707,7152.0000,150,0,0.0000,0.0000,0,0,多换,B,7132.0000,0.0000,0.0000,0.0000,0.0000,7148.0000,0.0000,0.0000,0.0000,0.0000,1,0,0,0,0,1,0,0,0,0
zc,TA212,2012-06-21 09:21:01.973,7152.0000,150,0,0.0000,0.0000,0,0,多换,B,7134.0000,0.0000,0.0000,0.0000,0.0000,7150.0000,0.0000,0.0000,0.0000,0.0000,1,0,0,0,0,1,0,0,0,0
zc,TA212,2012-06-21 09:21:45.707,7152.0000,150,0,0.0000,0.0000,0,0,多换,B,7132.0000,0.0000,0.0000,0.0000,0.0000,7150.0000,0.0000,0.0000,0.0000,0.0000,1,0,0,0,0,1,0,0,0,0
zc,TA212,2012-06-21 09:21:46.723,7152.0000,150,0,0.0000,0.0000,0,0,多换,B,7132.0000,0.0000,0.0000,0.0000,0.0000,7148.0000,0.0000,0.0000,0.0000,0.0000,1,0,0,0,0,1,0,0,0,0
zc,TA212,2012-06-21 09:21:47.957,7152.0000,150,0,0.0000,0.0000,0,0,多换,B,7132.0000,0.0000,0.0000,0.0000,0.0000,7150.0000,0.0000,0.0000,0.0000,0.0000,1,0,0,0,0,1,0,0,0,0
zc,TA212,2012-06-21 09:21:50.940,7152.0000,150,0,0.0000,0.0000,0,0,多换,B,7132.0000,0.0000,0.0000,0.0000,0.0000,7148.0000,0.0000,0.0000,0.0000,0.0000,1,0,0,0,0,1,0,0,0,0
zc,TA212,2012-06-21 09:22:28.487,7152.0000,150,0,0.0000,0.0000,0,0,多换,B,7130.0000,0.0000,0.0000,0.0000,0.0000,7148.0000,0.0000,0.0000,0.0000,0.0000,1,0,0,0,0,1,0,0,0,0
zc,TA212,2012-06-21 09:22:28.957,7152.0000,150,0,0.0000,0.0000,0,0,多换,B,7130.0000,0.0000,0.0000,0.0000,0.0000,7146.0000,0.0000,0.0000,0.0000,0.0000,1,0,0,0,0,1,0,0,0,0
zc,TA212,2012-06-21 09:22:29.690,7152.0000,150,0,0.0000,0.0000,0,0,多换,B,7132.0000,0.0000,0.0000,0.0000,0.0000,7148.0000,0.0000,0.0000,0.0000,0.0000,1,0,0,0,0,1,0,0,0,0
zc,TA212,2012-06-21 09:22:31.737,7152.0000,150,0,0.0000,0.0000,0,0,多换,B,7130.0000,0.0000,0.0000,0.0000,0.0000,7148.0000,0.0000,0.0000,0.0000,0.0000,1,0,0,0,0,1,0,0,0,0
zc,TA212,2012-06-21 09:22:32.473,7152.0000,150,0,0.0000,0.0000,0,0,多换,B,7132.0000,0.0000,0.0000,0.0000,0.0000,7148.0000,0.0000,0.0000,0.0000,0.0000,1,0,0,0,0,1,0,0,0,0
zc,TA212,2012-06-21 09:22:32.973,7152.0000,150,0,0.0000,0.0000,0,0,多换,B,7130.0000,0.0000,0.0000,0.0000,0.0000,7148.0000,0.0000,0.0000,0.0000,0.0000,1,0,0,0,0,1,0,0,0,0
zc,TA212,2012-06-21 09:22:33.457,7152.0000,150,0,0.0000,0.0000,0,0,多换,B,7130.0000,0.0000,0.0000,0.0000,0.0000,7146.0000,0.0000,0.0000,0.0000,0.0000,1,0,0,0,0,1,0,0,0,0
zc,TA212,2012-06-21 09:22:41.487,7152.0000,150,0,0.0000,0.0000,0,0,多换,B,7130.0000,0.0000,0.0000,0.0000,0.0000,7146.0000,0.0000,0.0000,0.0000,0.0000,3,0,0,0,0,1,0,0,0,0
zc,TA212,2012-06-21 09:22:46.503,7152.0000,150,0,0.0000,0.0000,0,0,多换,B,7132.0000,0.0000,0.0000,0.0000,0.0000,7148.0000,0.0000,0.0000,0.0000,0.0000,1,0,0,0,0,1,0,0,0,0
zc,TA212,2012-06-21 09:22:49.440,7152.0000,150,0,0.0000,0.0000,0,0,多换,B,7130.0000,0.0000,0.0000,0.0000,0.0000,7148.0000,0.0000,0.0000,0.0000,0.0000,3,0,0,0,0,1,0,0,0,0
zc,TA212,2012-06-21 09:22:50.487,7152.0000,150,0,0.0000,0.0000,0,0,多换,B,7130.0000,0.0000,0.0000,0.0000,0.0000,7146.0000,0.0000,0.0000,0.0000,0.0000,3,0,0,0,0,1,0,0,0,0
zc,TA212,2012-06-21 09:22:55.457,7152.0000,150,0,0.0000,0.0000,0,0,多换,B,7130.0000,0.0000,0.0000,0.0000,0.0000,7146.0000,0.0000,0.0000,0.0000,0.0000,1,0,0,0,0,1,0,0,0,0
zc,TA212,2012-06-21 09:22:57.473,7152.0000,150,0,0.0000,0.0000,0,0,多换,B,7132.0000,0.0000,0.0000,0.0000,0.0000,7148.0000,0.0000,0.0000,0.0000,0.0000,1,0,0,0,0,1,0,0,0,0
zc,TA212,2012-06-21 09:23:11.473,7152.0000,150,0,0.0000,0.0000,0,0,多换,B,7134.0000,0.0000,0.0000,0.0000,0.0000,7148.0000,0.0000,0.0000,0.0000,0.0000,2,0,0,0,0,1,0,0,0,0
zc,TA212,2012-06-21 09:23:24.987,7152.0000,150,0,0.0000,0.0000,0,0,多换,B,7134.0000,0.0000,0.0000,0.0000,0.0000,7150.0000,0.0000,0.0000,0.0000,0.0000,2,0,0,0,0,1,0,0,0,0
zc,TA212,2012-06-21 09:23:25.473,7152.0000,150,0,0.0000,0.0000,0,0,多换,B,7134.0000,0.0000,0.0000,0.0000,0.0000,7150.0000,0.0000,0.0000,0.0000,0.0000,3,0,0,0,0,1,0,0,0,0
zc,TA212,2012-06-21 09:23:33.457,7152.0000,150,0,0.0000,0.0000,0,0,多换,B,7134.0000,0.0000,0.0000,0.0000,0.0000,7152.0000,0.0000,0.0000,0.0000,0.0000,3,0,0,0,0,1,0,0,0,0
zc,TA212,2012-06-21 09:23:34.690,7152.0000,150,0,0.0000,0.0000,0,0,多换,B,7136.0000,0.0000,0.0000,0.0000,0.0000,7152.0000,0.0000,0.0000,0.0000,0.0000,1,0,0,0,0,1,0,0,0,0
zc,TA212,2012-06-21 09:23:38.207,7152.0000,150,0,0.0000,0.0000,0,0,多换,B,7134.0000,0.0000,0.0000,0.0000,0.0000,7152.0000,0.0000,0.0000,0.0000,0.0000,1,0,0,0,0,1,0,0,0,0
zc,TA212,2012-06-21 09:23:39.440,7152.0000,150,0,0.0000,0.0000,0,0,多换,B,7136.0000,0.0000,0.0000,0.0000,0.0000,7152.0000,0.0000,0.0000,0.0000,0.0000,1,0,0,0,0,1,0,0,0,0
zc,TA212,2012-06-21 09:23:41.190,7152.0000,150,0,0.0000,0.0000,0,0,多换,B,7136.0000,0.0000,0.0000,0.0000,0.0000,7154.0000,0.0000,0.0000,0.0000,0.0000,1,0,0,0,0,1,0,0,0,0
zc,TA212,2012-06-21 09:23:41.690,7152.0000,150,0,0.0000,0.0000,0,0,多换,B,7138.0000,0.0000,0.0000,0.0000,0.0000,7154.0000,0.0000,0.0000,0.0000,0.0000,1,0,0,0,0,1,0,0,0,0
zc,TA212,2012-06-21 09:23:48.690,7152.0000,150,0,0.0000,0.0000,0,0,多换,B,7136.0000,0.0000,0.0000,0.0000,0.0000,7154.0000,0.0000,0.0000,0.0000,0.0000,1,0,0,0,0,1,0,0,0,0
zc,TA212,2012-06-21 09:23:50.237,7152.0000,150,0,0.0000,0.0000,0,0,多换,B,7138.0000,0.0000,0.0000,0.0000,0.0000,7154.0000,0.0000,0.0000,0.0000,0.0000,1,0,0,0,0,1,0,0,0,0
zc,TA212,2012-06-21 09:23:51.957,7152.0000,150,0,0.0000,0.0000,0,0,多换,B,7138.0000,0.0000,0.0000,0.0000,0.0000,7154.0000,0.0000,0.0000,0.0000,0.0000,3,0,0,0,0,1,0,0,0,0
zc,TA212,2012-06-21 09:23:53.223,7152.0000,150,0,0.0000,0.0000,0,0,多换,B,7138.0000,0.0000,0.0000,0.0000,0.0000,7154.0000,0.0000,0.0000,0.0000,0.0000,2,0,0,0,0,1,0,0,0,0
zc,TA212,2012-06-21 09:23:54.207,7152.0000,150,0,0.0000,0.0000,0,0,多换,B,7140.0000,0.0000,0.0000,0.0000,0.0000,7156.0000,0.0000,0.0000,0.0000,0.0000,1,0,0,0,0,1,0,0,0,0
zc,TA212,2012-06-21 09:23:58.473,7152.0000,150,0,0.0000,0.0000,0,0,多换,B,7138.0000,0.0000,0.0000,0.0000,0.0000,7156.0000,0.0000,0.0000,0.0000,0.0000,2,0,0,0,0,1,0,0,0,0
zc,TA212,2012-06-21 09:24:00.973,7152.0000,150,0,0.0000,0.0000,0,0,多换,B,7140.0000,0.0000,0.0000,0.0000,0.0000,7156.0000,0.0000,0.0000,0.0000,0.0000,1,0,0,0,0,1,0,0,0,0
zc,TA212,2012-06-21 09:24:03.003,7152.0000,150,0,0.0000,0.0000,0,0,多换,B,7136.0000,0.0000,0.0000,0.0000,0.0000,7156.0000,0.0000,0.0000,0.0000,0.0000,1,0,0,0,0,1,0,0,0,0
zc,TA212,2012-06-21 09:24:06.020,7152.0000,150,0,0.0000,0.0000,0,0,多换,B,7138.0000,0.0000,0.0000,0.0000,0.0000,7154.0000,0.0000,0.0000,0.0000,0.0000,1,0,0,0,0,1,0,0,0,0
zc,TA212,2012-06-21 09:24:12.940,7152.0000,150,0,0.0000,0.0000,0,0,多换,B,7142.0000,0.0000,0.0000,0.0000,0.0000,7158.0000,0.0000,0.0000,0.0000,0.0000,1,0,0,0,0,1,0,0,0,0
zc,TA212,2012-06-21 09:24:15.207,7152.0000,150,0,0.0000,0.0000,0,0,多换,B,7144.0000,0.0000,0.0000,0.0000,0.0000,7160.0000,0.0000,0.0000,0.0000,0.0000,1,0,0,0,0,1,0,0,0,0
zc,TA212,2012-06-21 09:24:18.503,7152.0000,150,0,0.0000,0.0000,0,0,多换,B,7142.0000,0.0000,0.0000,0.0000,0.0000,7158.0000,0.0000,0.0000,0.0000,0.0000,1,0,0,0,0,1,0,0,0,0
zc,TA212,2012-06-21 09:24:18.973,7152.0000,150,0,0.0000,0.0000,0,0,多换,B,7142.0000,0.0000,0.0000,0.0000,0.0000,7160.0000,0.0000,0.0000,0.0000,0.0000,1,0,0,0,0,1,0,0,0,0
zc,TA212,2012-06-21 09:24:19.457,7152.0000,150,0,0.0000,0.0000,0,0,多换,B,7144.0000,0.0000,0.0000,0.0000,0.0000,7160.0000,0.0000,0.0000,0.0000,0.0000,1,0,0,0,0,1,0,0,0,0
zc,TA212,2012-06-21 09:24:23.190,7152.0000,150,0,0.0000,0.0000,0,0,多换,B,7144.0000,0.0000,0.0000,0.0000,0.0000,7162.0000,0.0000,0.0000,0.0000,0.0000,1,0,0,0,0,1,0,0,0,0
zc,TA212,2012-06-21 09:24:23.707,7152.0000,150,0,0.0000,0.0000,0,0,多换,B,7146.0000,0.0000,0.0000,0.0000,0.0000,7162.0000,0.0000,0.0000,0.0000,0.0000,1,0,0,0,0,1,0,0,0,0
zc,TA212,2012-06-21 09:24:26.940,7152.0000,150,0,0.0000,0.0000,0,0,多换,B,7146.0000,0.0000,0.0000,0.0000,0.0000,7164.0000,0.0000,0.0000,0.0000,0.0000,1,0,0,0,0,1,0,0,0,0
zc,TA212,2012-06-21 09:24:27.487,7152.0000,150,0,0.0000,0.0000,0,0,多换,B,7148.0000,0.0000,0.0000,0.0000,0.0000,7164.0000,0.0000,0.0000,0.0000,0.0000,1,0,0,0,0,1,0,0,0,0
zc,TA212,2012-06-21 09:24:29.770,7152.0000,150,0,0.0000,0.0000,0,0,多换,B,7150.0000,0.0000,0.0000,0.0000,0.0000,7166.0000,0.0000,0.0000,0.0000,0.0000,1,0,0,0,0,1,0,0,0,0
zc,TA212,2012-06-21 09:24:30.503,7152.0000,150,0,0.0000,0.0000,0,0,多换,B,7148.0000,0.0000,0.0000,0.0000,0.0000,7166.0000,0.0000,0.0000,0.0000,0.0000,1,0,0,0,0,1,0,0,0,0
zc,TA212,2012-06-21 09:24:34.473,7152.0000,150,0,0.0000,0.0000,0,0,多换,B,7150.0000,0.0000,0.0000,0.0000,0.0000,7166.0000,0.0000,0.0000,0.0000,0.0000,1,0,0,0,0,1,0,0,0,0
zc,TA212,2012-06-21 09:24:34.973,7152.0000,150,0,0.0000,0.0000,0,0,多换,B,7148.0000,0.0000,0.0000,0.0000,0.0000,7166.0000,0.0000,0.0000,0.0000,0.0000,1,0,0,0,0,1,0,0,0,0
zc,TA212,2012-06-21 09:24:36.223,7152.0000,150,0,0.0000,0.0000,0,0,多换,B,7148.0000,0.0000,0.0000,0.0000,0.0000,7168.0000,0.0000,0.0000,0.0000,0.0000,1,0,0,0,0,1,0,0,0,0
zc,TA212,2012-06-21 09:24:37.020,7152.0000,150,0,0.0000,0.0000,0,0,多换,B,7152.0000,0.0000,0.0000,0.0000,0.0000,7168.0000,0.0000,0.0000,0.0000,0.0000,1,0,0,0,0,1,0,0,0,0
zc,TA212,2012-06-21 09:24:38.003,7152.0000,150,0,0.0000,0.0000,0,0,多换,B,7150.0000,0.0000,0.0000,0.0000,0.0000,7168.0000,0.0000,0.0000,0.0000,0.0000,1,0,0,0,0,1,0,0,0,0
zc,TA212,2012-06-21 09:24:38.723,7152.0000,150,0,0.0000,0.0000,0,0,多换,B,7152.0000,0.0000,0.0000,0.0000,0.0000,7168.0000,0.0000,0.0000,0.0000,0.0000,1,0,0,0,0,1,0,0,0,0
zc,TA212,2012-06-21 09:24:40.473,7152.0000,150,0,0.0000,0.0000,0,0,多换,B,7150.0000,0.0000,0.0000,0.0000,0.0000,7166.0000,0.0000,0.0000,0.0000,0.0000,1,0,0,0,0,1,0,0,0,0
zc,TA212,2012-06-21 09:24:40.957,7152.0000,150,0,0.0000,0.0000,0,0,多换,B,7152.0000,0.0000,0.0000,0.0000,0.0000,7168.0000,0.0000,0.0000,0.0000,0.0000,1,0,0,0,0,1,0,0,0,0
zc,TA212,2012-06-21 09:24:41.457,7152.0000,150,0,0.0000,0.0000,0,0,多换,B,7154.0000,0.0000,0.0000,0.0000,0.0000,7170.0000,0.0000,0.0000,0.0000,0.0000,1,0,0,0,0,1,0,0,0,0
zc,TA212,2012-06-21 09:24:42.237,7152.0000,150,0,0.0000,0.0000,0,0,多换,B,7148.0000,0.0000,0.0000,0.0000,0.0000,7168.0000,0.0000,0.0000,0.0000,0.0000,1,0,0,0,0,1,0,0,0,0
zc,TA212,2012-06-21 09:24:43.237,7152.0000,150,0,0.0000,0.0000,0,0,多换,B,7152.0000,0.0000,0.0000,0.0000,0.0000,7168.0000,0.0000,0.0000,0.0000,0.0000,1,0,0,0,0,1,0,0,0,0
zc,TA212,2012-06-21 09:24:43.987,7152.0000,150,0,0.0000,0.0000,0,0,多换,B,7150.0000,0.0000,0.0000,0.0000,0.0000,7168.0000,0.0000,0.0000,0.0000,0.0000,1,0,0,0,0,1,0,0,0,0
zc,TA212,2012-06-21 09:24:44.503,7152.0000,150,0,0.0000,0.0000,0,0,多换,B,7152.0000,0.0000,0.0000,0.0000,0.0000,7170.0000,0.0000,0.0000,0.0000,0.0000,1,0,0,0,0,1,0,0,0,0
zc,TA212,2012-06-21 09:24:45.223,7152.0000,150,0,0.0000,0.0000,0,0,多换,B,7154.0000,0.0000,0.0000,0.0000,0.0000,7170.0000,0.0000,0.0000,0.0000,0.0000,1,0,0,0,0,1,0,0,0,0
zc,TA212,2012-06-21 09:24:46.283,7152.0000,150,0,0.0000,0.0000,0,0,多换,B,7150.0000,0.0000,0.0000,0.0000,0.0000,7170.0000,0.0000,0.0000,0.0000,0.0000,1,0,0,0,0,1,0,0,0,0
zc,TA212,2012-06-21 09:24:46.753,7152.0000,150,0,0.0000,0.0000,0,0,多换,B,7152.0000,0.0000,0.0000,0.0000,0.0000,7168.0000,0.0000,0.0000,0.0000,0.0000,1,0,0,0,0,1,0,0,0,0
zc,TA212,2012-06-21 09:24:48.427,7152.0000,150,0,0.0000,0.0000,0,0,多换,B,7152.0000,0.0000,0.0000,0.0000,0.0000,7170.0000,0.0000,0.0000,0.0000,0.0000,1,0,0,0,0,1,0,0,0,0
zc,TA212,2012-06-21 09:24:49.237,7152.0000,150,0,0.0000,0.0000,0,0,多换,B,7154.0000,0.0000,0.0000,0.0000,0.0000,7170.0000,0.0000,0.0000,0.0000,0.0000,1,0,0,0,0,1,0,0,0,0
zc,TA212,2012-06-21 09:24:50.473,7152.0000,150,0,0.0000,0.0000,0,0,多换,B,7152.0000,0.0000,0.0000,0.0000,0.0000,7168.0000,0.0000,0.0000,0.0000,0.0000,1,0,0,0,0,1,0,0,0,0
zc,TA212,2012-06-21 09:24:55.707,7152.0000,150,0,0.0000,0.0000,0,0,多换,B,7150.0000,0.0000,0.0000,0.0000,0.0000,7166.0000,0.0000,0.0000,0.0000,0.0000,1,0,0,0,0,1,0,0,0,0
zc,TA212,2012-06-21 09:24:56.207,7152.0000,150,0,0.0000,0.0000,0,0,多换,B,7150.0000,0.0000,0.0000,0.0000,0.0000,7168.0000,0.0000,0.0000,0.0000,0.0000,1,0,0,0,0,1,0,0,0,0
zc,TA212,2012-06-21 09:24:57.237,7152.0000,150,0,0.0000,0.0000,0,0,多换,B,7152.0000,0.0000,0.0000,0.0000,0.0000,7168.0000,0.0000,0.0000,0.0000,0.0000,1,0,0,0,0,1,0,0,0,0
zc,TA212,2012-06-21 09:24:59.207,7152.0000,150,0,0.0000,0.0000,0,0,多换,B,7150.0000,0.0000,0.0000,0.0000,0.0000,7168.0000,0.0000,0.0000,0.0000,0.0000,1,0,0,0,0,1,0,0,0,0
zc,TA212,2012-06-21 09:24:59.973,7152.0000,150,0,0.0000,0.0000,0,0,多换,B,7152.0000,0.0000,0.0000,0.0000,0.0000,7168.0000,0.0000,0.0000,0.0000,0.0000,1,0,0,0,0,1,0,0,0,0
zc,TA212,2012-06-21 09:25:01.707,7152.0000,150,0,0.0000,0.0000,0,0,多换,B,7150.0000,0.0000,0.0000,0.0000,0.0000,7166.0000,0.0000,0.0000,0.0000,0.0000,1,0,0,0,0,1,0,0,0,0
zc,TA212,2012-06-21 09:25:06.707,7152.0000,150,0,0.0000,0.0000,0,0,多换,B,7148.0000,0.0000,0.0000,0.0000,0.0000,7164.0000,0.0000,0.0000,0.0000,0.0000,1,0,0,0,0,1,0,0,0,0
zc,TA212,2012-06-21 09:25:10.737,7152.0000,150,0,0.0000,0.0000,0,0,多换,B,7148.0000,0.0000,0.0000,0.0000,0.0000,7166.0000,0.0000,0.0000,0.0000,0.0000,1,0,0,0,0,1,0,0,0,0
zc,TA212,2012-06-21 09:25:11.520,7152.0000,150,0,0.0000,0.0000,0,0,多换,B,7150.0000,0.0000,0.0000,0.0000,0.0000,7168.0000,0.0000,0.0000,0.0000,0.0000,1,0,0,0,0,1,0,0,0,0
zc,TA212,2012-06-21 09:25:11.973,7152.0000,150,0,0.0000,0.0000,0,0,多换,B,7150.0000,0.0000,0.0000,0.0000,0.0000,7166.0000,0.0000,0.0000,0.0000,0.0000,1,0,0,0,0,1,0,0,0,0
zc,TA212,2012-06-21 09:25:13.283,7152.0000,150,0,0.0000,0.0000,0,0,多换,B,7150.0000,0.0000,0.0000,0.0000,0.0000,7166.0000,0.0000,0.0000,0.0000,0.0000,3,0,0,0,0,1,0,0,0,0
zc,TA212,2012-06-21 09:25:16.973,7152.0000,150,0,0.0000,0.0000,0,0,多换,B,7150.0000,0.0000,0.0000,0.0000,0.0000,7166.0000,0.0000,0.0000,0.0000,0.0000,2,0,0,0,0,1,0,0,0,0
zc,TA212,2012-06-21 09:25:17.753,7152.0000,150,0,0.0000,0.0000,0,0,多换,B,7150.0000,0.0000,0.0000,0.0000,0.0000,7164.0000,0.0000,0.0000,0.0000,0.0000,2,0,0,0,0,1,0,0,0,0
zc,TA212,2012-06-21 09:25:19.003,7152.0000,150,0,0.0000,0.0000,0,0,多换,B,7150.0000,0.0000,0.0000,0.0000,0.0000,7166.0000,0.0000,0.0000,0.0000,0.0000,2,0,0,0,0,1,0,0,0,0
zc,TA212,2012-06-21 09:25:19.987,7152.0000,150,0,0.0000,0.0000,0,0,多换,B,7150.0000,0.0000,0.0000,0.0000,0.0000,7164.0000,0.0000,0.0000,0.0000,0.0000,2,0,0,0,0,1,0,0,0,0
zc,TA212,2012-06-21 09:25:22.737,7152.0000,150,0,0.0000,0.0000,0,0,多换,B,7150.0000,0.0000,0.0000,0.0000,0.0000,7160.0000,0.0000,0.0000,0.0000,0.0000,2,0,0,0,0,1,0,0,0,0
zc,TA212,2012-06-21 09:25:23.223,7152.0000,150,0,0.0000,0.0000,0,0,多换,B,7150.0000,0.0000,0.0000,0.0000,0.0000,7164.0000,0.0000,0.0000,0.0000,0.0000,2,0,0,0,0,1,0,0,0,0
zc,TA212,2012-06-21 09:25:26.283,7152.0000,150,0,0.0000,0.0000,0,0,多换,B,7150.0000,0.0000,0.0000,0.0000,0.0000,7162.0000,0.0000,0.0000,0.0000,0.0000,2,0,0,0,0,1,0,0,0,0
zc,TA212,2012-06-21 09:25:29.520,7152.0000,150,0,0.0000,0.0000,0,0,多换,B,7150.0000,0.0000,0.0000,0.0000,0.0000,7164.0000,0.0000,0.0000,0.0000,0.0000,2,0,0,0,0,1,0,0,0,0
zc,TA212,2012-06-21 09:25:31.723,7152.0000,150,0,0.0000,0.0000,0,0,多换,B,7150.0000,0.0000,0.0000,0.0000,0.0000,7162.0000,0.0000,0.0000,0.0000,0.0000,2,0,0,0,0,1,0,0,0,0
zc,TA212,2012-06-21 09:25:32.987,7152.0000,150,0,0.0000,0.0000,0,0,多换,B,7150.0000,0.0000,0.0000,0.0000,0.0000,7164.0000,0.0000,0.0000,0.0000,0.0000,2,0,0,0,0,1,0,0,0,0
zc,TA212,2012-06-21 09:25:34.223,7152.0000,150,0,0.0000,0.0000,0,0,多换,B,7150.0000,0.0000,0.0000,0.0000,0.0000,7160.0000,0.0000,0.0000,0.0000,0.0000,2,0,0,0,0,1,0,0,0,0
zc,TA212,2012-06-21 09:25:36.003,7152.0000,150,0,0.0000,0.0000,0,0,多换,B,7150.0000,0.0000,0.0000,0.0000,0.0000,7162.0000,0.0000,0.0000,0.0000,0.0000,2,0,0,0,0,1,0,0,0,0
zc,TA212,2012-06-21 09:25:36.723,7152.0000,150,0,0.0000,0.0000,0,0,多换,B,7150.0000,0.0000,0.0000,0.0000,0.0000,7164.0000,0.0000,0.0000,0.0000,0.0000,2,0,0,0,0,1,0,0,0,0
zc,TA212,2012-06-21 09:25:39.223,7152.0000,150,0,0.0000,0.0000,0,0,多换,B,7150.0000,0.0000,0.0000,0.0000,0.0000,7162.0000,0.0000,0.0000,0.0000,0.0000,2,0,0,0,0,1,0,0,0,0
zc,TA212,2012-06-21 09:25:40.973,7150.0000,150,0,0.0000,2.0000,1,1,空换,S,7150.0000,0.0000,0.0000,0.0000,0.0000,7162.0000,0.0000,0.0000,0.0000,0.0000,1,0,0,0,0,1,0,0,0,0
zc,TA212,2012-06-21 09:25:49.957,7150.0000,150,0,0.0000,0.0000,0,0,空换,S,7146.0000,0.0000,0.0000,0.0000,0.0000,7162.0000,0.0000,0.0000,0.0000,0.0000,1,0,0,0,0,1,0,0,0,0
zc,TA212,2012-06-21 09:26:00.440,7150.0000,150,0,0.0000,0.0000,0,0,空换,S,7148.0000,0.0000,0.0000,0.0000,0.0000,7164.0000,0.0000,0.0000,0.0000,0.0000,1,0,0,0,0,1,0,0,0,0
zc,TA212,2012-06-21 09:26:07.473,7150.0000,150,0,0.0000,0.0000,0,0,空换,S,7150.0000,0.0000,0.0000,0.0000,0.0000,7166.0000,0.0000,0.0000,0.0000,0.0000,1,0,0,0,0,1,0,0,0,0
zc,TA212,2012-06-21 09:26:10.987,7150.0000,150,0,0.0000,0.0000,0,0,空换,S,7148.0000,0.0000,0.0000,0.0000,0.0000,7166.0000,0.0000,0.0000,0.0000,0.0000,1,0,0,0,0,1,0,0,0,0
zc,TA212,2012-06-21 09:26:11.973,7150.0000,150,0,0.0000,0.0000,0,0,空换,S,7150.0000,0.0000,0.0000,0.0000,0.0000,7166.0000,0.0000,0.0000,0.0000,0.0000,1,0,0,0,0,1,0,0,0,0
zc,TA212,2012-06-21 09:26:13.487,7150.0000,150,0,0.0000,0.0000,0,0,空换,S,7148.0000,0.0000,0.0000,0.0000,0.0000,7166.0000,0.0000,0.0000,0.0000,0.0000,1,0,0,0,0,1,0,0,0,0
zc,TA212,2012-06-21 09:26:13.940,7150.0000,150,0,0.0000,0.0000,0,0,空换,S,7158.0000,0.0000,0.0000,0.0000,0.0000,7164.0000,0.0000,0.0000,0.0000,0.0000,1,0,0,0,0,1,0,0,0,0
zc,TA212,2012-06-21 09:26:15.957,7150.0000,150,0,0.0000,0.0000,0,0,空换,S,7158.0000,0.0000,0.0000,0.0000,0.0000,7166.0000,0.0000,0.0000,0.0000,0.0000,1,0,0,0,0,1,0,0,0,0
zc,TA212,2012-06-21 09:26:50.487,7150.0000,150,0,0.0000,0.0000,0,0,空换,S,7158.0000,0.0000,0.0000,0.0000,0.0000,7168.0000,0.0000,0.0000,0.0000,0.0000,1,0,0,0,0,1,0,0,0,0
zc,TA212,2012-06-21 09:27:09.550,7150.0000,150,0,0.0000,0.0000,0,0,空换,S,7152.0000,0.0000,0.0000,0.0000,0.0000,7168.0000,0.0000,0.0000,0.0000,0.0000,1,0,0,0,0,1,0,0,0,0
