市场代码,合约代码,时间,最新,持仓,增仓,成交额,成交量,开仓,平仓,成交类型,方向,买一价,买二价,买三价,买四价,买五价,卖一价,卖二价,卖三价,卖四价,卖五价,买一量,买二量,买三量,买四量,买五量,卖一量,卖二量,卖三量,卖四量,卖五量
zc,TA301,2012-06-21 08:20:05.957,0.0000,171132,0,0.0000,0.0000,0,0,空换,S,0.0000,0.0000,0.0000,0.0000,0.0000,0.0000,0.0000,0.0000,0.0000,0.0000,0,0,0,0,0,0,0,0,0,0
zc,TA301,2012-06-21 08:30:05.940,0.0000,171132,0,0.0000,0.0000,0,0,空换,S,0.0000,0.0000,0.0000,0.0000,0.0000,0.0000,0.0000,0.0000,0.0000,0.0000,0,0,0,0,0,0,0,0,0,0
zc,TA301,2012-06-21 08:33:05.940,0.0000,171132,0,0.0000,0.0000,0,0,空换,S,0.0000,0.0000,0.0000,0.0000,0.0000,0.0000,0.0000,0.0000,0.0000,0.0000,0,0,0,0,0,0,0,0,0,0
zc,TA301,2012-06-21 08:39:05.940,0.0000,171132,0,0.0000,0.0000,0,0,空换,S,0.0000,0.0000,0.0000,0.0000,0.0000,0.0000,0.0000,0.0000,0.0000,0.0000,0,0,0,0,0,0,0,0,0,0
zc,TA301,2012-06-21 08:41:05.940,0.0000,171132,0,0.0000,0.0000,0,0,空换,S,0.0000,0.0000,0.0000,0.0000,0.0000,0.0000,0.0000,0.0000,0.0000,0.0000,0,0,0,0,0,0,0,0,0,0
zc,TA301,2012-06-21 08:54:05.957,0.0000,171132,0,0.0000,0.0000,0,0,空换,S,0.0000,0.0000,0.0000,0.0000,0.0000,0.0000,0.0000,0.0000,0.0000,0.0000,0,0,0,0,0,0,0,0,0,0
zc,TA301,2012-06-21 08:55:00.473,0.0000,171132,0,0.0000,0.0000,0,0,空换,S,0.0000,0.0000,0.0000,0.0000,0.0000,0.0000,0.0000,0.0000,0.0000,0.0000,0,0,0,0,0,0,0,0,0,0
zc,TA301,2012-06-21 08:55:01.237,0.0000,171132,0,0.0000,0.0000,0,0,空换,S,0.0000,0.0000,0.0000,0.0000,0.0000,0.0000,0.0000,0.0000,0.0000,0.0000,0,0,0,0,0,0,0,0,0,0
zc,TA301,2012-06-21 08:55:01.723,0.0000,171132,0,0.0000,0.0000,0,0,空换,S,0.0000,0.0000,0.0000,0.0000,0.0000,0.0000,0.0000,0.0000,0.0000,0.0000,0,0,0,0,0,0,0,0,0,0
zc,TA301,2012-06-21 08:55:02.457,0.0000,171132,0,0.0000,0.0000,0,0,空换,S,0.0000,0.0000,0.0000,0.0000,0.0000,0.0000,0.0000,0.0000,0.0000,0.0000,0,0,0,0,0,0,0,0,0,0
zc,TA301,2012-06-21 08:55:04.690,0.0000,171132,0,0.0000,0.0000,0,0,空换,S,0.0000,0.0000,0.0000,0.0000,0.0000,0.0000,0.0000,0.0000,0.0000,0.0000,0,0,0,0,0,0,0,0,0,0
zc,TA301,2012-06-21 08:55:09.690,0.0000,171132,0,0.0000,0.0000,0,0,空换,S,0.0000,0.0000,0.0000,0.0000,0.0000,0.0000,0.0000,0.0000,0.0000,0.0000,0,0,0,0,0,0,0,0,0,0
zc,TA301,2012-06-21 08:56:06.690,0.0000,171132,0,0.0000,0.0000,0,0,空换,S,0.0000,0.0000,0.0000,0.0000,0.0000,0.0000,0.0000,0.0000,0.0000,0.0000,0,0,0,0,0,0,0,0,0,0
zc,TA301,2012-06-21 08:56:12.690,0.0000,171132,0,0.0000,0.0000,0,0,空换,S,0.0000,0.0000,0.0000,0.0000,0.0000,0.0000,0.0000,0.0000,0.0000,0.0000,0,0,0,0,0,0,0,0,0,0
zc,TA301,2012-06-21 08:56:39.190,0.0000,171132,0,0.0000,0.0000,0,0,空换,S,0.0000,0.0000,0.0000,0.0000,0.0000,0.0000,0.0000,0.0000,0.0000,0.0000,0,0,0,0,0,0,0,0,0,0
zc,TA301,2012-06-21 08:56:44.440,0.0000,171132,0,0.0000,0.0000,0,0,空换,S,0.0000,0.0000,0.0000,0.0000,0.0000,0.0000,0.0000,0.0000,0.0000,0.0000,0,0,0,0,0,0,0,0,0,0
zc,TA301,2012-06-21 08:56:53.707,0.0000,171132,0,0.0000,0.0000,0,0,空换,S,0.0000,0.0000,0.0000,0.0000,0.0000,0.0000,0.0000,0.0000,0.0000,0.0000,0,0,0,0,0,0,0,0,0,0
zc,TA301,2012-06-21 08:58:46.957,0.0000,171132,0,0.0000,0.0000,0,0,空换,S,0.0000,0.0000,0.0000,0.0000,0.0000,0.0000,0.0000,0.0000,0.0000,0.0000,0,0,0,0,0,0,0,0,0,0
zc,TA301,2012-06-21 08:58:52.940,0.0000,171132,0,0.0000,0.0000,0,0,空换,S,0.0000,0.0000,0.0000,0.0000,0.0000,0.0000,0.0000,0.0000,0.0000,0.0000,0,0,0,0,0,0,0,0,0,0
zc,TA301,2012-06-21 08:58:54.207,0.0000,171132,0,0.0000,0.0000,0,0,空换,S,0.0000,0.0000,0.0000,0.0000,0.0000,0.0000,0.0000,0.0000,0.0000,0.0000,0,0,0,0,0,0,0,0,0,0
zc,TA301,2012-06-21 08:59:00.160,7164.0000,171484,352,0.0000,1054.0000,703,351,多开,B,7164.0000,0.0000,0.0000,0.0000,0.0000,7166.0000,0.0000,0.0000,0.0000,0.0000,78,0,0,0,0,3,0,0,0,0
zc,TA301,2012-06-21 09:00:00.347,7164.0000,171484,0,0.0000,6.0000,3,3,多换,B,7164.0000,0.0000,0.0000,0.0000,0.0000,7166.0000,0.0000,0.0000,0.0000,0.0000,77,0,0,0,0,41,0,0,0,0
zc,TA301,2012-06-21 09:00:01.080,7164.0000,171410,-74,0.0000,322.0000,124,198,空平,B,7160.0000,0.0000,0.0000,0.0000,0.0000,7164.0000,0.0000,0.0000,0.0000,0.0000,4,0,0,0,0,42,0,0,0,0
zc,TA301,2012-06-21 09:00:02.160,7150.0000,170882,-528,0.0000,1178.0000,325,853,多平,S,7150.0000,0.0000,0.0000,0.0000,0.0000,7160.0000,0.0000,0.0000,0.0000,0.0000,14,0,0,0,0,37,0,0,0,0
zc,TA301,2012-06-21 09:00:04.127,7150.0000,170774,-108,0.0000,714.0000,303,411,多平,S,7142.0000,0.0000,0.0000,0.0000,0.0000,7146.0000,0.0000,0.0000,0.0000,0.0000,147,0,0,0,0,2,0,0,0,0
zc,TA301,2012-06-21 09:00:05.330,7142.0000,170726,-48,0.0000,310.0000,131,179,多平,S,7142.0000,0.0000,0.0000,0.0000,0.0000,7146.0000,0.0000,0.0000,0.0000,0.0000,39,0,0,0,0,14,0,0,0,0
zc,TA301,2012-06-21 09:00:06.160,7142.0000,170792,66,0.0000,216.0000,141,75,空开,S,7140.0000,0.0000,0.0000,0.0000,0.0000,7142.0000,0.0000,0.0000,0.0000,0.0000,15,0,0,0,0,8,0,0,0,0
zc,TA301,2012-06-21 09:00:06.877,7142.0000,170776,-16,0.0000,136.0000,60,76,多平,S,7138.0000,0.0000,0.0000,0.0000,0.0000,7146.0000,0.0000,0.0000,0.0000,0.0000,54,0,0,0,0,11,0,0,0,0
zc,TA301,2012-06-21 09:00:07.627,7138.0000,170682,-94,0.0000,144.0000,25,119,多平,S,7138.0000,0.0000,0.0000,0.0000,0.0000,7140.0000,0.0000,0.0000,0.0000,0.0000,47,0,0,0,0,20,0,0,0,0
zc,TA301,2012-06-21 09:00:08.080,7138.0000,170636,-46,0.0000,54.0000,4,50,多平,S,7138.0000,0.0000,0.0000,0.0000,0.0000,7140.0000,0.0000,0.0000,0.0000,0.0000,22,0,0,0,0,129,0,0,0,0
zc,TA301,2012-06-21 09:00:08.847,7132.0000,170650,14,0.0000,202.0000,108,94,空开,S,7132.0000,0.0000,0.0000,0.0000,0.0000,7138.0000,0.0000,0.0000,0.0000,0.0000,19,0,0,0,0,1,0,0,0,0
zc,TA301,2012-06-21 09:00:09.317,7138.0000,170638,-12,0.0000,26.0000,7,19,空平,B,7136.0000,0.0000,0.0000,0.0000,0.0000,7138.0000,0.0000,0.0000,0.0000,0.0000,1,0,0,0,0,8,0,0,0,0
zc,TA301,2012-06-21 09:00:09.863,7138.0000,170624,-14,0.0000,66.0000,26,40,空平,B,7138.0000,0.0000,0.0000,0.0000,0.0000,7140.0000,0.0000,0.0000,0.0000,0.0000,45,0,0,0,0,123,0,0,0,0
zc,TA301,2012-06-21 09:00:10.580,7130.0000,170626,2,0.0000,118.0000,60,58,空开,S,7130.0000,0.0000,0.0000,0.0000,0.0000,7136.0000,0.0000,0.0000,0.0000,0.0000,1,0,0,0,0,7,0,0,0,0
zc,TA301,2012-06-21 09:00:11.113,7138.0000,170576,-50,0.0000,128.0000,39,89,空平,B,7138.0000,0.0000,0.0000,0.0000,0.0000,7140.0000,0.0000,0.0000,0.0000,0.0000,3,0,0,0,0,150,0,0,0,0
zc,TA301,2012-06-21 09:00:11.597,7130.0000,170576,0,0.0000,28.0000,14,14,空换,S,7120.0000,0.0000,0.0000,0.0000,0.0000,7130.0000,0.0000,0.0000,0.0000,0.0000,149,0,0,0,0,600,0,0,0,0
zc,TA301,2012-06-21 09:00:12.377,7130.0000,170602,26,0.0000,156.0000,91,65,空开,S,7122.0000,0.0000,0.0000,0.0000,0.0000,7126.0000,0.0000,0.0000,0.0000,0.0000,9,0,0,0,0,1,0,0,0,0
zc,TA301,2012-06-21 09:00:13.067,7128.0000,170616,14,0.0000,66.0000,40,26,空开,S,7120.0000,0.0000,0.0000,0.0000,0.0000,7128.0000,0.0000,0.0000,0.0000,0.0000,121,0,0,0,0,17,0,0,0,0
zc,TA301,2012-06-21 09:00:13.580,7120.0000,170608,-8,0.0000,88.0000,40,48,多平,S,7120.0000,0.0000,0.0000,0.0000,0.0000,7126.0000,0.0000,0.0000,0.0000,0.0000,82,0,0,0,0,1,0,0,0,0
zc,TA301,2012-06-21 09:00:14.080,7120.0000,170598,-10,0.0000,40.0000,15,25,多平,S,7120.0000,0.0000,0.0000,0.0000,0.0000,7122.0000,0.0000,0.0000,0.0000,0.0000,67,0,0,0,0,22,0,0,0,0
zc,TA301,2012-06-21 09:00:14.830,7120.0000,170592,-6,0.0000,136.0000,65,71,多平,S,7120.0000,0.0000,0.0000,0.0000,0.0000,7122.0000,0.0000,0.0000,0.0000,0.0000,3,0,0,0,0,46,0,0,0,0
zc,TA301,2012-06-21 09:00:15.300,7120.0000,170598,6,0.0000,24.0000,15,9,空开,S,7118.0000,0.0000,0.0000,0.0000,0.0000,7120.0000,0.0000,0.0000,0.0000,0.0000,4,0,0,0,0,11,0,0,0,0
zc,TA301,2012-06-21 09:00:15.863,7118.0000,170526,-72,0.0000,84.0000,6,78,多平,S,7116.0000,0.0000,0.0000,0.0000,0.0000,7118.0000,0.0000,0.0000,0.0000,0.0000,4,0,0,0,0,45,0,0,0,0
zc,TA301,2012-06-21 09:00:16.580,7120.0000,170462,-64,0.0000,186.0000,61,125,空平,B,7114.0000,0.0000,0.0000,0.0000,0.0000,7120.0000,0.0000,0.0000,0.0000,0.0000,22,0,0,0,0,80,0,0,0,0
zc,TA301,2012-06-21 09:00:16.830,7116.0000,170456,-6,0.0000,24.0000,9,15,多平,S,7112.0000,0.0000,0.0000,0.0000,0.0000,7118.0000,0.0000,0.0000,0.0000,0.0000,23,0,0,0,0,1,0,0,0,0
zc,TA301,2012-06-21 09:00:17.863,7116.0000,170472,16,0.0000,38.0000,27,11,空开,S,7114.0000,0.0000,0.0000,0.0000,0.0000,7116.0000,0.0000,0.0000,0.0000,0.0000,4,0,0,0,0,1,0,0,0,0
zc,TA301,2012-06-21 09:00:18.300,7116.0000,170418,-54,0.0000,128.0000,37,91,多平,S,7116.0000,0.0000,0.0000,0.0000,0.0000,7118.0000,0.0000,0.0000,0.0000,0.0000,2,0,0,0,0,36,0,0,0,0
zc,TA301,2012-06-21 09:00:18.847,7116.0000,170262,-156,0.0000,232.0000,38,194,多平,S,7110.0000,0.0000,0.0000,0.0000,0.0000,7114.0000,0.0000,0.0000,0.0000,0.0000,31,0,0,0,0,38,0,0,0,0
zc,TA301,2012-06-21 09:00:19.567,7118.0000,170268,6,0.0000,118.0000,62,56,多开,B,7116.0000,0.0000,0.0000,0.0000,0.0000,7118.0000,0.0000,0.0000,0.0000,0.0000,352,0,0,0,0,44,0,0,0,0
zc,TA301,2012-06-21 09:00:20.347,7118.0000,170258,-10,0.0000,136.0000,63,73,空平,B,7118.0000,0.0000,0.0000,0.0000,0.0000,7120.0000,0.0000,0.0000,0.0000,0.0000,41,0,0,0,0,127,0,0,0,0
zc,TA301,2012-06-21 09:00:20.863,7118.0000,170216,-42,0.0000,114.0000,36,78,空平,B,7118.0000,0.0000,0.0000,0.0000,0.0000,7120.0000,0.0000,0.0000,0.0000,0.0000,8,0,0,0,0,131,0,0,0,0
zc,TA301,2012-06-21 09:00:21.817,7120.0000,170210,-6,0.0000,90.0000,42,48,空平,B,7116.0000,0.0000,0.0000,0.0000,0.0000,7120.0000,0.0000,0.0000,0.0000,0.0000,336,0,0,0,0,114,0,0,0,0
zc,TA301,2012-06-21 09:00:22.300,7116.0000,170224,14,0.0000,80.0000,47,33,空开,S,7116.0000,0.0000,0.0000,0.0000,0.0000,7118.0000,0.0000,0.0000,0.0000,0.0000,320,0,0,0,0,7,0,0,0,0
zc,TA301,2012-06-21 09:00:22.877,7118.0000,170232,8,0.0000,56.0000,32,24,多开,B,7116.0000,0.0000,0.0000,0.0000,0.0000,7120.0000,0.0000,0.0000,0.0000,0.0000,313,0,0,0,0,77,0,0,0,0
zc,TA301,2012-06-21 09:00:23.597,7120.0000,170228,-4,0.0000,50.0000,23,27,空平,B,7118.0000,0.0000,0.0000,0.0000,0.0000,7120.0000,0.0000,0.0000,0.0000,0.0000,129,0,0,0,0,70,0,0,0,0
zc,TA301,2012-06-21 09:00:24.067,7120.0000,170184,-44,0.0000,66.0000,11,55,空平,B,7118.0000,0.0000,0.0000,0.0000,0.0000,7120.0000,0.0000,0.0000,0.0000,0.0000,122,0,0,0,0,57,0,0,0,0
zc,TA301,2012-06-21 09:00:24.830,7118.0000,170206,22,0.0000,148.0000,85,63,空开,S,7118.0000,0.0000,0.0000,0.0000,0.0000,7120.0000,0.0000,0.0000,0.0000,0.0000,95,0,0,0,0,11,0,0,0,0
zc,TA301,2012-06-21 09:00:25.283,7118.0000,170188,-18,0.0000,36.0000,9,27,多平,S,7118.0000,0.0000,0.0000,0.0000,0.0000,7120.0000,0.0000,0.0000,0.0000,0.0000,88,0,0,0,0,1,0,0,0,0
zc,TA301,2012-06-21 09:00:26.067,7118.0000,170160,-28,0.0000,96.0000,34,62,多平,S,7118.0000,0.0000,0.0000,0.0000,0.0000,7122.0000,0.0000,0.0000,0.0000,0.0000,53,0,0,0,0,108,0,0,0,0
zc,TA301,2012-06-21 09:00:26.597,7120.0000,170164,4,0.0000,10.0000,7,3,多开,B,7120.0000,0.0000,0.0000,0.0000,0.0000,7122.0000,0.0000,0.0000,0.0000,0.0000,1,0,0,0,0,108,0,0,0,0
zc,TA301,2012-06-21 09:00:27.317,7122.0000,170168,4,0.0000,40.0000,22,18,多开,B,7118.0000,0.0000,0.0000,0.0000,0.0000,7122.0000,0.0000,0.0000,0.0000,0.0000,49,0,0,0,0,98,0,0,0,0
zc,TA301,2012-06-21 09:00:27.847,7120.0000,170184,16,0.0000,36.0000,26,10,空开,S,7118.0000,0.0000,0.0000,0.0000,0.0000,7120.0000,0.0000,0.0000,0.0000,0.0000,64,0,0,0,0,77,0,0,0,0
zc,TA301,2012-06-21 09:00:28.770,7118.0000,170260,76,0.0000,94.0000,85,9,空开,S,7118.0000,0.0000,0.0000,0.0000,0.0000,7120.0000,0.0000,0.0000,0.0000,0.0000,53,0,0,0,0,67,0,0,0,0
zc,TA301,2012-06-21 09:00:29.300,7120.0000,170294,34,0.0000,44.0000,39,5,多开,B,7118.0000,0.0000,0.0000,0.0000,0.0000,7120.0000,0.0000,0.0000,0.0000,0.0000,52,0,0,0,0,46,0,0,0,0
zc,TA301,2012-06-21 09:00:29.863,7120.0000,170270,-24,0.0000,56.0000,16,40,空平,B,7118.0000,0.0000,0.0000,0.0000,0.0000,7120.0000,0.0000,0.0000,0.0000,0.0000,50,0,0,0,0,1,0,0,0,0
zc,TA301,2012-06-21 09:00:30.580,7122.0000,170298,28,0.0000,148.0000,88,60,多开,B,7122.0000,0.0000,0.0000,0.0000,0.0000,7124.0000,0.0000,0.0000,0.0000,0.0000,448,0,0,0,0,34,0,0,0,0
zc,TA301,2012-06-21 09:00:31.363,7126.0000,170184,-114,0.0000,238.0000,62,176,空平,B,7126.0000,0.0000,0.0000,0.0000,0.0000,7128.0000,0.0000,0.0000,0.0000,0.0000,8,0,0,0,0,6,0,0,0,0
zc,TA301,2012-06-21 09:00:31.863,7128.0000,170174,-10,0.0000,362.0000,176,186,空平,B,7128.0000,0.0000,0.0000,0.0000,0.0000,7130.0000,0.0000,0.0000,0.0000,0.0000,2,0,0,0,0,550,0,0,0,0
zc,TA301,2012-06-21 09:00:32.597,7128.0000,170250,76,0.0000,84.0000,80,4,多开,B,7128.0000,0.0000,0.0000,0.0000,0.0000,7130.0000,0.0000,0.0000,0.0000,0.0000,15,0,0,0,0,548,0,0,0,0
zc,TA301,2012-06-21 09:00:33.033,7128.0000,170286,36,0.0000,102.0000,69,33,多开,B,7126.0000,0.0000,0.0000,0.0000,0.0000,7128.0000,0.0000,0.0000,0.0000,0.0000,24,0,0,0,0,17,0,0,0,0
zc,TA301,2012-06-21 09:00:33.800,7128.0000,170306,20,0.0000,24.0000,22,2,多开,B,7126.0000,0.0000,0.0000,0.0000,0.0000,7128.0000,0.0000,0.0000,0.0000,0.0000,17,0,0,0,0,13,0,0,0,0
zc,TA301,2012-06-21 09:00:34.347,7128.0000,170314,8,0.0000,14.0000,11,3,多开,B,7126.0000,0.0000,0.0000,0.0000,0.0000,7130.0000,0.0000,0.0000,0.0000,0.0000,16,0,0,0,0,554,0,0,0,0
zc,TA301,2012-06-21 09:00:35.097,7126.0000,170316,2,0.0000,14.0000,8,6,空开,S,7126.0000,0.0000,0.0000,0.0000,0.0000,7128.0000,0.0000,0.0000,0.0000,0.0000,10,0,0,0,0,22,0,0,0,0
zc,TA301,2012-06-21 09:00:36.097,7128.0000,170324,8,0.0000,76.0000,42,34,多开,B,7128.0000,0.0000,0.0000,0.0000,0.0000,7130.0000,0.0000,0.0000,0.0000,0.0000,196,0,0,0,0,546,0,0,0,0
zc,TA301,2012-06-21 09:00:36.550,7128.0000,170360,36,0.0000,40.0000,38,2,多开,B,7128.0000,0.0000,0.0000,0.0000,0.0000,7130.0000,0.0000,0.0000,0.0000,0.0000,183,0,0,0,0,543,0,0,0,0
zc,TA301,2012-06-21 09:00:37.253,7128.0000,170366,6,0.0000,18.0000,12,6,多开,B,7128.0000,0.0000,0.0000,0.0000,0.0000,7130.0000,0.0000,0.0000,0.0000,0.0000,185,0,0,0,0,54,0,0,0,0
zc,TA301,2012-06-21 09:00:37.830,7128.0000,170382,16,0.0000,74.0000,45,29,多开,B,7128.0000,0.0000,0.0000,0.0000,0.0000,7130.0000,0.0000,0.0000,0.0000,0.0000,166,0,0,0,0,36,0,0,0,0
zc,TA301,2012-06-21 09:00:38.567,7130.0000,170416,34,0.0000,78.0000,56,22,多开,B,7130.0000,0.0000,0.0000,0.0000,0.0000,7132.0000,0.0000,0.0000,0.0000,0.0000,2,0,0,0,0,7,0,0,0,0
zc,TA301,2012-06-21 09:00:39.317,7128.0000,170628,212,0.0000,216.0000,214,2,空开,S,7130.0000,0.0000,0.0000,0.0000,0.0000,7132.0000,0.0000,0.0000,0.0000,0.0000,36,0,0,0,0,7,0,0,0,0
zc,TA301,2012-06-21 09:00:39.830,7130.0000,170622,-6,0.0000,124.0000,59,65,空平,B,7128.0000,0.0000,0.0000,0.0000,0.0000,7130.0000,0.0000,0.0000,0.0000,0.0000,50,0,0,0,0,1,0,0,0,0
zc,TA301,2012-06-21 09:00:40.597,7132.0000,170620,-2,0.0000,4.0000,1,3,空平,B,7130.0000,0.0000,0.0000,0.0000,0.0000,7132.0000,0.0000,0.0000,0.0000,0.0000,6,0,0,0,0,2,0,0,0,0
zc,TA301,2012-06-21 09:00:40.800,7132.0000,170612,-8,0.0000,10.0000,1,9,空平,B,7132.0000,0.0000,0.0000,0.0000,0.0000,7134.0000,0.0000,0.0000,0.0000,0.0000,67,0,0,0,0,5,0,0,0,0
zc,TA301,2012-06-21 09:00:41.567,7132.0000,170612,0,0.0000,4.0000,2,2,多换,B,7132.0000,0.0000,0.0000,0.0000,0.0000,7134.0000,0.0000,0.0000,0.0000,0.0000,87,0,0,0,0,5,0,0,0,0
zc,TA301,2012-06-21 09:00:42.050,7132.0000,170728,116,0.0000,228.0000,172,56,多开,B,7132.0000,0.0000,0.0000,0.0000,0.0000,7136.0000,0.0000,0.0000,0.0000,0.0000,11,0,0,0,0,30,0,0,0,0
zc,TA301,2012-06-21 09:00:42.830,7132.0000,170716,-12,0.0000,16.0000,2,14,空平,B,7134.0000,0.0000,0.0000,0.0000,0.0000,7136.0000,0.0000,0.0000,0.0000,0.0000,1,0,0,0,0,30,0,0,0,0
zc,TA301,2012-06-21 09:00:43.363,7134.0000,170718,2,0.0000,6.0000,4,2,多开,B,7134.0000,0.0000,0.0000,0.0000,0.0000,7136.0000,0.0000,0.0000,0.0000,0.0000,1,0,0,0,0,30,0,0,0,0
zc,TA301,2012-06-21 09:00:44.080,7132.0000,170722,4,0.0000,4.0000,4,0,双开,S,7132.0000,0.0000,0.0000,0.0000,0.0000,7134.0000,0.0000,0.0000,0.0000,0.0000,55,0,0,0,0,8,0,0,0,0
zc,TA301,2012-06-21 09:00:44.550,7134.0000,170706,-16,0.0000,32.0000,8,24,空平,B,7132.0000,0.0000,0.0000,0.0000,0.0000,7134.0000,0.0000,0.0000,0.0000,0.0000,45,0,0,0,0,3,0,0,0,0
zc,TA301,2012-06-21 09:00:45.270,7134.0000,170686,-20,0.0000,58.0000,19,39,空平,B,7134.0000,0.0000,0.0000,0.0000,0.0000,7136.0000,0.0000,0.0000,0.0000,0.0000,77,0,0,0,0,37,0,0,0,0
zc,TA301,2012-06-21 09:00:45.817,7136.0000,170680,-6,0.0000,160.0000,77,83,空平,B,7132.0000,0.0000,0.0000,0.0000,0.0000,7136.0000,0.0000,0.0000,0.0000,0.0000,46,0,0,0,0,36,0,0,0,0
zc,TA301,2012-06-21 09:00:46.580,7132.0000,170674,-6,0.0000,18.0000,6,12,多平,S,7132.0000,0.0000,0.0000,0.0000,0.0000,7134.0000,0.0000,0.0000,0.0000,0.0000,54,0,0,0,0,23,0,0,0,0
zc,TA301,2012-06-21 09:00:47.080,7134.0000,170774,100,0.0000,200.0000,150,50,多开,B,7132.0000,0.0000,0.0000,0.0000,0.0000,7134.0000,0.0000,0.0000,0.0000,0.0000,42,0,0,0,0,16,0,0,0,0
zc,TA301,2012-06-21 09:00:48.080,7136.0000,171014,240,0.0000,288.0000,264,24,多开,B,7136.0000,0.0000,0.0000,0.0000,0.0000,7138.0000,0.0000,0.0000,0.0000,0.0000,91,0,0,0,0,414,0,0,0,0
zc,TA301,2012-06-21 09:00:48.270,7136.0000,171024,10,0.0000,92.0000,51,41,多开,B,7136.0000,0.0000,0.0000,0.0000,0.0000,7138.0000,0.0000,0.0000,0.0000,0.0000,45,0,0,0,0,415,0,0,0,0
zc,TA301,2012-06-21 09:00:49.300,7134.0000,171158,134,0.0000,160.0000,147,13,空开,S,7134.0000,0.0000,0.0000,0.0000,0.0000,7136.0000,0.0000,0.0000,0.0000,0.0000,3,0,0,0,0,38,0,0,0,0
zc,TA301,2012-06-21 09:00:49.830,7132.0000,171156,-2,0.0000,76.0000,37,39,多平,S,7132.0000,0.0000,0.0000,0.0000,0.0000,7134.0000,0.0000,0.0000,0.0000,0.0000,45,0,0,0,0,26,0,0,0,0
zc,TA301,2012-06-21 09:00:50.270,7134.0000,171156,0,0.0000,56.0000,28,28,多换,B,7134.0000,0.0000,0.0000,0.0000,0.0000,7136.0000,0.0000,0.0000,0.0000,0.0000,2,0,0,0,0,21,0,0,0,0
zc,TA301,2012-06-21 09:00:51.050,7134.0000,171152,-4,0.0000,26.0000,11,15,空平,B,7132.0000,0.0000,0.0000,0.0000,0.0000,7134.0000,0.0000,0.0000,0.0000,0.0000,34,0,0,0,0,7,0,0,0,0
zc,TA301,2012-06-21 09:00:51.550,7132.0000,171154,2,0.0000,14.0000,8,6,空开,S,7132.0000,0.0000,0.0000,0.0000,0.0000,7134.0000,0.0000,0.0000,0.0000,0.0000,27,0,0,0,0,8,0,0,0,0
zc,TA301,2012-06-21 09:00:52.300,7134.0000,171130,-24,0.0000,38.0000,7,31,空平,B,7132.0000,0.0000,0.0000,0.0000,0.0000,7134.0000,0.0000,0.0000,0.0000,0.0000,18,0,0,0,0,9,0,0,0,0
zc,TA301,2012-06-21 09:00:52.783,7132.0000,171138,8,0.0000,18.0000,13,5,空开,S,7132.0000,0.0000,0.0000,0.0000,0.0000,7134.0000,0.0000,0.0000,0.0000,0.0000,16,0,0,0,0,5,0,0,0,0
zc,TA301,2012-06-21 09:00:53.567,7134.0000,171170,32,0.0000,60.0000,46,14,多开,B,7130.0000,0.0000,0.0000,0.0000,0.0000,7134.0000,0.0000,0.0000,0.0000,0.0000,23,0,0,0,0,4,0,0,0,0
zc,TA301,2012-06-21 09:00:54.080,7134.0000,171164,-6,0.0000,8.0000,1,7,空平,B,7132.0000,0.0000,0.0000,0.0000,0.0000,7134.0000,0.0000,0.0000,0.0000,0.0000,1,0,0,0,0,6,0,0,0,0
zc,TA301,2012-06-21 09:00:55.050,7134.0000,171146,-18,0.0000,26.0000,4,22,空平,B,7134.0000,0.0000,0.0000,0.0000,0.0000,7136.0000,0.0000,0.0000,0.0000,0.0000,2,0,0,0,0,22,0,0,0,0
zc,TA301,2012-06-21 09:00:55.597,7134.0000,171124,-22,0.0000,60.0000,19,41,空平,B,7132.0000,0.0000,0.0000,0.0000,0.0000,7134.0000,0.0000,0.0000,0.0000,0.0000,19,0,0,0,0,20,0,0,0,0
zc,TA301,2012-06-21 09:00:56.300,7132.0000,171118,-6,0.0000,58.0000,26,32,多平,S,7132.0000,0.0000,0.0000,0.0000,0.0000,7134.0000,0.0000,0.0000,0.0000,0.0000,2,0,0,0,0,21,0,0,0,0
zc,TA301,2012-06-21 09:00:56.783,7134.0000,171094,-24,0.0000,28.0000,2,26,空平,B,7132.0000,0.0000,0.0000,0.0000,0.0000,7134.0000,0.0000,0.0000,0.0000,0.0000,11,0,0,0,0,8,0,0,0,0
zc,TA301,2012-06-21 09:00:57.580,7134.0000,171104,10,0.0000,38.0000,24,14,多开,B,7134.0000,0.0000,0.0000,0.0000,0.0000,7138.0000,0.0000,0.0000,0.0000,0.0000,399,0,0,0,0,422,0,0,0,0
zc,TA301,2012-06-21 09:00:58.050,7134.0000,171124,20,0.0000,26.0000,23,3,多开,B,7134.0000,0.0000,0.0000,0.0000,0.0000,7136.0000,0.0000,0.0000,0.0000,0.0000,389,0,0,0,0,1,0,0,0,0
zc,TA301,2012-06-21 09:00:58.800,7136.0000,171132,8,0.0000,12.0000,10,2,多开,B,7136.0000,0.0000,0.0000,0.0000,0.0000,7138.0000,0.0000,0.0000,0.0000,0.0000,6,0,0,0,0,420,0,0,0,0
zc,TA301,2012-06-21 09:00:59.067,7136.0000,171138,6,0.0000,14.0000,10,4,多开,B,7134.0000,0.0000,0.0000,0.0000,0.0000,7138.0000,0.0000,0.0000,0.0000,0.0000,392,0,0,0,0,419,0,0,0,0
zc,TA301,2012-06-21 09:01:00.050,7134.0000,171144,6,0.0000,28.0000,17,11,空开,S,7134.0000,0.0000,0.0000,0.0000,0.0000,7138.0000,0.0000,0.0000,0.0000,0.0000,386,0,0,0,0,422,0,0,0,0
zc,TA301,2012-06-21 09:01:00.253,7134.0000,171144,0,0.0000,2.0000,1,1,空换,S,7134.0000,0.0000,0.0000,0.0000,0.0000,7138.0000,0.0000,0.0000,0.0000,0.0000,387,0,0,0,0,422,0,0,0,0
zc,TA301,2012-06-21 09:01:01.253,7138.0000,171146,2,0.0000,10.0000,6,4,多开,B,7134.0000,0.0000,0.0000,0.0000,0.0000,7138.0000,0.0000,0.0000,0.0000,0.0000,388,0,0,0,0,418,0,0,0,0
zc,TA301,2012-06-21 09:01:01.800,7134.0000,171138,-8,0.0000,16.0000,4,12,多平,S,7136.0000,0.0000,0.0000,0.0000,0.0000,7138.0000,0.0000,0.0000,0.0000,0.0000,1,0,0,0,0,418,0,0,0,0
zc,TA301,2012-06-21 09:01:02.550,7138.0000,171142,4,0.0000,6.0000,5,1,多开,B,7136.0000,0.0000,0.0000,0.0000,0.0000,7138.0000,0.0000,0.0000,0.0000,0.0000,16,0,0,0,0,414,0,0,0,0
zc,TA301,2012-06-21 09:01:03.080,7138.0000,171244,102,0.0000,102.0000,102,0,双开,B,7136.0000,0.0000,0.0000,0.0000,0.0000,7138.0000,0.0000,0.0000,0.0000,0.0000,11,0,0,0,0,366,0,0,0,0
zc,TA301,2012-06-21 09:01:03.817,7138.0000,171252,8,0.0000,36.0000,22,14,多开,B,7134.0000,0.0000,0.0000,0.0000,0.0000,7138.0000,0.0000,0.0000,0.0000,0.0000,382,0,0,0,0,371,0,0,0,0
zc,TA301,2012-06-21 09:01:04.330,7136.0000,171356,104,0.0000,108.0000,106,2,空开,S,7134.0000,0.0000,0.0000,0.0000,0.0000,7136.0000,0.0000,0.0000,0.0000,0.0000,331,0,0,0,0,27,0,0,0,0
zc,TA301,2012-06-21 09:01:05.033,7134.0000,171366,10,0.0000,26.0000,18,8,空开,S,7134.0000,0.0000,0.0000,0.0000,0.0000,7136.0000,0.0000,0.0000,0.0000,0.0000,327,0,0,0,0,15,0,0,0,0
zc,TA301,2012-06-21 09:01:06.080,7134.0000,171618,252,0.0000,260.0000,256,4,空开,S,7134.0000,0.0000,0.0000,0.0000,0.0000,7136.0000,0.0000,0.0000,0.0000,0.0000,200,0,0,0,0,13,0,0,0,0
zc,TA301,2012-06-21 09:01:06.597,7134.0000,171744,126,0.0000,130.0000,128,2,空开,S,7134.0000,0.0000,0.0000,0.0000,0.0000,7136.0000,0.0000,0.0000,0.0000,0.0000,138,0,0,0,0,15,0,0,0,0
zc,TA301,2012-06-21 09:01:07.067,7136.0000,171772,28,0.0000,30.0000,29,1,多开,B,7134.0000,0.0000,0.0000,0.0000,0.0000,7136.0000,0.0000,0.0000,0.0000,0.0000,136,0,0,0,0,7,0,0,0,0
zc,TA301,2012-06-21 09:01:08.050,7134.0000,171788,16,0.0000,22.0000,19,3,空开,S,7134.0000,0.0000,0.0000,0.0000,0.0000,7136.0000,0.0000,0.0000,0.0000,0.0000,135,0,0,0,0,14,0,0,0,0
zc,TA301,2012-06-21 09:01:08.283,7136.0000,171796,8,0.0000,8.0000,8,0,双开,B,7134.0000,0.0000,0.0000,0.0000,0.0000,7136.0000,0.0000,0.0000,0.0000,0.0000,166,0,0,0,0,10,0,0,0,0
zc,TA301,2012-06-21 09:01:09.067,7134.0000,171868,72,0.0000,76.0000,74,2,空开,S,7134.0000,0.0000,0.0000,0.0000,0.0000,7136.0000,0.0000,0.0000,0.0000,0.0000,131,0,0,0,0,39,0,0,0,0
zc,TA301,2012-06-21 09:01:09.567,7134.0000,171876,8,0.0000,580.0000,294,286,空开,S,7134.0000,0.0000,0.0000,0.0000,0.0000,7136.0000,0.0000,0.0000,0.0000,0.0000,93,0,0,0,0,6,0,0,0,0
zc,TA301,2012-06-21 09:01:10.300,7134.0000,171882,6,0.0000,6.0000,6,0,双开,S,7134.0000,0.0000,0.0000,0.0000,0.0000,7136.0000,0.0000,0.0000,0.0000,0.0000,96,0,0,0,0,30,0,0,0,0
zc,TA301,2012-06-21 09:01:10.770,7134.0000,171970,88,0.0000,132.0000,110,22,空开,S,7134.0000,0.0000,0.0000,0.0000,0.0000,7136.0000,0.0000,0.0000,0.0000,0.0000,30,0,0,0,0,41,0,0,0,0
zc,TA301,2012-06-21 09:01:11.550,7134.0000,171970,0,0.0000,68.0000,34,34,空换,S,7132.0000,0.0000,0.0000,0.0000,0.0000,7134.0000,0.0000,0.0000,0.0000,0.0000,16,0,0,0,0,2,0,0,0,0
zc,TA301,2012-06-21 09:01:12.003,7132.0000,171972,2,0.0000,6.0000,4,2,空开,S,7132.0000,0.0000,0.0000,0.0000,0.0000,7134.0000,0.0000,0.0000,0.0000,0.0000,13,0,0,0,0,2,0,0,0,0
zc,TA301,2012-06-21 09:01:12.567,7136.0000,171996,24,0.0000,102.0000,63,39,多开,B,7136.0000,0.0000,0.0000,0.0000,0.0000,7138.0000,0.0000,0.0000,0.0000,0.0000,29,0,0,0,0,193,0,0,0,0
zc,TA301,2012-06-21 09:01:13.300,7136.0000,172014,18,0.0000,28.0000,23,5,多开,B,7136.0000,0.0000,0.0000,0.0000,0.0000,7138.0000,0.0000,0.0000,0.0000,0.0000,50,0,0,0,0,190,0,0,0,0
zc,TA301,2012-06-21 09:01:13.783,7138.0000,172056,42,0.0000,56.0000,49,7,多开,B,7136.0000,0.0000,0.0000,0.0000,0.0000,7138.0000,0.0000,0.0000,0.0000,0.0000,28,0,0,0,0,174,0,0,0,0
zc,TA301,2012-06-21 09:01:14.567,7136.0000,172070,14,0.0000,38.0000,26,12,空开,S,7136.0000,0.0000,0.0000,0.0000,0.0000,7138.0000,0.0000,0.0000,0.0000,0.0000,21,0,0,0,0,174,0,0,0,0
zc,TA301,2012-06-21 09:01:15.033,7138.0000,172082,12,0.0000,12.0000,12,0,双开,B,7136.0000,0.0000,0.0000,0.0000,0.0000,7138.0000,0.0000,0.0000,0.0000,0.0000,16,0,0,0,0,174,0,0,0,0
zc,TA301,2012-06-21 09:01:16.067,7136.0000,172084,2,0.0000,36.0000,19,17,空开,S,7136.0000,0.0000,0.0000,0.0000,0.0000,7138.0000,0.0000,0.0000,0.0000,0.0000,20,0,0,0,0,163,0,0,0,0
zc,TA301,2012-06-21 09:01:16.533,7136.0000,172100,16,0.0000,20.0000,18,2,空开,S,7136.0000,0.0000,0.0000,0.0000,0.0000,7138.0000,0.0000,0.0000,0.0000,0.0000,3,0,0,0,0,161,0,0,0,0
zc,TA301,2012-06-21 09:01:17.270,7136.0000,172114,14,0.0000,34.0000,24,10,空开,S,7136.0000,0.0000,0.0000,0.0000,0.0000,7138.0000,0.0000,0.0000,0.0000,0.0000,4,0,0,0,0,150,0,0,0,0
zc,TA301,2012-06-21 09:01:17.817,7138.0000,172128,14,0.0000,14.0000,14,0,双开,B,7136.0000,0.0000,0.0000,0.0000,0.0000,7138.0000,0.0000,0.0000,0.0000,0.0000,3,0,0,0,0,159,0,0,0,0
zc,TA301,2012-06-21 09:01:18.520,7138.0000,172140,12,0.0000,24.0000,18,6,多开,B,7136.0000,0.0000,0.0000,0.0000,0.0000,7138.0000,0.0000,0.0000,0.0000,0.0000,8,0,0,0,0,140,0,0,0,0
zc,TA301,2012-06-21 09:01:19.033,7136.0000,172136,-4,0.0000,18.0000,7,11,多平,S,7136.0000,0.0000,0.0000,0.0000,0.0000,7138.0000,0.0000,0.0000,0.0000,0.0000,3,0,0,0,0,136,0,0,0,0
zc,TA301,2012-06-21 09:01:19.817,7136.0000,172134,-2,0.0000,32.0000,15,17,多平,S,7134.0000,0.0000,0.0000,0.0000,0.0000,7136.0000,0.0000,0.0000,0.0000,0.0000,18,0,0,0,0,55,0,0,0,0
zc,TA301,2012-06-21 09:01:20.300,7136.0000,172140,6,0.0000,10.0000,8,2,空开,S,7134.0000,0.0000,0.0000,0.0000,0.0000,7136.0000,0.0000,0.0000,0.0000,0.0000,16,0,0,0,0,57,0,0,0,0
zc,TA301,2012-06-21 09:01:20.783,7136.0000,172144,4,0.0000,8.0000,6,2,空开,S,7134.0000,0.0000,0.0000,0.0000,0.0000,7136.0000,0.0000,0.0000,0.0000,0.0000,27,0,0,0,0,55,0,0,0,0
zc,TA301,2012-06-21 09:01:21.270,7136.0000,172144,0,0.0000,0.0000,0,0,空换,S,7134.0000,0.0000,0.0000,0.0000,0.0000,7136.0000,0.0000,0.0000,0.0000,0.0000,26,0,0,0,0,55,0,0,0,0
zc,TA301,2012-06-21 09:01:22.033,7134.0000,172136,-8,0.0000,114.0000,53,61,多平,S,7134.0000,0.0000,0.0000,0.0000,0.0000,7136.0000,0.0000,0.0000,0.0000,0.0000,16,0,0,0,0,4,0,0,0,0
zc,TA301,2012-06-21 09:01:22.580,7136.0000,172234,98,0.0000,110.0000,104,6,多开,B,7136.0000,0.0000,0.0000,0.0000,0.0000,7138.0000,0.0000,0.0000,0.0000,0.0000,3,0,0,0,0,149,0,0,0,0
zc,TA301,2012-06-21 09:01:23.317,7136.0000,172220,-14,0.0000,20.0000,3,17,空平,B,7136.0000,0.0000,0.0000,0.0000,0.0000,7138.0000,0.0000,0.0000,0.0000,0.0000,5,0,0,0,0,147,0,0,0,0
zc,TA301,2012-06-21 09:01:23.753,7136.0000,172222,2,0.0000,28.0000,15,13,多开,B,7136.0000,0.0000,0.0000,0.0000,0.0000,7138.0000,0.0000,0.0000,0.0000,0.0000,52,0,0,0,0,138,0,0,0,0
zc,TA301,2012-06-21 09:01:24.503,7138.0000,172218,-4,0.0000,56.0000,26,30,空平,B,7136.0000,0.0000,0.0000,0.0000,0.0000,7138.0000,0.0000,0.0000,0.0000,0.0000,26,0,0,0,0,116,0,0,0,0
zc,TA301,2012-06-21 09:01:25.050,7136.0000,172210,-8,0.0000,58.0000,25,33,多平,S,7136.0000,0.0000,0.0000,0.0000,0.0000,7138.0000,0.0000,0.0000,0.0000,0.0000,59,0,0,0,0,114,0,0,0,0
zc,TA301,2012-06-21 09:01:26.050,7136.0000,172222,12,0.0000,48.0000,30,18,空开,S,7136.0000,0.0000,0.0000,0.0000,0.0000,7138.0000,0.0000,0.0000,0.0000,0.0000,40,0,0,0,0,111,0,0,0,0
zc,TA301,2012-06-21 09:01:26.520,7136.0000,172228,6,0.0000,10.0000,8,2,空开,S,7136.0000,0.0000,0.0000,0.0000,0.0000,7138.0000,0.0000,0.0000,0.0000,0.0000,37,0,0,0,0,110,0,0,0,0
zc,TA301,2012-06-21 09:01:27.050,7136.0000,172234,6,0.0000,22.0000,14,8,空开,S,7136.0000,0.0000,0.0000,0.0000,0.0000,7138.0000,0.0000,0.0000,0.0000,0.0000,35,0,0,0,0,106,0,0,0,0
zc,TA301,2012-06-21 09:01:27.817,7136.0000,172238,4,0.0000,24.0000,14,10,空开,S,7136.0000,0.0000,0.0000,0.0000,0.0000,7138.0000,0.0000,0.0000,0.0000,0.0000,31,0,0,0,0,101,0,0,0,0
zc,TA301,2012-06-21 09:01:28.300,7136.0000,172244,6,0.0000,54.0000,30,24,空开,S,7136.0000,0.0000,0.0000,0.0000,0.0000,7138.0000,0.0000,0.0000,0.0000,0.0000,28,0,0,0,0,78,0,0,0,0
zc,TA301,2012-06-21 09:01:29.067,7136.0000,172254,10,0.0000,16.0000,13,3,空开,S,7136.0000,0.0000,0.0000,0.0000,0.0000,7138.0000,0.0000,0.0000,0.0000,0.0000,28,0,0,0,0,84,0,0,0,0
zc,TA301,2012-06-21 09:01:29.550,7136.0000,172312,58,0.0000,72.0000,65,7,空开,S,7134.0000,0.0000,0.0000,0.0000,0.0000,7136.0000,0.0000,0.0000,0.0000,0.0000,26,0,0,0,0,36,0,0,0,0
zc,TA301,2012-06-21 09:01:30.270,7136.0000,172326,14,0.0000,14.0000,14,0,双开,S,7134.0000,0.0000,0.0000,0.0000,0.0000,7136.0000,0.0000,0.0000,0.0000,0.0000,26,0,0,0,0,29,0,0,0,0
zc,TA301,2012-06-21 09:01:30.783,7136.0000,172330,4,0.0000,4.0000,4,0,双开,S,7134.0000,0.0000,0.0000,0.0000,0.0000,7136.0000,0.0000,0.0000,0.0000,0.0000,26,0,0,0,0,29,0,0,0,0
zc,TA301,2012-06-21 09:01:31.520,7138.0000,172330,0,0.0000,20.0000,10,10,多换,B,7136.0000,0.0000,0.0000,0.0000,0.0000,7138.0000,0.0000,0.0000,0.0000,0.0000,3,0,0,0,0,106,0,0,0,0
zc,TA301,2012-06-21 09:01:32.050,7138.0000,172332,2,0.0000,2.0000,2,0,双开,B,7136.0000,0.0000,0.0000,0.0000,0.0000,7138.0000,0.0000,0.0000,0.0000,0.0000,7,0,0,0,0,106,0,0,0,0
zc,TA301,2012-06-21 09:01:32.800,7136.0000,172336,4,0.0000,8.0000,6,2,空开,S,7134.0000,0.0000,0.0000,0.0000,0.0000,7136.0000,0.0000,0.0000,0.0000,0.0000,26,0,0,0,0,1,0,0,0,0
zc,TA301,2012-06-21 09:01:33.283,7136.0000,172336,0,0.0000,10.0000,5,5,空换,S,7134.0000,0.0000,0.0000,0.0000,0.0000,7136.0000,0.0000,0.0000,0.0000,0.0000,26,0,0,0,0,13,0,0,0,0
zc,TA301,2012-06-21 09:01:33.783,7136.0000,172338,2,0.0000,2.0000,2,0,双开,S,7134.0000,0.0000,0.0000,0.0000,0.0000,7136.0000,0.0000,0.0000,0.0000,0.0000,27,0,0,0,0,12,0,0,0,0
zc,TA301,2012-06-21 09:01:34.317,7138.0000,172360,22,0.0000,32.0000,27,5,多开,B,7134.0000,0.0000,0.0000,0.0000,0.0000,7138.0000,0.0000,0.0000,0.0000,0.0000,28,0,0,0,0,92,0,0,0,0
zc,TA301,2012-06-21 09:01:35.020,7134.0000,172360,0,0.0000,2.0000,1,1,空换,S,7134.0000,0.0000,0.0000,0.0000,0.0000,7136.0000,0.0000,0.0000,0.0000,0.0000,28,0,0,0,0,12,0,0,0,0
zc,TA301,2012-06-21 09:01:35.520,7136.0000,172376,16,0.0000,18.0000,17,1,多开,B,7134.0000,0.0000,0.0000,0.0000,0.0000,7136.0000,0.0000,0.0000,0.0000,0.0000,28,0,0,0,0,4,0,0,0,0
zc,TA301,2012-06-21 09:01:36.597,7136.0000,172396,20,0.0000,58.0000,39,19,多开,B,7136.0000,0.0000,0.0000,0.0000,0.0000,7138.0000,0.0000,0.0000,0.0000,0.0000,95,0,0,0,0,94,0,0,0,0
zc,TA301,2012-06-21 09:01:37.067,7138.0000,172510,114,0.0000,144.0000,129,15,多开,B,7136.0000,0.0000,0.0000,0.0000,0.0000,7138.0000,0.0000,0.0000,0.0000,0.0000,24,0,0,0,0,94,0,0,0,0
zc,TA301,2012-06-21 09:01:37.783,7136.0000,172510,0,0.0000,8.0000,4,4,空换,S,7136.0000,0.0000,0.0000,0.0000,0.0000,7138.0000,0.0000,0.0000,0.0000,0.0000,20,0,0,0,0,95,0,0,0,0
zc,TA301,2012-06-21 09:01:38.270,7136.0000,172514,4,0.0000,6.0000,5,1,空开,S,7136.0000,0.0000,0.0000,0.0000,0.0000,7138.0000,0.0000,0.0000,0.0000,0.0000,17,0,0,0,0,95,0,0,0,0
zc,TA301,2012-06-21 09:01:39.067,7134.0000,172504,-10,0.0000,36.0000,13,23,多平,S,7134.0000,0.0000,0.0000,0.0000,0.0000,7136.0000,0.0000,0.0000,0.0000,0.0000,16,0,0,0,0,129,0,0,0,0
zc,TA301,2012-06-21 09:01:39.550,7136.0000,172504,0,0.0000,8.0000,4,4,多换,B,7134.0000,0.0000,0.0000,0.0000,0.0000,7136.0000,0.0000,0.0000,0.0000,0.0000,14,0,0,0,0,132,0,0,0,0
zc,TA301,2012-06-21 09:01:40.283,7136.0000,172504,0,0.0000,6.0000,3,3,多换,B,7134.0000,0.0000,0.0000,0.0000,0.0000,7136.0000,0.0000,0.0000,0.0000,0.0000,24,0,0,0,0,147,0,0,0,0
zc,TA301,2012-06-21 09:01:41.067,7134.0000,172508,4,0.0000,10.0000,7,3,空开,S,7134.0000,0.0000,0.0000,0.0000,0.0000,7136.0000,0.0000,0.0000,0.0000,0.0000,20,0,0,0,0,148,0,0,0,0
zc,TA301,2012-06-21 09:01:41.770,7134.0000,172508,0,0.0000,0.0000,0,0,空换,S,7134.0000,0.0000,0.0000,0.0000,0.0000,7136.0000,0.0000,0.0000,0.0000,0.0000,28,0,0,0,0,148,0,0,0,0
zc,TA301,2012-06-21 09:01:42.317,7134.0000,172510,2,0.0000,6.0000,4,2,空开,S,7134.0000,0.0000,0.0000,0.0000,0.0000,7136.0000,0.0000,0.0000,0.0000,0.0000,26,0,0,0,0,147,0,0,0,0
zc,TA301,2012-06-21 09:01:43.033,7134.0000,172534,24,0.0000,34.0000,29,5,空开,S,7134.0000,0.0000,0.0000,0.0000,0.0000,7136.0000,0.0000,0.0000,0.0000,0.0000,9,0,0,0,0,149,0,0,0,0
zc,TA301,2012-06-21 09:01:43.567,7134.0000,172548,14,0.0000,42.0000,28,14,空开,S,7132.0000,0.0000,0.0000,0.0000,0.0000,7134.0000,0.0000,0.0000,0.0000,0.0000,14,0,0,0,0,4,0,0,0,0
zc,TA301,2012-06-21 09:01:44.270,7134.0000,172558,10,0.0000,10.0000,10,0,双开,S,7132.0000,0.0000,0.0000,0.0000,0.0000,7134.0000,0.0000,0.0000,0.0000,0.0000,14,0,0,0,0,22,0,0,0,0
zc,TA301,2012-06-21 09:01:44.783,7132.0000,172564,6,0.0000,12.0000,9,3,空开,S,7132.0000,0.0000,0.0000,0.0000,0.0000,7134.0000,0.0000,0.0000,0.0000,0.0000,8,0,0,0,0,22,0,0,0,0
zc,TA301,2012-06-21 09:01:45.567,7132.0000,172580,16,0.0000,74.0000,45,29,空开,S,7132.0000,0.0000,0.0000,0.0000,0.0000,7134.0000,0.0000,0.0000,0.0000,0.0000,5,0,0,0,0,14,0,0,0,0
zc,TA301,2012-06-21 09:01:46.050,7132.0000,172570,-10,0.0000,40.0000,15,25,多平,S,7130.0000,0.0000,0.0000,0.0000,0.0000,7132.0000,0.0000,0.0000,0.0000,0.0000,24,0,0,0,0,85,0,0,0,0
zc,TA301,2012-06-21 09:01:46.753,7130.0000,172568,-2,0.0000,6.0000,2,4,多平,S,7130.0000,0.0000,0.0000,0.0000,0.0000,7132.0000,0.0000,0.0000,0.0000,0.0000,23,0,0,0,0,83,0,0,0,0
zc,TA301,2012-06-21 09:01:47.533,7128.0000,172594,26,0.0000,50.0000,38,12,空开,S,7128.0000,0.0000,0.0000,0.0000,0.0000,7130.0000,0.0000,0.0000,0.0000,0.0000,41,0,0,0,0,200,0,0,0,0
zc,TA301,2012-06-21 09:01:48.003,7130.0000,172532,-62,0.0000,82.0000,10,72,空平,B,7128.0000,0.0000,0.0000,0.0000,0.0000,7130.0000,0.0000,0.0000,0.0000,0.0000,38,0,0,0,0,165,0,0,0,0
zc,TA301,2012-06-21 09:01:48.783,7128.0000,172550,18,0.0000,36.0000,27,9,空开,S,7128.0000,0.0000,0.0000,0.0000,0.0000,7130.0000,0.0000,0.0000,0.0000,0.0000,29,0,0,0,0,156,0,0,0,0
zc,TA301,2012-06-21 09:01:48.987,7128.0000,172538,-12,0.0000,18.0000,3,15,多平,S,7128.0000,0.0000,0.0000,0.0000,0.0000,7130.0000,0.0000,0.0000,0.0000,0.0000,26,0,0,0,0,162,0,0,0,0
zc,TA301,2012-06-21 09:01:49.753,7128.0000,172538,0,0.0000,0.0000,0,0,空换,S,7128.0000,0.0000,0.0000,0.0000,0.0000,7130.0000,0.0000,0.0000,0.0000,0.0000,26,0,0,0,0,164,0,0,0,0
zc,TA301,2012-06-21 09:01:50.270,7128.0000,172542,4,0.0000,20.0000,12,8,空开,S,7128.0000,0.0000,0.0000,0.0000,0.0000,7130.0000,0.0000,0.0000,0.0000,0.0000,19,0,0,0,0,164,0,0,0,0
zc,TA301,2012-06-21 09:01:51.033,7128.0000,172542,0,0.0000,32.0000,16,16,空换,S,7128.0000,0.0000,0.0000,0.0000,0.0000,7130.0000,0.0000,0.0000,0.0000,0.0000,8,0,0,0,0,159,0,0,0,0
zc,TA301,2012-06-21 09:01:51.533,7128.0000,172536,-6,0.0000,20.0000,7,13,多平,S,7126.0000,0.0000,0.0000,0.0000,0.0000,7128.0000,0.0000,0.0000,0.0000,0.0000,12,0,0,0,0,4,0,0,0,0
zc,TA301,2012-06-21 09:01:52.783,7128.0000,172538,2,0.0000,4.0000,3,1,空开,S,7126.0000,0.0000,0.0000,0.0000,0.0000,7128.0000,0.0000,0.0000,0.0000,0.0000,13,0,0,0,0,5,0,0,0,0
zc,TA301,2012-06-21 09:01:53.533,7126.0000,172552,14,0.0000,38.0000,26,12,空开,S,7126.0000,0.0000,0.0000,0.0000,0.0000,7128.0000,0.0000,0.0000,0.0000,0.0000,5,0,0,0,0,14,0,0,0,0
zc,TA301,2012-06-21 09:01:54.033,7126.0000,172552,0,0.0000,10.0000,5,5,空换,S,7126.0000,0.0000,0.0000,0.0000,0.0000,7128.0000,0.0000,0.0000,0.0000,0.0000,10,0,0,0,0,24,0,0,0,0
zc,TA301,2012-06-21 09:01:54.783,7126.0000,172520,-32,0.0000,52.0000,10,42,多平,S,7124.0000,0.0000,0.0000,0.0000,0.0000,7126.0000,0.0000,0.0000,0.0000,0.0000,3,0,0,0,0,17,0,0,0,0
zc,TA301,2012-06-21 09:01:55.283,7126.0000,172492,-28,0.0000,56.0000,14,42,多平,S,7126.0000,0.0000,0.0000,0.0000,0.0000,7128.0000,0.0000,0.0000,0.0000,0.0000,9,0,0,0,0,20,0,0,0,0
zc,TA301,2012-06-21 09:01:55.973,7126.0000,172482,-10,0.0000,16.0000,3,13,多平,S,7126.0000,0.0000,0.0000,0.0000,0.0000,7128.0000,0.0000,0.0000,0.0000,0.0000,2,0,0,0,0,13,0,0,0,0
zc,TA301,2012-06-21 09:01:56.503,7126.0000,172478,-4,0.0000,16.0000,6,10,多平,S,7126.0000,0.0000,0.0000,0.0000,0.0000,7128.0000,0.0000,0.0000,0.0000,0.0000,6,0,0,0,0,13,0,0,0,0
zc,TA301,2012-06-21 09:01:57.270,7126.0000,172474,-4,0.0000,8.0000,2,6,多平,S,7126.0000,0.0000,0.0000,0.0000,0.0000,7128.0000,0.0000,0.0000,0.0000,0.0000,15,0,0,0,0,21,0,0,0,0
zc,TA301,2012-06-21 09:01:58.033,7128.0000,172446,-28,0.0000,48.0000,10,38,空平,B,7128.0000,0.0000,0.0000,0.0000,0.0000,7130.0000,0.0000,0.0000,0.0000,0.0000,1,0,0,0,0,178,0,0,0,0
zc,TA301,2012-06-21 09:01:58.520,7128.0000,172420,-26,0.0000,32.0000,3,29,空平,B,7128.0000,0.0000,0.0000,0.0000,0.0000,7130.0000,0.0000,0.0000,0.0000,0.0000,26,0,0,0,0,167,0,0,0,0
zc,TA301,2012-06-21 09:01:59.253,7128.0000,172394,-26,0.0000,54.0000,14,40,空平,B,7128.0000,0.0000,0.0000,0.0000,0.0000,7130.0000,0.0000,0.0000,0.0000,0.0000,10,0,0,0,0,158,0,0,0,0
zc,TA301,2012-06-21 09:01:59.737,7128.0000,172386,-8,0.0000,8.0000,0,8,双平,B,7128.0000,0.0000,0.0000,0.0000,0.0000,7130.0000,0.0000,0.0000,0.0000,0.0000,11,0,0,0,0,157,0,0,0,0
zc,TA301,2012-06-21 09:02:00.487,7130.0000,172338,-48,0.0000,52.0000,2,50,空平,B,7128.0000,0.0000,0.0000,0.0000,0.0000,7130.0000,0.0000,0.0000,0.0000,0.0000,10,0,0,0,0,137,0,0,0,0
zc,TA301,2012-06-21 09:02:00.817,7128.0000,172168,-170,0.0000,176.0000,3,173,多平,S,7128.0000,0.0000,0.0000,0.0000,0.0000,7130.0000,0.0000,0.0000,0.0000,0.0000,13,0,0,0,0,52,0,0,0,0
zc,TA301,2012-06-21 09:02:01.580,7130.0000,172178,10,0.0000,126.0000,68,58,多开,B,7130.0000,0.0000,0.0000,0.0000,0.0000,7132.0000,0.0000,0.0000,0.0000,0.0000,17,0,0,0,0,71,0,0,0,0
zc,TA301,2012-06-21 09:02:02.270,7130.0000,172172,-6,0.0000,10.0000,2,8,空平,B,7130.0000,0.0000,0.0000,0.0000,0.0000,7132.0000,0.0000,0.0000,0.0000,0.0000,13,0,0,0,0,9,0,0,0,0
zc,TA301,2012-06-21 09:02:02.800,7130.0000,172174,2,0.0000,28.0000,15,13,多开,B,7128.0000,0.0000,0.0000,0.0000,0.0000,7132.0000,0.0000,0.0000,0.0000,0.0000,47,0,0,0,0,16,0,0,0,0
zc,TA301,2012-06-21 09:02:03.317,7130.0000,172176,2,0.0000,6.0000,4,2,多开,B,7128.0000,0.0000,0.0000,0.0000,0.0000,7132.0000,0.0000,0.0000,0.0000,0.0000,47,0,0,0,0,11,0,0,0,0
zc,TA301,2012-06-21 09:02:04.050,7130.0000,172178,2,0.0000,10.0000,6,4,多开,B,7128.0000,0.0000,0.0000,0.0000,0.0000,7132.0000,0.0000,0.0000,0.0000,0.0000,48,0,0,0,0,11,0,0,0,0
zc,TA301,2012-06-21 09:02:04.550,7132.0000,172186,8,0.0000,58.0000,33,25,多开,B,7128.0000,0.0000,0.0000,0.0000,0.0000,7132.0000,0.0000,0.0000,0.0000,0.0000,25,0,0,0,0,8,0,0,0,0
zc,TA301,2012-06-21 09:02:05.283,7128.0000,172180,-6,0.0000,14.0000,4,10,多平,S,7128.0000,0.0000,0.0000,0.0000,0.0000,7130.0000,0.0000,0.0000,0.0000,0.0000,21,0,0,0,0,2,0,0,0,0
zc,TA301,2012-06-21 09:02:05.973,7130.0000,172180,0,0.0000,4.0000,2,2,多换,B,7128.0000,0.0000,0.0000,0.0000,0.0000,7130.0000,0.0000,0.0000,0.0000,0.0000,20,0,0,0,0,2,0,0,0,0
zc,TA301,2012-06-21 09:02:06.127,7130.0000,172190,10,0.0000,12.0000,11,1,多开,B,7130.0000,0.0000,0.0000,0.0000,0.0000,7132.0000,0.0000,0.0000,0.0000,0.0000,4,0,0,0,0,5,0,0,0,0
zc,TA301,2012-06-21 09:02:06.830,7130.0000,172198,8,0.0000,8.0000,8,0,双开,B,7128.0000,0.0000,0.0000,0.0000,0.0000,7132.0000,0.0000,0.0000,0.0000,0.0000,23,0,0,0,0,1,0,0,0,0
zc,TA301,2012-06-21 09:02:07.300,7132.0000,172200,2,0.0000,2.0000,2,0,双开,B,7128.0000,0.0000,0.0000,0.0000,0.0000,7132.0000,0.0000,0.0000,0.0000,0.0000,23,0,0,0,0,1,0,0,0,0
zc,TA301,2012-06-21 09:02:08.020,7128.0000,172200,0,0.0000,6.0000,3,3,空换,S,7128.0000,0.0000,0.0000,0.0000,0.0000,7132.0000,0.0000,0.0000,0.0000,0.0000,20,0,0,0,0,2,0,0,0,0
zc,TA301,2012-06-21 09:02:08.597,7128.0000,172216,16,0.0000,132.0000,74,58,空开,S,7126.0000,0.0000,0.0000,0.0000,0.0000,7128.0000,0.0000,0.0000,0.0000,0.0000,19,0,0,0,0,37,0,0,0,0
zc,TA301,2012-06-21 09:02:09.300,7128.0000,172222,6,0.0000,12.0000,9,3,空开,S,7126.0000,0.0000,0.0000,0.0000,0.0000,7128.0000,0.0000,0.0000,0.0000,0.0000,21,0,0,0,0,31,0,0,0,0
zc,TA301,2012-06-21 09:02:09.817,7128.0000,172260,38,0.0000,80.0000,59,21,空开,S,7126.0000,0.0000,0.0000,0.0000,0.0000,7128.0000,0.0000,0.0000,0.0000,0.0000,123,0,0,0,0,12,0,0,0,0
zc,TA301,2012-06-21 09:02:10.550,7132.0000,172272,12,0.0000,34.0000,23,11,多开,B,7128.0000,0.0000,0.0000,0.0000,0.0000,7132.0000,0.0000,0.0000,0.0000,0.0000,14,0,0,0,0,22,0,0,0,0
zc,TA301,2012-06-21 09:02:11.080,7128.0000,172268,-4,0.0000,6.0000,1,5,多平,S,7130.0000,0.0000,0.0000,0.0000,0.0000,7132.0000,0.0000,0.0000,0.0000,0.0000,1,0,0,0,0,29,0,0,0,0
zc,TA301,2012-06-21 09:02:11.830,7132.0000,172268,0,0.0000,2.0000,1,1,多换,B,7130.0000,0.0000,0.0000,0.0000,0.0000,7132.0000,0.0000,0.0000,0.0000,0.0000,1,0,0,0,0,28,0,0,0,0
zc,TA301,2012-06-21 09:02:12.300,7128.0000,172264,-4,0.0000,14.0000,5,9,多平,S,7128.0000,0.0000,0.0000,0.0000,0.0000,7130.0000,0.0000,0.0000,0.0000,0.0000,90,0,0,0,0,2,0,0,0,0
zc,TA301,2012-06-21 09:02:13.003,7128.0000,172262,-2,0.0000,2.0000,0,2,双平,S,7128.0000,0.0000,0.0000,0.0000,0.0000,7130.0000,0.0000,0.0000,0.0000,0.0000,16,0,0,0,0,50,0,0,0,0
zc,TA301,2012-06-21 09:02:13.800,7128.0000,172258,-4,0.0000,16.0000,6,10,多平,S,7128.0000,0.0000,0.0000,0.0000,0.0000,7130.0000,0.0000,0.0000,0.0000,0.0000,19,0,0,0,0,149,0,0,0,0
zc,TA301,2012-06-21 09:02:14.050,7130.0000,172250,-8,0.0000,30.0000,11,19,空平,B,7128.0000,0.0000,0.0000,0.0000,0.0000,7130.0000,0.0000,0.0000,0.0000,0.0000,20,0,0,0,0,139,0,0,0,0
zc,TA301,2012-06-21 09:02:14.830,7128.0000,172148,-102,0.0000,218.0000,58,160,多平,S,7126.0000,0.0000,0.0000,0.0000,0.0000,7128.0000,0.0000,0.0000,0.0000,0.0000,23,0,0,0,0,214,0,0,0,0
zc,TA301,2012-06-21 09:02:15.253,7128.0000,172078,-70,0.0000,106.0000,18,88,多平,S,7126.0000,0.0000,0.0000,0.0000,0.0000,7128.0000,0.0000,0.0000,0.0000,0.0000,28,0,0,0,0,161,0,0,0,0
zc,TA301,2012-06-21 09:02:16.020,7126.0000,171882,-196,0.0000,224.0000,14,210,多平,S,7126.0000,0.0000,0.0000,0.0000,0.0000,7128.0000,0.0000,0.0000,0.0000,0.0000,26,0,0,0,0,51,0,0,0,0
zc,TA301,2012-06-21 09:02:16.533,7126.0000,171866,-16,0.0000,18.0000,1,17,多平,S,7126.0000,0.0000,0.0000,0.0000,0.0000,7128.0000,0.0000,0.0000,0.0000,0.0000,17,0,0,0,0,43,0,0,0,0
zc,TA301,2012-06-21 09:02:17.253,7128.0000,171862,-4,0.0000,12.0000,4,8,空平,B,7126.0000,0.0000,0.0000,0.0000,0.0000,7128.0000,0.0000,0.0000,0.0000,0.0000,17,0,0,0,0,37,0,0,0,0
zc,TA301,2012-06-21 09:02:17.753,7126.0000,171884,22,0.0000,24.0000,23,1,空开,S,7126.0000,0.0000,0.0000,0.0000,0.0000,7128.0000,0.0000,0.0000,0.0000,0.0000,7,0,0,0,0,39,0,0,0,0
zc,TA301,2012-06-21 09:02:18.520,7128.0000,171884,0,0.0000,4.0000,2,2,多换,B,7126.0000,0.0000,0.0000,0.0000,0.0000,7128.0000,0.0000,0.0000,0.0000,0.0000,8,0,0,0,0,37,0,0,0,0
zc,TA301,2012-06-21 09:02:18.987,7126.0000,171890,6,0.0000,22.0000,14,8,空开,S,7124.0000,0.0000,0.0000,0.0000,0.0000,7128.0000,0.0000,0.0000,0.0000,0.0000,57,0,0,0,0,46,0,0,0,0
zc,TA301,2012-06-21 09:02:19.550,7128.0000,171858,-32,0.0000,38.0000,3,35,空平,B,7124.0000,0.0000,0.0000,0.0000,0.0000,7128.0000,0.0000,0.0000,0.0000,0.0000,56,0,0,0,0,29,0,0,0,0
zc,TA301,2012-06-21 09:02:20.253,7128.0000,171858,0,0.0000,8.0000,4,4,多换,B,7126.0000,0.0000,0.0000,0.0000,0.0000,7128.0000,0.0000,0.0000,0.0000,0.0000,5,0,0,0,0,27,0,0,0,0
zc,TA301,2012-06-21 09:02:20.783,7126.0000,171858,0,0.0000,2.0000,1,1,空换,S,7126.0000,0.0000,0.0000,0.0000,0.0000,7128.0000,0.0000,0.0000,0.0000,0.0000,4,0,0,0,0,30,0,0,0,0
zc,TA301,2012-06-21 09:02:21.520,7126.0000,171856,-2,0.0000,12.0000,5,7,多平,S,7124.0000,0.0000,0.0000,0.0000,0.0000,7126.0000,0.0000,0.0000,0.0000,0.0000,62,0,0,0,0,58,0,0,0,0
zc,TA301,2012-06-21 09:02:22.033,7126.0000,171784,-72,0.0000,76.0000,2,74,多平,S,7124.0000,0.0000,0.0000,0.0000,0.0000,7126.0000,0.0000,0.0000,0.0000,0.0000,68,0,0,0,0,21,0,0,0,0
zc,TA301,2012-06-21 09:02:22.800,7126.0000,171790,6,0.0000,52.0000,29,23,空开,S,7126.0000,0.0000,0.0000,0.0000,0.0000,7128.0000,0.0000,0.0000,0.0000,0.0000,1,0,0,0,0,37,0,0,0,0
zc,TA301,2012-06-21 09:02:23.253,7126.0000,171762,-28,0.0000,30.0000,1,29,多平,S,7124.0000,0.0000,0.0000,0.0000,0.0000,7126.0000,0.0000,0.0000,0.0000,0.0000,72,0,0,0,0,7,0,0,0,0
zc,TA301,2012-06-21 09:02:24.020,7126.0000,171764,2,0.0000,22.0000,12,10,空开,S,7126.0000,0.0000,0.0000,0.0000,0.0000,7128.0000,0.0000,0.0000,0.0000,0.0000,1,0,0,0,0,34,0,0,0,0
zc,TA301,2012-06-21 09:02:24.283,7124.0000,171748,-16,0.0000,16.0000,0,16,双平,S,7124.0000,0.0000,0.0000,0.0000,0.0000,7126.0000,0.0000,0.0000,0.0000,0.0000,67,0,0,0,0,10,0,0,0,0
zc,TA301,2012-06-21 09:02:25.050,7128.0000,171670,-78,0.0000,112.0000,17,95,空平,B,7128.0000,0.0000,0.0000,0.0000,0.0000,7130.0000,0.0000,0.0000,0.0000,0.0000,4,0,0,0,0,96,0,0,0,0
zc,TA301,2012-06-21 09:02:25.550,7128.0000,171670,0,0.0000,4.0000,2,2,多换,B,7128.0000,0.0000,0.0000,0.0000,0.0000,7130.0000,0.0000,0.0000,0.0000,0.0000,2,0,0,0,0,96,0,0,0,0
zc,TA301,2012-06-21 09:02:26.283,7126.0000,171670,0,0.0000,8.0000,4,4,空换,S,7126.0000,0.0000,0.0000,0.0000,0.0000,7128.0000,0.0000,0.0000,0.0000,0.0000,15,0,0,0,0,6,0,0,0,0
zc,TA301,2012-06-21 09:02:26.783,7126.0000,171682,12,0.0000,12.0000,12,0,双开,S,7126.0000,0.0000,0.0000,0.0000,0.0000,7128.0000,0.0000,0.0000,0.0000,0.0000,10,0,0,0,0,8,0,0,0,0
zc,TA301,2012-06-21 09:02:27.550,7128.0000,171684,2,0.0000,4.0000,3,1,多开,B,7126.0000,0.0000,0.0000,0.0000,0.0000,7128.0000,0.0000,0.0000,0.0000,0.0000,11,0,0,0,0,6,0,0,0,0
zc,TA301,2012-06-21 09:02:28.080,7128.0000,171684,0,0.0000,0.0000,0,0,多换,B,7126.0000,0.0000,0.0000,0.0000,0.0000,7128.0000,0.0000,0.0000,0.0000,0.0000,18,0,0,0,0,6,0,0,0,0
zc,TA301,2012-06-21 09:02:29.567,7126.0000,171686,2,0.0000,2.0000,2,0,双开,S,7126.0000,0.0000,0.0000,0.0000,0.0000,7128.0000,0.0000,0.0000,0.0000,0.0000,18,0,0,0,0,6,0,0,0,0
zc,TA301,2012-06-21 09:02:30.020,7126.0000,171690,4,0.0000,4.0000,4,0,双开,S,7126.0000,0.0000,0.0000,0.0000,0.0000,7128.0000,0.0000,0.0000,0.0000,0.0000,36,0,0,0,0,36,0,0,0,0
zc,TA301,2012-06-21 09:02:32.033,7126.0000,171682,-8,0.0000,36.0000,14,22,多平,S,7126.0000,0.0000,0.0000,0.0000,0.0000,7128.0000,0.0000,0.0000,0.0000,0.0000,19,0,0,0,0,35,0,0,0,0
zc,TA301,2012-06-21 09:02:32.533,7126.0000,171698,16,0.0000,26.0000,21,5,空开,S,7126.0000,0.0000,0.0000,0.0000,0.0000,7128.0000,0.0000,0.0000,0.0000,0.0000,12,0,0,0,0,27,0,0,0,0
zc,TA301,2012-06-21 09:02:33.317,7128.0000,171704,6,0.0000,92.0000,49,43,多开,B,7128.0000,0.0000,0.0000,0.0000,0.0000,7130.0000,0.0000,0.0000,0.0000,0.0000,10,0,0,0,0,209,0,0,0,0
zc,TA301,2012-06-21 09:02:33.770,7126.0000,171718,14,0.0000,40.0000,27,13,空开,S,7126.0000,0.0000,0.0000,0.0000,0.0000,7128.0000,0.0000,0.0000,0.0000,0.0000,23,0,0,0,0,15,0,0,0,0
zc,TA301,2012-06-21 09:02:34.520,7128.0000,171716,-2,0.0000,4.0000,1,3,空平,B,7126.0000,0.0000,0.0000,0.0000,0.0000,7128.0000,0.0000,0.0000,0.0000,0.0000,26,0,0,0,0,15,0,0,0,0
zc,TA301,2012-06-21 09:02:35.033,7124.0000,171782,66,0.0000,208.0000,137,71,空开,S,7126.0000,0.0000,0.0000,0.0000,0.0000,7128.0000,0.0000,0.0000,0.0000,0.0000,2,0,0,0,0,17,0,0,0,0
zc,TA301,2012-06-21 09:02:36.033,7128.0000,171786,4,0.0000,4.0000,4,0,双开,B,7126.0000,0.0000,0.0000,0.0000,0.0000,7128.0000,0.0000,0.0000,0.0000,0.0000,6,0,0,0,0,17,0,0,0,0
zc,TA301,2012-06-21 09:02:36.520,7126.0000,171786,0,0.0000,2.0000,1,1,空换,S,7126.0000,0.0000,0.0000,0.0000,0.0000,7128.0000,0.0000,0.0000,0.0000,0.0000,12,0,0,0,0,17,0,0,0,0
zc,TA301,2012-06-21 09:02:37.283,7126.0000,171774,-12,0.0000,78.0000,33,45,多平,S,7126.0000,0.0000,0.0000,0.0000,0.0000,7128.0000,0.0000,0.0000,0.0000,0.0000,17,0,0,0,0,5,0,0,0,0
zc,TA301,2012-06-21 09:02:37.783,7128.0000,171806,32,0.0000,46.0000,39,7,多开,B,7126.0000,0.0000,0.0000,0.0000,0.0000,7128.0000,0.0000,0.0000,0.0000,0.0000,10,0,0,0,0,23,0,0,0,0
zc,TA301,2012-06-21 09:02:38.550,7126.0000,171850,44,0.0000,74.0000,59,15,空开,S,7128.0000,0.0000,0.0000,0.0000,0.0000,7130.0000,0.0000,0.0000,0.0000,0.0000,20,0,0,0,0,216,0,0,0,0
zc,TA301,2012-06-21 09:02:39.033,7130.0000,171852,2,0.0000,2.0000,2,0,双开,B,7128.0000,0.0000,0.0000,0.0000,0.0000,7130.0000,0.0000,0.0000,0.0000,0.0000,21,0,0,0,0,215,0,0,0,0
zc,TA301,2012-06-21 09:02:39.503,7130.0000,171860,8,0.0000,8.0000,8,0,双开,B,7128.0000,0.0000,0.0000,0.0000,0.0000,7130.0000,0.0000,0.0000,0.0000,0.0000,21,0,0,0,0,215,0,0,0,0
zc,TA301,2012-06-21 09:02:39.987,7128.0000,171870,10,0.0000,38.0000,24,14,空开,S,7128.0000,0.0000,0.0000,0.0000,0.0000,7130.0000,0.0000,0.0000,0.0000,0.0000,7,0,0,0,0,210,0,0,0,0
zc,TA301,2012-06-21 09:02:41.033,7128.0000,171878,8,0.0000,8.0000,8,0,双开,S,7128.0000,0.0000,0.0000,0.0000,0.0000,7130.0000,0.0000,0.0000,0.0000,0.0000,4,0,0,0,0,219,0,0,0,0
zc,TA301,2012-06-21 09:02:41.300,7130.0000,171882,4,0.0000,18.0000,11,7,多开,B,7126.0000,0.0000,0.0000,0.0000,0.0000,7130.0000,0.0000,0.0000,0.0000,0.0000,16,0,0,0,0,214,0,0,0,0
zc,TA301,2012-06-21 09:02:42.020,7128.0000,171888,6,0.0000,8.0000,7,1,空开,S,7126.0000,0.0000,0.0000,0.0000,0.0000,7128.0000,0.0000,0.0000,0.0000,0.0000,20,0,0,0,0,6,0,0,0,0
zc,TA301,2012-06-21 09:02:42.567,7130.0000,171890,2,0.0000,36.0000,19,17,多开,B,7128.0000,0.0000,0.0000,0.0000,0.0000,7130.0000,0.0000,0.0000,0.0000,0.0000,5,0,0,0,0,210,0,0,0,0
zc,TA301,2012-06-21 09:02:43.253,7130.0000,171890,0,0.0000,0.0000,0,0,多换,B,7128.0000,0.0000,0.0000,0.0000,0.0000,7130.0000,0.0000,0.0000,0.0000,0.0000,26,0,0,0,0,210,0,0,0,0
zc,TA301,2012-06-21 09:02:43.800,7130.0000,171890,0,0.0000,2.0000,1,1,多换,B,7128.0000,0.0000,0.0000,0.0000,0.0000,7130.0000,0.0000,0.0000,0.0000,0.0000,26,0,0,0,0,209,0,0,0,0
zc,TA301,2012-06-21 09:02:44.533,7128.0000,171892,2,0.0000,24.0000,13,11,空开,S,7128.0000,0.0000,0.0000,0.0000,0.0000,7130.0000,0.0000,0.0000,0.0000,0.0000,8,0,0,0,0,214,0,0,0,0
zc,TA301,2012-06-21 09:02:45.033,7128.0000,171892,0,0.0000,0.0000,0,0,空换,S,7128.0000,0.0000,0.0000,0.0000,0.0000,7130.0000,0.0000,0.0000,0.0000,0.0000,3,0,0,0,0,215,0,0,0,0
zc,TA301,2012-06-21 09:02:45.800,7130.0000,171888,-4,0.0000,12.0000,4,8,空平,B,7126.0000,0.0000,0.0000,0.0000,0.0000,7130.0000,0.0000,0.0000,0.0000,0.0000,32,0,0,0,0,213,0,0,0,0
zc,TA301,2012-06-21 09:02:46.503,7130.0000,171888,0,0.0000,0.0000,0,0,多换,B,7128.0000,0.0000,0.0000,0.0000,0.0000,7130.0000,0.0000,0.0000,0.0000,0.0000,157,0,0,0,0,215,0,0,0,0
zc,TA301,2012-06-21 09:02:47.520,7128.0000,171890,2,0.0000,2.0000,2,0,双开,S,7128.0000,0.0000,0.0000,0.0000,0.0000,7130.0000,0.0000,0.0000,0.0000,0.0000,156,0,0,0,0,215,0,0,0,0
zc,TA301,2012-06-21 09:02:48.020,7128.0000,171892,2,0.0000,2.0000,2,0,双开,S,7128.0000,0.0000,0.0000,0.0000,0.0000,7130.0000,0.0000,0.0000,0.0000,0.0000,155,0,0,0,0,215,0,0,0,0
zc,TA301,2012-06-21 09:02:48.770,7130.0000,171982,90,0.0000,104.0000,97,7,多开,B,7128.0000,0.0000,0.0000,0.0000,0.0000,7130.0000,0.0000,0.0000,0.0000,0.0000,155,0,0,0,0,163,0,0,0,0
zc,TA301,2012-06-21 09:02:49.283,7128.0000,171984,2,0.0000,4.0000,3,1,空开,S,7128.0000,0.0000,0.0000,0.0000,0.0000,7130.0000,0.0000,0.0000,0.0000,0.0000,169,0,0,0,0,163,0,0,0,0
zc,TA301,2012-06-21 09:02:49.987,7130.0000,171990,6,0.0000,14.0000,10,4,多开,B,7128.0000,0.0000,0.0000,0.0000,0.0000,7130.0000,0.0000,0.0000,0.0000,0.0000,169,0,0,0,0,156,0,0,0,0
zc,TA301,2012-06-21 09:02:50.503,7130.0000,172000,10,0.0000,16.0000,13,3,多开,B,7128.0000,0.0000,0.0000,0.0000,0.0000,7130.0000,0.0000,0.0000,0.0000,0.0000,168,0,0,0,0,150,0,0,0,0
zc,TA301,2012-06-21 09:02:51.020,7130.0000,172018,18,0.0000,30.0000,24,6,多开,B,7128.0000,0.0000,0.0000,0.0000,0.0000,7130.0000,0.0000,0.0000,0.0000,0.0000,155,0,0,0,0,135,0,0,0,0
zc,TA301,2012-06-21 09:02:51.817,7130.0000,172194,176,0.0000,282.0000,229,53,多开,B,7130.0000,0.0000,0.0000,0.0000,0.0000,7132.0000,0.0000,0.0000,0.0000,0.0000,63,0,0,0,0,44,0,0,0,0
zc,TA301,2012-06-21 09:02:52.253,7130.0000,172194,0,0.0000,14.0000,7,7,多换,B,7130.0000,0.0000,0.0000,0.0000,0.0000,7132.0000,0.0000,0.0000,0.0000,0.0000,58,0,0,0,0,44,0,0,0,0
zc,TA301,2012-06-21 09:02:53.033,7130.0000,172194,0,0.0000,0.0000,0,0,多换,B,7130.0000,0.0000,0.0000,0.0000,0.0000,7132.0000,0.0000,0.0000,0.0000,0.0000,68,0,0,0,0,36,0,0,0,0
zc,TA301,2012-06-21 09:02:53.487,7132.0000,172192,-2,0.0000,28.0000,13,15,空平,B,7130.0000,0.0000,0.0000,0.0000,0.0000,7132.0000,0.0000,0.0000,0.0000,0.0000,66,0,0,0,0,32,0,0,0,0
zc,TA301,2012-06-21 09:02:54.033,7130.0000,172194,2,0.0000,14.0000,8,6,空开,S,7130.0000,0.0000,0.0000,0.0000,0.0000,7132.0000,0.0000,0.0000,0.0000,0.0000,63,0,0,0,0,28,0,0,0,0
zc,TA301,2012-06-21 09:02:54.520,7130.0000,172194,0,0.0000,2.0000,1,1,空换,S,7130.0000,0.0000,0.0000,0.0000,0.0000,7132.0000,0.0000,0.0000,0.0000,0.0000,162,0,0,0,0,29,0,0,0,0
zc,TA301,2012-06-21 09:02:55.270,7132.0000,172246,52,0.0000,72.0000,62,10,多开,B,7132.0000,0.0000,0.0000,0.0000,0.0000,7134.0000,0.0000,0.0000,0.0000,0.0000,71,0,0,0,0,26,0,0,0,0
zc,TA301,2012-06-21 09:02:55.753,7132.0000,172248,2,0.0000,2.0000,2,0,双开,B,7132.0000,0.0000,0.0000,0.0000,0.0000,7134.0000,0.0000,0.0000,0.0000,0.0000,72,0,0,0,0,26,0,0,0,0
zc,TA301,2012-06-21 09:02:56.533,7134.0000,172250,2,0.0000,2.0000,2,0,双开,B,7132.0000,0.0000,0.0000,0.0000,0.0000,7134.0000,0.0000,0.0000,0.0000,0.0000,72,0,0,0,0,25,0,0,0,0
zc,TA301,2012-06-21 09:02:57.050,7132.0000,172252,2,0.0000,2.0000,2,0,双开,S,7132.0000,0.0000,0.0000,0.0000,0.0000,7134.0000,0.0000,0.0000,0.0000,0.0000,71,0,0,0,0,25,0,0,0,0
zc,TA301,2012-06-21 09:02:57.503,7134.0000,172260,8,0.0000,8.0000,8,0,双开,B,7132.0000,0.0000,0.0000,0.0000,0.0000,7134.0000,0.0000,0.0000,0.0000,0.0000,69,0,0,0,0,23,0,0,0,0
zc,TA301,2012-06-21 09:02:58.283,7132.0000,172266,6,0.0000,130.0000,68,62,空开,S,7132.0000,0.0000,0.0000,0.0000,0.0000,7134.0000,0.0000,0.0000,0.0000,0.0000,11,0,0,0,0,16,0,0,0,0
zc,TA301,2012-06-21 09:02:58.753,7132.0000,172264,-2,0.0000,32.0000,15,17,多平,S,7132.0000,0.0000,0.0000,0.0000,0.0000,7134.0000,0.0000,0.0000,0.0000,0.0000,4,0,0,0,0,7,0,0,0,0
zc,TA301,2012-06-21 09:02:59.533,7134.0000,172332,68,0.0000,110.0000,89,21,多开,B,7132.0000,0.0000,0.0000,0.0000,0.0000,7134.0000,0.0000,0.0000,0.0000,0.0000,1,0,0,0,0,3,0,0,0,0
zc,TA301,2012-06-21 09:02:59.987,7132.0000,172336,4,0.0000,28.0000,16,12,空开,S,7130.0000,0.0000,0.0000,0.0000,0.0000,7132.0000,0.0000,0.0000,0.0000,0.0000,148,0,0,0,0,3,0,0,0,0
zc,TA301,2012-06-21 09:03:00.520,7132.0000,172340,4,0.0000,10.0000,7,3,空开,S,7130.0000,0.0000,0.0000,0.0000,0.0000,7132.0000,0.0000,0.0000,0.0000,0.0000,145,0,0,0,0,5,0,0,0,0
zc,TA301,2012-06-21 09:03:01.020,7132.0000,172352,12,0.0000,14.0000,13,1,空开,S,7130.0000,0.0000,0.0000,0.0000,0.0000,7132.0000,0.0000,0.0000,0.0000,0.0000,145,0,0,0,0,1,0,0,0,0
zc,TA301,2012-06-21 09:03:01.737,7130.0000,172392,40,0.0000,40.0000,40,0,双开,S,7130.0000,0.0000,0.0000,0.0000,0.0000,7132.0000,0.0000,0.0000,0.0000,0.0000,125,0,0,0,0,1,0,0,0,0
zc,TA301,2012-06-21 09:03:02.253,7132.0000,172390,-2,0.0000,2.0000,0,2,双平,B,7132.0000,0.0000,0.0000,0.0000,0.0000,7136.0000,0.0000,0.0000,0.0000,0.0000,150,0,0,0,0,156,0,0,0,0
zc,TA301,2012-06-21 09:03:02.783,7132.0000,172392,2,0.0000,4.0000,3,1,多开,B,7132.0000,0.0000,0.0000,0.0000,0.0000,7136.0000,0.0000,0.0000,0.0000,0.0000,149,0,0,0,0,156,0,0,0,0
zc,TA301,2012-06-21 09:03:04.033,7132.0000,172392,0,0.0000,30.0000,15,15,多换,B,7132.0000,0.0000,0.0000,0.0000,0.0000,7136.0000,0.0000,0.0000,0.0000,0.0000,142,0,0,0,0,148,0,0,0,0
zc,TA301,2012-06-21 09:03:04.770,7136.0000,172366,-26,0.0000,70.0000,22,48,空平,B,7132.0000,0.0000,0.0000,0.0000,0.0000,7136.0000,0.0000,0.0000,0.0000,0.0000,132,0,0,0,0,123,0,0,0,0
zc,TA301,2012-06-21 09:03:05.300,7132.0000,172362,-4,0.0000,6.0000,1,5,多平,S,7132.0000,0.0000,0.0000,0.0000,0.0000,7136.0000,0.0000,0.0000,0.0000,0.0000,137,0,0,0,0,123,0,0,0,0
zc,TA301,2012-06-21 09:03:06.033,7132.0000,172362,0,0.0000,4.0000,2,2,空换,S,7132.0000,0.0000,0.0000,0.0000,0.0000,7136.0000,0.0000,0.0000,0.0000,0.0000,135,0,0,0,0,123,0,0,0,0
zc,TA301,2012-06-21 09:03:06.503,7132.0000,172362,0,0.0000,16.0000,8,8,空换,S,7132.0000,0.0000,0.0000,0.0000,0.0000,7136.0000,0.0000,0.0000,0.0000,0.0000,127,0,0,0,0,123,0,0,0,0
zc,TA301,2012-06-21 09:03:07.533,7136.0000,172366,4,0.0000,8.0000,6,2,多开,B,7132.0000,0.0000,0.0000,0.0000,0.0000,7136.0000,0.0000,0.0000,0.0000,0.0000,125,0,0,0,0,121,0,0,0,0
zc,TA301,2012-06-21 09:03:08.770,7136.0000,172446,80,0.0000,80.0000,80,0,双开,B,7132.0000,0.0000,0.0000,0.0000,0.0000,7136.0000,0.0000,0.0000,0.0000,0.0000,125,0,0,0,0,81,0,0,0,0
zc,TA301,2012-06-21 09:03:09.533,7136.0000,172470,24,0.0000,24.0000,24,0,双开,B,7132.0000,0.0000,0.0000,0.0000,0.0000,7136.0000,0.0000,0.0000,0.0000,0.0000,125,0,0,0,0,71,0,0,0,0
zc,TA301,2012-06-21 09:03:10.033,7136.0000,172472,2,0.0000,2.0000,2,0,双开,B,7132.0000,0.0000,0.0000,0.0000,0.0000,7136.0000,0.0000,0.0000,0.0000,0.0000,121,0,0,0,0,71,0,0,0,0
zc,TA301,2012-06-21 09:03:10.770,7136.0000,172476,4,0.0000,4.0000,4,0,双开,B,7132.0000,0.0000,0.0000,0.0000,0.0000,7136.0000,0.0000,0.0000,0.0000,0.0000,121,0,0,0,0,69,0,0,0,0
zc,TA301,2012-06-21 09:03:11.270,7136.0000,172478,2,0.0000,2.0000,2,0,双开,B,7132.0000,0.0000,0.0000,0.0000,0.0000,7136.0000,0.0000,0.0000,0.0000,0.0000,121,0,0,0,0,68,0,0,0,0
zc,TA301,2012-06-21 09:03:11.723,7132.0000,172478,0,0.0000,2.0000,1,1,空换,S,7132.0000,0.0000,0.0000,0.0000,0.0000,7136.0000,0.0000,0.0000,0.0000,0.0000,120,0,0,0,0,71,0,0,0,0
zc,TA301,2012-06-21 09:03:12.520,7136.0000,172478,0,0.0000,2.0000,1,1,多换,B,7132.0000,0.0000,0.0000,0.0000,0.0000,7136.0000,0.0000,0.0000,0.0000,0.0000,120,0,0,0,0,70,0,0,0,0
zc,TA301,2012-06-21 09:03:13.003,7136.0000,172478,0,0.0000,0.0000,0,0,多换,B,7132.0000,0.0000,0.0000,0.0000,0.0000,7136.0000,0.0000,0.0000,0.0000,0.0000,120,0,0,0,0,71,0,0,0,0
zc,TA301,2012-06-21 09:03:13.770,7136.0000,172478,0,0.0000,2.0000,1,1,多换,B,7134.0000,0.0000,0.0000,0.0000,0.0000,7136.0000,0.0000,0.0000,0.0000,0.0000,5,0,0,0,0,70,0,0,0,0
zc,TA301,2012-06-21 09:03:14.253,7136.0000,172502,24,0.0000,28.0000,26,2,多开,B,7134.0000,0.0000,0.0000,0.0000,0.0000,7136.0000,0.0000,0.0000,0.0000,0.0000,4,0,0,0,0,58,0,0,0,0
zc,TA301,2012-06-21 09:03:14.783,7134.0000,172498,-4,0.0000,8.0000,2,6,多平,S,7134.0000,0.0000,0.0000,0.0000,0.0000,7136.0000,0.0000,0.0000,0.0000,0.0000,1,0,0,0,0,57,0,0,0,0
zc,TA301,2012-06-21 09:03:15.283,7134.0000,172498,0,0.0000,6.0000,3,3,空换,S,7132.0000,0.0000,0.0000,0.0000,0.0000,7136.0000,0.0000,0.0000,0.0000,0.0000,121,0,0,0,0,57,0,0,0,0
zc,TA301,2012-06-21 09:03:16.020,7132.0000,172494,-4,0.0000,4.0000,0,4,双平,S,7132.0000,0.0000,0.0000,0.0000,0.0000,7134.0000,0.0000,0.0000,0.0000,0.0000,119,0,0,0,0,4,0,0,0,0
zc,TA301,2012-06-21 09:03:16.753,7132.0000,172490,-4,0.0000,4.0000,0,4,双平,S,7132.0000,0.0000,0.0000,0.0000,0.0000,7134.0000,0.0000,0.0000,0.0000,0.0000,117,0,0,0,0,5,0,0,0,0
zc,TA301,2012-06-21 09:03:17.283,7134.0000,172490,0,0.0000,4.0000,2,2,多换,B,7132.0000,0.0000,0.0000,0.0000,0.0000,7134.0000,0.0000,0.0000,0.0000,0.0000,117,0,0,0,0,7,0,0,0,0
zc,TA301,2012-06-21 09:03:18.003,7134.0000,172490,0,0.0000,0.0000,0,0,多换,B,7132.0000,0.0000,0.0000,0.0000,0.0000,7134.0000,0.0000,0.0000,0.0000,0.0000,117,0,0,0,0,9,0,0,0,0
zc,TA301,2012-06-21 09:03:18.237,7134.0000,172492,2,0.0000,56.0000,29,27,多开,B,7132.0000,0.0000,0.0000,0.0000,0.0000,7134.0000,0.0000,0.0000,0.0000,0.0000,97,0,0,0,0,1,0,0,0,0
zc,TA301,2012-06-21 09:03:19.003,7136.0000,172494,2,0.0000,4.0000,3,1,多开,B,7132.0000,0.0000,0.0000,0.0000,0.0000,7136.0000,0.0000,0.0000,0.0000,0.0000,97,0,0,0,0,87,0,0,0,0
zc,TA301,2012-06-21 09:03:19.520,7134.0000,172494,0,0.0000,14.0000,7,7,空换,S,7132.0000,0.0000,0.0000,0.0000,0.0000,7134.0000,0.0000,0.0000,0.0000,0.0000,102,0,0,0,0,6,0,0,0,0
zc,TA301,2012-06-21 09:03:20.253,7136.0000,172494,0,0.0000,14.0000,7,7,多换,B,7134.0000,0.0000,0.0000,0.0000,0.0000,7136.0000,0.0000,0.0000,0.0000,0.0000,18,0,0,0,0,93,0,0,0,0
zc,TA301,2012-06-21 09:03:20.770,7134.0000,172500,6,0.0000,6.0000,6,0,双开,S,7134.0000,0.0000,0.0000,0.0000,0.0000,7136.0000,0.0000,0.0000,0.0000,0.0000,15,0,0,0,0,93,0,0,0,0
zc,TA301,2012-06-21 09:03:21.503,7136.0000,172502,2,0.0000,2.0000,2,0,双开,B,7134.0000,0.0000,0.0000,0.0000,0.0000,7136.0000,0.0000,0.0000,0.0000,0.0000,16,0,0,0,0,67,0,0,0,0
zc,TA301,2012-06-21 09:03:22.020,7136.0000,172530,28,0.0000,40.0000,34,6,多开,B,7134.0000,0.0000,0.0000,0.0000,0.0000,7136.0000,0.0000,0.0000,0.0000,0.0000,15,0,0,0,0,56,0,0,0,0
zc,TA301,2012-06-21 09:03:22.533,7136.0000,172532,2,0.0000,2.0000,2,0,双开,B,7134.0000,0.0000,0.0000,0.0000,0.0000,7136.0000,0.0000,0.0000,0.0000,0.0000,22,0,0,0,0,55,0,0,0,0
zc,TA301,2012-06-21 09:03:23.270,7136.0000,172538,6,0.0000,16.0000,11,5,多开,B,7134.0000,0.0000,0.0000,0.0000,0.0000,7136.0000,0.0000,0.0000,0.0000,0.0000,19,0,0,0,0,52,0,0,0,0
zc,TA301,2012-06-21 09:03:23.737,7136.0000,172538,0,0.0000,0.0000,0,0,多换,B,7134.0000,0.0000,0.0000,0.0000,0.0000,7136.0000,0.0000,0.0000,0.0000,0.0000,21,0,0,0,0,65,0,0,0,0
zc,TA301,2012-06-21 09:03:25.003,7134.0000,172534,-4,0.0000,46.0000,21,25,多平,S,7132.0000,0.0000,0.0000,0.0000,0.0000,7134.0000,0.0000,0.0000,0.0000,0.0000,108,0,0,0,0,2,0,0,0,0
zc,TA301,2012-06-21 09:03:25.753,7132.0000,172542,8,0.0000,14.0000,11,3,空开,S,7132.0000,0.0000,0.0000,0.0000,0.0000,7136.0000,0.0000,0.0000,0.0000,0.0000,107,0,0,0,0,63,0,0,0,0
zc,TA301,2012-06-21 09:03:26.533,7132.0000,172538,-4,0.0000,6.0000,1,5,多平,S,7132.0000,0.0000,0.0000,0.0000,0.0000,7136.0000,0.0000,0.0000,0.0000,0.0000,105,0,0,0,0,63,0,0,0,0
zc,TA301,2012-06-21 09:03:27.253,7132.0000,172512,-26,0.0000,110.0000,42,68,多平,S,7132.0000,0.0000,0.0000,0.0000,0.0000,7136.0000,0.0000,0.0000,0.0000,0.0000,104,0,0,0,0,10,0,0,0,0
zc,TA301,2012-06-21 09:03:27.723,7134.0000,172508,-4,0.0000,6.0000,1,5,空平,B,7132.0000,0.0000,0.0000,0.0000,0.0000,7134.0000,0.0000,0.0000,0.0000,0.0000,100,0,0,0,0,7,0,0,0,0
zc,TA301,2012-06-21 09:03:28.237,7134.0000,172510,2,0.0000,2.0000,2,0,双开,B,7132.0000,0.0000,0.0000,0.0000,0.0000,7134.0000,0.0000,0.0000,0.0000,0.0000,100,0,0,0,0,13,0,0,0,0
zc,TA301,2012-06-21 09:03:28.783,7132.0000,172506,-4,0.0000,4.0000,0,4,双平,S,7132.0000,0.0000,0.0000,0.0000,0.0000,7134.0000,0.0000,0.0000,0.0000,0.0000,98,0,0,0,0,13,0,0,0,0
zc,TA301,2012-06-21 09:03:29.817,7132.0000,172480,-26,0.0000,34.0000,4,30,多平,S,7132.0000,0.0000,0.0000,0.0000,0.0000,7136.0000,0.0000,0.0000,0.0000,0.0000,101,0,0,0,0,8,0,0,0,0
zc,TA301,2012-06-21 09:03:30.020,7134.0000,172484,4,0.0000,8.0000,6,2,多开,B,7132.0000,0.0000,0.0000,0.0000,0.0000,7136.0000,0.0000,0.0000,0.0000,0.0000,89,0,0,0,0,10,0,0,0,0
zc,TA301,2012-06-21 09:03:30.770,7132.0000,172482,-2,0.0000,8.0000,3,5,多平,S,7132.0000,0.0000,0.0000,0.0000,0.0000,7134.0000,0.0000,0.0000,0.0000,0.0000,87,0,0,0,0,1,0,0,0,0
zc,TA301,2012-06-21 09:03:31.270,7132.0000,172470,-12,0.0000,12.0000,0,12,双平,S,7132.0000,0.0000,0.0000,0.0000,0.0000,7136.0000,0.0000,0.0000,0.0000,0.0000,81,0,0,0,0,4,0,0,0,0
zc,TA301,2012-06-21 09:03:31.753,7134.0000,172472,2,0.0000,2.0000,2,0,双开,B,7132.0000,0.0000,0.0000,0.0000,0.0000,7136.0000,0.0000,0.0000,0.0000,0.0000,81,0,0,0,0,3,0,0,0,0
zc,TA301,2012-06-21 09:03:32.503,7132.0000,172478,6,0.0000,12.0000,9,3,空开,S,7132.0000,0.0000,0.0000,0.0000,0.0000,7138.0000,0.0000,0.0000,0.0000,0.0000,80,0,0,0,0,76,0,0,0,0
zc,TA301,2012-06-21 09:03:33.020,7136.0000,172474,-4,0.0000,28.0000,12,16,空平,B,7136.0000,0.0000,0.0000,0.0000,0.0000,7138.0000,0.0000,0.0000,0.0000,0.0000,4,0,0,0,0,79,0,0,0,0
zc,TA301,2012-06-21 09:03:33.770,7132.0000,172468,-6,0.0000,130.0000,62,68,多平,S,7132.0000,0.0000,0.0000,0.0000,0.0000,7134.0000,0.0000,0.0000,0.0000,0.0000,27,0,0,0,0,2,0,0,0,0
zc,TA301,2012-06-21 09:03:35.033,7134.0000,172472,4,0.0000,4.0000,4,0,双开,B,7134.0000,0.0000,0.0000,0.0000,0.0000,7138.0000,0.0000,0.0000,0.0000,0.0000,3,0,0,0,0,70,0,0,0,0
zc,TA301,2012-06-21 09:03:35.520,7134.0000,172472,0,0.0000,0.0000,0,0,多换,B,7134.0000,0.0000,0.0000,0.0000,0.0000,7138.0000,0.0000,0.0000,0.0000,0.0000,6,0,0,0,0,70,0,0,0,0
zc,TA301,2012-06-21 09:03:36.253,7138.0000,172474,2,0.0000,6.0000,4,2,多开,B,7134.0000,0.0000,0.0000,0.0000,0.0000,7136.0000,0.0000,0.0000,0.0000,0.0000,6,0,0,0,0,1,0,0,0,0
zc,TA301,2012-06-21 09:03:36.503,7134.0000,172480,6,0.0000,14.0000,10,4,空开,S,7132.0000,0.0000,0.0000,0.0000,0.0000,7134.0000,0.0000,0.0000,0.0000,0.0000,38,0,0,0,0,43,0,0,0,0
zc,TA301,2012-06-21 09:03:37.270,7134.0000,172486,6,0.0000,10.0000,8,2,空开,S,7132.0000,0.0000,0.0000,0.0000,0.0000,7134.0000,0.0000,0.0000,0.0000,0.0000,38,0,0,0,0,38,0,0,0,0
zc,TA301,2012-06-21 09:03:37.737,7134.0000,172508,22,0.0000,24.0000,23,1,空开,S,7132.0000,0.0000,0.0000,0.0000,0.0000,7134.0000,0.0000,0.0000,0.0000,0.0000,38,0,0,0,0,31,0,0,0,0
zc,TA301,2012-06-21 09:03:38.487,7134.0000,172508,0,0.0000,0.0000,0,0,空换,S,7132.0000,0.0000,0.0000,0.0000,0.0000,7134.0000,0.0000,0.0000,0.0000,0.0000,38,0,0,0,0,36,0,0,0,0
zc,TA301,2012-06-21 09:03:39.050,7134.0000,172506,-2,0.0000,6.0000,2,4,多平,S,7132.0000,0.0000,0.0000,0.0000,0.0000,7134.0000,0.0000,0.0000,0.0000,0.0000,31,0,0,0,0,34,0,0,0,0
zc,TA301,2012-06-21 09:03:39.520,7132.0000,172508,2,0.0000,8.0000,5,3,空开,S,7132.0000,0.0000,0.0000,0.0000,0.0000,7134.0000,0.0000,0.0000,0.0000,0.0000,29,0,0,0,0,33,0,0,0,0
zc,TA301,2012-06-21 09:03:40.487,7132.0000,172506,-2,0.0000,2.0000,0,2,双平,S,7132.0000,0.0000,0.0000,0.0000,0.0000,7134.0000,0.0000,0.0000,0.0000,0.0000,28,0,0,0,0,33,0,0,0,0
zc,TA301,2012-06-21 09:03:41.253,7134.0000,172508,2,0.0000,2.0000,2,0,双开,B,7132.0000,0.0000,0.0000,0.0000,0.0000,7134.0000,0.0000,0.0000,0.0000,0.0000,28,0,0,0,0,32,0,0,0,0
zc,TA301,2012-06-21 09:03:42.533,7134.0000,172494,-14,0.0000,74.0000,30,44,空平,B,7130.0000,0.0000,0.0000,0.0000,0.0000,7134.0000,0.0000,0.0000,0.0000,0.0000,148,0,0,0,0,27,0,0,0,0
zc,TA301,2012-06-21 09:03:43.020,7134.0000,172494,0,0.0000,6.0000,3,3,多换,B,7132.0000,0.0000,0.0000,0.0000,0.0000,7134.0000,0.0000,0.0000,0.0000,0.0000,10,0,0,0,0,26,0,0,0,0
zc,TA301,2012-06-21 09:03:43.550,7134.0000,172496,2,0.0000,2.0000,2,0,双开,B,7132.0000,0.0000,0.0000,0.0000,0.0000,7134.0000,0.0000,0.0000,0.0000,0.0000,14,0,0,0,0,25,0,0,0,0
zc,TA301,2012-06-21 09:03:44.253,7134.0000,172496,0,0.0000,8.0000,4,4,多换,B,7132.0000,0.0000,0.0000,0.0000,0.0000,7134.0000,0.0000,0.0000,0.0000,0.0000,18,0,0,0,0,21,0,0,0,0
zc,TA301,2012-06-21 09:03:44.753,7132.0000,172474,-22,0.0000,46.0000,12,34,多平,S,7132.0000,0.0000,0.0000,0.0000,0.0000,7136.0000,0.0000,0.0000,0.0000,0.0000,11,0,0,0,0,159,0,0,0,0
zc,TA301,2012-06-21 09:03:45.503,7132.0000,172474,0,0.0000,0.0000,0,0,空换,S,7134.0000,0.0000,0.0000,0.0000,0.0000,7136.0000,0.0000,0.0000,0.0000,0.0000,2,0,0,0,0,159,0,0,0,0
zc,TA301,2012-06-21 09:03:46.487,7132.0000,172474,0,0.0000,0.0000,0,0,空换,S,7134.0000,0.0000,0.0000,0.0000,0.0000,7136.0000,0.0000,0.0000,0.0000,0.0000,5,0,0,0,0,160,0,0,0,0
zc,TA301,2012-06-21 09:03:46.987,7134.0000,172466,-8,0.0000,8.0000,0,8,双平,B,7134.0000,0.0000,0.0000,0.0000,0.0000,7136.0000,0.0000,0.0000,0.0000,0.0000,2,0,0,0,0,161,0,0,0,0
zc,TA301,2012-06-21 09:03:47.753,7134.0000,172468,2,0.0000,2.0000,2,0,双开,B,7134.0000,0.0000,0.0000,0.0000,0.0000,7136.0000,0.0000,0.0000,0.0000,0.0000,20,0,0,0,0,161,0,0,0,0
zc,TA301,2012-06-21 09:03:48.753,7134.0000,172464,-4,0.0000,14.0000,5,9,空平,B,7134.0000,0.0000,0.0000,0.0000,0.0000,7136.0000,0.0000,0.0000,0.0000,0.0000,16,0,0,0,0,158,0,0,0,0
zc,TA301,2012-06-21 09:03:49.503,7136.0000,172462,-2,0.0000,2.0000,0,2,双平,B,7134.0000,0.0000,0.0000,0.0000,0.0000,7136.0000,0.0000,0.0000,0.0000,0.0000,17,0,0,0,0,157,0,0,0,0
zc,TA301,2012-06-21 09:03:49.723,7136.0000,172462,0,0.0000,2.0000,1,1,多换,B,7134.0000,0.0000,0.0000,0.0000,0.0000,7136.0000,0.0000,0.0000,0.0000,0.0000,17,0,0,0,0,156,0,0,0,0
zc,TA301,2012-06-21 09:03:50.800,7136.0000,172462,0,0.0000,0.0000,0,0,多换,B,7134.0000,0.0000,0.0000,0.0000,0.0000,7136.0000,0.0000,0.0000,0.0000,0.0000,18,0,0,0,0,157,0,0,0,0
zc,TA301,2012-06-21 09:03:51.223,7134.0000,172462,0,0.0000,20.0000,10,10,空换,S,7134.0000,0.0000,0.0000,0.0000,0.0000,7136.0000,0.0000,0.0000,0.0000,0.0000,3,0,0,0,0,157,0,0,0,0
zc,TA301,2012-06-21 09:03:51.783,7134.0000,172462,0,0.0000,0.0000,0,0,空换,S,7134.0000,0.0000,0.0000,0.0000,0.0000,7136.0000,0.0000,0.0000,0.0000,0.0000,7,0,0,0,0,157,0,0,0,0
zc,TA301,2012-06-21 09:03:52.283,7136.0000,172436,-26,0.0000,28.0000,1,27,空平,B,7134.0000,0.0000,0.0000,0.0000,0.0000,7136.0000,0.0000,0.0000,0.0000,0.0000,1,0,0,0,0,144,0,0,0,0
zc,TA301,2012-06-21 09:03:53.033,7136.0000,172434,-2,0.0000,6.0000,2,4,空平,B,7134.0000,0.0000,0.0000,0.0000,0.0000,7136.0000,0.0000,0.0000,0.0000,0.0000,1,0,0,0,0,142,0,0,0,0
zc,TA301,2012-06-21 09:03:53.550,7134.0000,172436,2,0.0000,2.0000,2,0,双开,S,7132.0000,0.0000,0.0000,0.0000,0.0000,7134.0000,0.0000,0.0000,0.0000,0.0000,19,0,0,0,0,1,0,0,0,0
zc,TA301,2012-06-21 09:03:54.003,7134.0000,172436,0,0.0000,0.0000,0,0,空换,S,7132.0000,0.0000,0.0000,0.0000,0.0000,7134.0000,0.0000,0.0000,0.0000,0.0000,19,0,0,0,0,4,0,0,0,0
zc,TA301,2012-06-21 09:03:54.770,7136.0000,172428,-8,0.0000,10.0000,1,9,空平,B,7132.0000,0.0000,0.0000,0.0000,0.0000,7136.0000,0.0000,0.0000,0.0000,0.0000,25,0,0,0,0,141,0,0,0,0
zc,TA301,2012-06-21 09:03:55.283,7134.0000,172188,-240,0.0000,286.0000,23,263,多平,S,7134.0000,0.0000,0.0000,0.0000,0.0000,7138.0000,0.0000,0.0000,0.0000,0.0000,6,0,0,0,0,49,0,0,0,0
zc,TA301,2012-06-21 09:03:56.033,7134.0000,172190,2,0.0000,6.0000,4,2,空开,S,7134.0000,0.0000,0.0000,0.0000,0.0000,7136.0000,0.0000,0.0000,0.0000,0.0000,3,0,0,0,0,1,0,0,0,0
zc,TA301,2012-06-21 09:03:56.520,7134.0000,172204,14,0.0000,38.0000,26,12,空开,S,7132.0000,0.0000,0.0000,0.0000,0.0000,7134.0000,0.0000,0.0000,0.0000,0.0000,28,0,0,0,0,9,0,0,0,0
zc,TA301,2012-06-21 09:03:57.270,7134.0000,172214,10,0.0000,18.0000,14,4,空开,S,7134.0000,0.0000,0.0000,0.0000,0.0000,7138.0000,0.0000,0.0000,0.0000,0.0000,1,0,0,0,0,43,0,0,0,0
zc,TA301,2012-06-21 09:03:57.487,7134.0000,172216,2,0.0000,20.0000,11,9,空开,S,7132.0000,0.0000,0.0000,0.0000,0.0000,7138.0000,0.0000,0.0000,0.0000,0.0000,40,0,0,0,0,43,0,0,0,0
zc,TA301,2012-06-21 09:03:58.283,7134.0000,172214,-2,0.0000,42.0000,20,22,多平,S,7134.0000,0.0000,0.0000,0.0000,0.0000,7136.0000,0.0000,0.0000,0.0000,0.0000,32,0,0,0,0,3,0,0,0,0
zc,TA301,2012-06-21 09:03:58.753,7134.0000,172214,0,0.0000,0.0000,0,0,空换,S,7134.0000,0.0000,0.0000,0.0000,0.0000,7136.0000,0.0000,0.0000,0.0000,0.0000,33,0,0,0,0,3,0,0,0,0
zc,TA301,2012-06-21 09:03:59.533,7138.0000,172208,-6,0.0000,16.0000,5,11,空平,B,7134.0000,0.0000,0.0000,0.0000,0.0000,7138.0000,0.0000,0.0000,0.0000,0.0000,27,0,0,0,0,38,0,0,0,0
zc,TA301,2012-06-21 09:04:00.003,7134.0000,172208,0,0.0000,8.0000,4,4,空换,S,7134.0000,0.0000,0.0000,0.0000,0.0000,7138.0000,0.0000,0.0000,0.0000,0.0000,32,0,0,0,0,37,0,0,0,0
zc,TA301,2012-06-21 09:04:00.503,7134.0000,172208,0,0.0000,0.0000,0,0,空换,S,7134.0000,0.0000,0.0000,0.0000,0.0000,7136.0000,0.0000,0.0000,0.0000,0.0000,32,0,0,0,0,8,0,0,0,0
zc,TA301,2012-06-21 09:04:01.253,7134.0000,172208,0,0.0000,4.0000,2,2,空换,S,7134.0000,0.0000,0.0000,0.0000,0.0000,7136.0000,0.0000,0.0000,0.0000,0.0000,30,0,0,0,0,9,0,0,0,0
zc,TA301,2012-06-21 09:04:01.783,7136.0000,172204,-4,0.0000,20.0000,8,12,空平,B,7136.0000,0.0000,0.0000,0.0000,0.0000,7138.0000,0.0000,0.0000,0.0000,0.0000,117,0,0,0,0,42,0,0,0,0
zc,TA301,2012-06-21 09:04:02.473,7136.0000,172220,16,0.0000,26.0000,21,5,多开,B,7136.0000,0.0000,0.0000,0.0000,0.0000,7138.0000,0.0000,0.0000,0.0000,0.0000,114,0,0,0,0,32,0,0,0,0
zc,TA301,2012-06-21 09:04:03.050,7138.0000,172220,0,0.0000,6.0000,3,3,多换,B,7136.0000,0.0000,0.0000,0.0000,0.0000,7138.0000,0.0000,0.0000,0.0000,0.0000,115,0,0,0,0,29,0,0,0,0
zc,TA301,2012-06-21 09:04:03.723,7136.0000,172220,0,0.0000,4.0000,2,2,空换,S,7136.0000,0.0000,0.0000,0.0000,0.0000,7138.0000,0.0000,0.0000,0.0000,0.0000,114,0,0,0,0,29,0,0,0,0
zc,TA301,2012-06-21 09:04:04.283,7138.0000,172230,10,0.0000,22.0000,16,6,多开,B,7136.0000,0.0000,0.0000,0.0000,0.0000,7138.0000,0.0000,0.0000,0.0000,0.0000,112,0,0,0,0,21,0,0,0,0
zc,TA301,2012-06-21 09:04:05.067,7138.0000,172230,0,0.0000,12.0000,6,6,多换,B,7136.0000,0.0000,0.0000,0.0000,0.0000,7138.0000,0.0000,0.0000,0.0000,0.0000,111,0,0,0,0,17,0,0,0,0
zc,TA301,2012-06-21 09:04:05.533,7138.0000,172254,24,0.0000,26.0000,25,1,多开,B,7136.0000,0.0000,0.0000,0.0000,0.0000,7138.0000,0.0000,0.0000,0.0000,0.0000,111,0,0,0,0,4,0,0,0,0
zc,TA301,2012-06-21 09:04:06.067,7138.0000,172262,8,0.0000,8.0000,8,0,双开,B,7138.0000,0.0000,0.0000,0.0000,0.0000,7140.0000,0.0000,0.0000,0.0000,0.0000,1,0,0,0,0,646,0,0,0,0
zc,TA301,2012-06-21 09:04:06.533,7138.0000,172262,0,0.0000,0.0000,0,0,多换,B,7138.0000,0.0000,0.0000,0.0000,0.0000,7140.0000,0.0000,0.0000,0.0000,0.0000,5,0,0,0,0,646,0,0,0,0
zc,TA301,2012-06-21 09:04:07.300,7138.0000,172262,0,0.0000,4.0000,2,2,多换,B,7138.0000,0.0000,0.0000,0.0000,0.0000,7140.0000,0.0000,0.0000,0.0000,0.0000,15,0,0,0,0,646,0,0,0,0
zc,TA301,2012-06-21 09:04:07.753,7138.0000,172254,-8,0.0000,24.0000,8,16,空平,B,7138.0000,0.0000,0.0000,0.0000,0.0000,7140.0000,0.0000,0.0000,0.0000,0.0000,4,0,0,0,0,652,0,0,0,0
zc,TA301,2012-06-21 09:04:08.597,7140.0000,172258,4,0.0000,8.0000,6,2,多开,B,7138.0000,0.0000,0.0000,0.0000,0.0000,7140.0000,0.0000,0.0000,0.0000,0.0000,9,0,0,0,0,648,0,0,0,0
zc,TA301,2012-06-21 09:04:09.770,7138.0000,172268,10,0.0000,18.0000,14,4,空开,S,7136.0000,0.0000,0.0000,0.0000,0.0000,7138.0000,0.0000,0.0000,0.0000,0.0000,111,0,0,0,0,17,0,0,0,0
zc,TA301,2012-06-21 09:04:10.253,7138.0000,172270,2,0.0000,2.0000,2,0,双开,S,7136.0000,0.0000,0.0000,0.0000,0.0000,7138.0000,0.0000,0.0000,0.0000,0.0000,117,0,0,0,0,16,0,0,0,0
zc,TA301,2012-06-21 09:04:11.067,7138.0000,172274,4,0.0000,8.0000,6,2,空开,S,7136.0000,0.0000,0.0000,0.0000,0.0000,7138.0000,0.0000,0.0000,0.0000,0.0000,115,0,0,0,0,13,0,0,0,0
zc,TA301,2012-06-21 09:04:11.550,7136.0000,172274,0,0.0000,4.0000,2,2,空换,S,7136.0000,0.0000,0.0000,0.0000,0.0000,7138.0000,0.0000,0.0000,0.0000,0.0000,114,0,0,0,0,16,0,0,0,0
zc,TA301,2012-06-21 09:04:11.973,7138.0000,172274,0,0.0000,10.0000,5,5,多换,B,7136.0000,0.0000,0.0000,0.0000,0.0000,7138.0000,0.0000,0.0000,0.0000,0.0000,113,0,0,0,0,14,0,0,0,0
zc,TA301,2012-06-21 09:04:12.770,7138.0000,172276,2,0.0000,2.0000,2,0,双开,B,7136.0000,0.0000,0.0000,0.0000,0.0000,7138.0000,0.0000,0.0000,0.0000,0.0000,118,0,0,0,0,22,0,0,0,0
zc,TA301,2012-06-21 09:04:13.253,7138.0000,172276,0,0.0000,2.0000,1,1,多换,B,7136.0000,0.0000,0.0000,0.0000,0.0000,7138.0000,0.0000,0.0000,0.0000,0.0000,118,0,0,0,0,34,0,0,0,0
zc,TA301,2012-06-21 09:04:14.550,7136.0000,172270,-6,0.0000,6.0000,0,6,双平,S,7136.0000,0.0000,0.0000,0.0000,0.0000,7138.0000,0.0000,0.0000,0.0000,0.0000,114,0,0,0,0,34,0,0,0,0
zc,TA301,2012-06-21 09:04:15.753,7136.0000,172270,0,0.0000,0.0000,0,0,空换,S,7136.0000,0.0000,0.0000,0.0000,0.0000,7138.0000,0.0000,0.0000,0.0000,0.0000,115,0,0,0,0,35,0,0,0,0
zc,TA301,2012-06-21 09:04:16.533,7138.0000,172270,0,0.0000,8.0000,4,4,多换,B,7136.0000,0.0000,0.0000,0.0000,0.0000,7138.0000,0.0000,0.0000,0.0000,0.0000,120,0,0,0,0,37,0,0,0,0
zc,TA301,2012-06-21 09:04:17.003,7138.0000,172272,2,0.0000,4.0000,3,1,多开,B,7136.0000,0.0000,0.0000,0.0000,0.0000,7138.0000,0.0000,0.0000,0.0000,0.0000,120,0,0,0,0,36,0,0,0,0
zc,TA301,2012-06-21 09:04:17.503,7138.0000,172250,-22,0.0000,26.0000,2,24,空平,B,7136.0000,0.0000,0.0000,0.0000,0.0000,7138.0000,0.0000,0.0000,0.0000,0.0000,121,0,0,0,0,23,0,0,0,0
zc,TA301,2012-06-21 09:04:18.330,7138.0000,172222,-28,0.0000,50.0000,11,39,空平,B,7138.0000,0.0000,0.0000,0.0000,0.0000,7140.0000,0.0000,0.0000,0.0000,0.0000,9,0,0,0,0,650,0,0,0,0
zc,TA301,2012-06-21 09:04:18.770,7140.0000,172074,-148,0.0000,152.0000,2,150,空平,B,7138.0000,0.0000,0.0000,0.0000,0.0000,7140.0000,0.0000,0.0000,0.0000,0.0000,4,0,0,0,0,580,0,0,0,0
zc,TA301,2012-06-21 09:04:19.520,7138.0000,172072,-2,0.0000,2.0000,0,2,双平,S,7138.0000,0.0000,0.0000,0.0000,0.0000,7140.0000,0.0000,0.0000,0.0000,0.0000,5,0,0,0,0,580,0,0,0,0
zc,TA301,2012-06-21 09:04:19.987,7138.0000,172074,2,0.0000,4.0000,3,1,空开,S,7138.0000,0.0000,0.0000,0.0000,0.0000,7140.0000,0.0000,0.0000,0.0000,0.0000,4,0,0,0,0,580,0,0,0,0
zc,TA301,2012-06-21 09:04:21.003,7140.0000,172074,0,0.0000,2.0000,1,1,多换,B,7138.0000,0.0000,0.0000,0.0000,0.0000,7140.0000,0.0000,0.0000,0.0000,0.0000,4,0,0,0,0,579,0,0,0,0
zc,TA301,2012-06-21 09:04:21.533,7138.0000,172062,-12,0.0000,18.0000,3,15,多平,S,7136.0000,0.0000,0.0000,0.0000,0.0000,7138.0000,0.0000,0.0000,0.0000,0.0000,148,0,0,0,0,6,0,0,0,0
zc,TA301,2012-06-21 09:04:22.300,7138.0000,172062,0,0.0000,8.0000,4,4,空换,S,7136.0000,0.0000,0.0000,0.0000,0.0000,7138.0000,0.0000,0.0000,0.0000,0.0000,138,0,0,0,0,20,0,0,0,0
zc,TA301,2012-06-21 09:04:22.753,7136.0000,172054,-8,0.0000,8.0000,0,8,双平,S,7136.0000,0.0000,0.0000,0.0000,0.0000,7138.0000,0.0000,0.0000,0.0000,0.0000,134,0,0,0,0,22,0,0,0,0
zc,TA301,2012-06-21 09:04:23.283,7138.0000,172054,0,0.0000,10.0000,5,5,多换,B,7136.0000,0.0000,0.0000,0.0000,0.0000,7138.0000,0.0000,0.0000,0.0000,0.0000,132,0,0,0,0,27,0,0,0,0
zc,TA301,2012-06-21 09:04:23.800,7138.0000,172012,-42,0.0000,50.0000,4,46,空平,B,7136.0000,0.0000,0.0000,0.0000,0.0000,7138.0000,0.0000,0.0000,0.0000,0.0000,133,0,0,0,0,3,0,0,0,0
zc,TA301,2012-06-21 09:04:24.550,7138.0000,172012,0,0.0000,4.0000,2,2,多换,B,7136.0000,0.0000,0.0000,0.0000,0.0000,7138.0000,0.0000,0.0000,0.0000,0.0000,133,0,0,0,0,2,0,0,0,0
zc,TA301,2012-06-21 09:04:25.020,7138.0000,172014,2,0.0000,4.0000,3,1,多开,B,7138.0000,0.0000,0.0000,0.0000,0.0000,7140.0000,0.0000,0.0000,0.0000,0.0000,1,0,0,0,0,598,0,0,0,0
zc,TA301,2012-06-21 09:04:25.520,7138.0000,172014,0,0.0000,0.0000,0,0,多换,B,7138.0000,0.0000,0.0000,0.0000,0.0000,7140.0000,0.0000,0.0000,0.0000,0.0000,18,0,0,0,0,598,0,0,0,0
zc,TA301,2012-06-21 09:04:26.283,7138.0000,172012,-2,0.0000,4.0000,1,3,空平,B,7138.0000,0.0000,0.0000,0.0000,0.0000,7140.0000,0.0000,0.0000,0.0000,0.0000,16,0,0,0,0,598,0,0,0,0
zc,TA301,2012-06-21 09:04:26.783,7140.0000,172010,-2,0.0000,8.0000,3,5,空平,B,7138.0000,0.0000,0.0000,0.0000,0.0000,7140.0000,0.0000,0.0000,0.0000,0.0000,26,0,0,0,0,600,0,0,0,0
zc,TA301,2012-06-21 09:04:27.487,7140.0000,172010,0,0.0000,2.0000,1,1,多换,B,7138.0000,0.0000,0.0000,0.0000,0.0000,7140.0000,0.0000,0.0000,0.0000,0.0000,26,0,0,0,0,599,0,0,0,0
zc,TA301,2012-06-21 09:04:27.737,7138.0000,172010,0,0.0000,8.0000,4,4,空换,S,7138.0000,0.0000,0.0000,0.0000,0.0000,7140.0000,0.0000,0.0000,0.0000,0.0000,22,0,0,0,0,599,0,0,0,0
zc,TA301,2012-06-21 09:04:28.533,7138.0000,172002,-8,0.0000,10.0000,1,9,多平,S,7138.0000,0.0000,0.0000,0.0000,0.0000,7140.0000,0.0000,0.0000,0.0000,0.0000,36,0,0,0,0,596,0,0,0,0
zc,TA301,2012-06-21 09:04:29.033,7138.0000,172002,0,0.0000,12.0000,6,6,空换,S,7138.0000,0.0000,0.0000,0.0000,0.0000,7140.0000,0.0000,0.0000,0.0000,0.0000,30,0,0,0,0,596,0,0,0,0
zc,TA301,2012-06-21 09:04:29.783,7140.0000,172000,-2,0.0000,2.0000,0,2,双平,B,7138.0000,0.0000,0.0000,0.0000,0.0000,7140.0000,0.0000,0.0000,0.0000,0.0000,32,0,0,0,0,595,0,0,0,0
zc,TA301,2012-06-21 09:04:30.237,7140.0000,171996,-4,0.0000,4.0000,0,4,双平,B,7138.0000,0.0000,0.0000,0.0000,0.0000,7140.0000,0.0000,0.0000,0.0000,0.0000,33,0,0,0,0,593,0,0,0,0
zc,TA301,2012-06-21 09:04:31.020,7140.0000,172038,42,0.0000,104.0000,73,31,多开,B,7138.0000,0.0000,0.0000,0.0000,0.0000,7140.0000,0.0000,0.0000,0.0000,0.0000,34,0,0,0,0,546,0,0,0,0
zc,TA301,2012-06-21 09:04:31.567,7140.0000,172036,-2,0.0000,14.0000,6,8,空平,B,7138.0000,0.0000,0.0000,0.0000,0.0000,7140.0000,0.0000,0.0000,0.0000,0.0000,31,0,0,0,0,543,0,0,0,0
zc,TA301,2012-06-21 09:04:32.033,7138.0000,172038,2,0.0000,6.0000,4,2,空开,S,7138.0000,0.0000,0.0000,0.0000,0.0000,7140.0000,0.0000,0.0000,0.0000,0.0000,30,0,0,0,0,542,0,0,0,0
zc,TA301,2012-06-21 09:04:33.253,7138.0000,172044,6,0.0000,22.0000,14,8,空开,S,7138.0000,0.0000,0.0000,0.0000,0.0000,7140.0000,0.0000,0.0000,0.0000,0.0000,59,0,0,0,0,542,0,0,0,0
zc,TA301,2012-06-21 09:04:33.723,7138.0000,172042,-2,0.0000,2.0000,0,2,双平,S,7138.0000,0.0000,0.0000,0.0000,0.0000,7140.0000,0.0000,0.0000,0.0000,0.0000,59,0,0,0,0,542,0,0,0,0
zc,TA301,2012-06-21 09:04:34.253,7140.0000,172042,0,0.0000,24.0000,12,12,多换,B,7138.0000,0.0000,0.0000,0.0000,0.0000,7140.0000,0.0000,0.0000,0.0000,0.0000,57,0,0,0,0,533,0,0,0,0
zc,TA301,2012-06-21 09:04:34.973,7138.0000,172042,0,0.0000,2.0000,1,1,空换,S,7138.0000,0.0000,0.0000,0.0000,0.0000,7140.0000,0.0000,0.0000,0.0000,0.0000,57,0,0,0,0,533,0,0,0,0
zc,TA301,2012-06-21 09:04:35.503,7138.0000,172032,-10,0.0000,14.0000,2,12,多平,S,7138.0000,0.0000,0.0000,0.0000,0.0000,7140.0000,0.0000,0.0000,0.0000,0.0000,51,0,0,0,0,532,0,0,0,0
zc,TA301,2012-06-21 09:04:36.237,7138.0000,172034,2,0.0000,4.0000,3,1,空开,S,7138.0000,0.0000,0.0000,0.0000,0.0000,7140.0000,0.0000,0.0000,0.0000,0.0000,53,0,0,0,0,535,0,0,0,0
zc,TA301,2012-06-21 09:04:36.737,7138.0000,172008,-26,0.0000,56.0000,15,41,多平,S,7138.0000,0.0000,0.0000,0.0000,0.0000,7140.0000,0.0000,0.0000,0.0000,0.0000,25,0,0,0,0,535,0,0,0,0
zc,TA301,2012-06-21 09:04:37.223,7140.0000,172012,4,0.0000,28.0000,16,12,多开,B,7138.0000,0.0000,0.0000,0.0000,0.0000,7140.0000,0.0000,0.0000,0.0000,0.0000,13,0,0,0,0,533,0,0,0,0
zc,TA301,2012-06-21 09:04:38.050,7138.0000,171998,-14,0.0000,28.0000,7,21,多平,S,7136.0000,0.0000,0.0000,0.0000,0.0000,7140.0000,0.0000,0.0000,0.0000,0.0000,135,0,0,0,0,540,0,0,0,0
zc,TA301,2012-06-21 09:04:38.533,7140.0000,171998,0,0.0000,4.0000,2,2,多换,B,7136.0000,0.0000,0.0000,0.0000,0.0000,7138.0000,0.0000,0.0000,0.0000,0.0000,135,0,0,0,0,6,0,0,0,0
zc,TA301,2012-06-21 09:04:39.237,7136.0000,171994,-4,0.0000,6.0000,1,5,多平,S,7136.0000,0.0000,0.0000,0.0000,0.0000,7138.0000,0.0000,0.0000,0.0000,0.0000,134,0,0,0,0,11,0,0,0,0
zc,TA301,2012-06-21 09:04:39.753,7136.0000,171994,0,0.0000,0.0000,0,0,空换,S,7136.0000,0.0000,0.0000,0.0000,0.0000,7138.0000,0.0000,0.0000,0.0000,0.0000,134,0,0,0,0,15,0,0,0,0
zc,TA301,2012-06-21 09:04:40.270,7136.0000,171994,0,0.0000,0.0000,0,0,空换,S,7136.0000,0.0000,0.0000,0.0000,0.0000,7138.0000,0.0000,0.0000,0.0000,0.0000,134,0,0,0,0,17,0,0,0,0
zc,TA301,2012-06-21 09:04:40.987,7138.0000,171996,2,0.0000,2.0000,2,0,双开,B,7136.0000,0.0000,0.0000,0.0000,0.0000,7138.0000,0.0000,0.0000,0.0000,0.0000,134,0,0,0,0,17,0,0,0,0
zc,TA301,2012-06-21 09:04:41.520,7138.0000,171990,-6,0.0000,12.0000,3,9,空平,B,7136.0000,0.0000,0.0000,0.0000,0.0000,7138.0000,0.0000,0.0000,0.0000,0.0000,134,0,0,0,0,12,0,0,0,0
zc,TA301,2012-06-21 09:04:42.020,7136.0000,171986,-4,0.0000,50.0000,23,27,多平,S,7136.0000,0.0000,0.0000,0.0000,0.0000,7138.0000,0.0000,0.0000,0.0000,0.0000,113,0,0,0,0,13,0,0,0,0
zc,TA301,2012-06-21 09:04:42.737,7136.0000,171986,0,0.0000,0.0000,0,0,空换,S,7136.0000,0.0000,0.0000,0.0000,0.0000,7138.0000,0.0000,0.0000,0.0000,0.0000,113,0,0,0,0,18,0,0,0,0
zc,TA301,2012-06-21 09:04:43.253,7136.0000,171986,0,0.0000,0.0000,0,0,空换,S,7136.0000,0.0000,0.0000,0.0000,0.0000,7138.0000,0.0000,0.0000,0.0000,0.0000,114,0,0,0,0,20,0,0,0,0
zc,TA301,2012-06-21 09:04:44.033,7138.0000,171958,-28,0.0000,34.0000,3,31,空平,B,7136.0000,0.0000,0.0000,0.0000,0.0000,7138.0000,0.0000,0.0000,0.0000,0.0000,99,0,0,0,0,18,0,0,0,0
zc,TA301,2012-06-21 09:04:44.520,7136.0000,171954,-4,0.0000,6.0000,1,5,多平,S,7136.0000,0.0000,0.0000,0.0000,0.0000,7138.0000,0.0000,0.0000,0.0000,0.0000,103,0,0,0,0,17,0,0,0,0
zc,TA301,2012-06-21 09:04:45.003,7138.0000,171960,6,0.0000,10.0000,8,2,多开,B,7136.0000,0.0000,0.0000,0.0000,0.0000,7138.0000,0.0000,0.0000,0.0000,0.0000,124,0,0,0,0,22,0,0,0,0
zc,TA301,2012-06-21 09:04:45.753,7138.0000,171960,0,0.0000,0.0000,0,0,多换,B,7136.0000,0.0000,0.0000,0.0000,0.0000,7138.0000,0.0000,0.0000,0.0000,0.0000,127,0,0,0,0,22,0,0,0,0
zc,TA301,2012-06-21 09:04:46.270,7138.0000,171960,0,0.0000,0.0000,0,0,多换,B,7136.0000,0.0000,0.0000,0.0000,0.0000,7138.0000,0.0000,0.0000,0.0000,0.0000,127,0,0,0,0,13,0,0,0,0
zc,TA301,2012-06-21 09:04:46.987,7136.0000,171964,4,0.0000,14.0000,9,5,空开,S,7136.0000,0.0000,0.0000,0.0000,0.0000,7138.0000,0.0000,0.0000,0.0000,0.0000,126,0,0,0,0,10,0,0,0,0
zc,TA301,2012-06-21 09:04:47.503,7138.0000,171962,-2,0.0000,2.0000,0,2,双平,B,7136.0000,0.0000,0.0000,0.0000,0.0000,7138.0000,0.0000,0.0000,0.0000,0.0000,126,0,0,0,0,9,0,0,0,0
zc,TA301,2012-06-21 09:04:48.003,7138.0000,171954,-8,0.0000,20.0000,6,14,空平,B,7138.0000,0.0000,0.0000,0.0000,0.0000,7140.0000,0.0000,0.0000,0.0000,0.0000,1,0,0,0,0,565,0,0,0,0
zc,TA301,2012-06-21 09:04:48.550,7138.0000,172008,54,0.0000,56.0000,55,1,多开,B,7136.0000,0.0000,0.0000,0.0000,0.0000,7138.0000,0.0000,0.0000,0.0000,0.0000,126,0,0,0,0,79,0,0,0,0
zc,TA301,2012-06-21 09:04:49.283,7138.0000,172008,0,0.0000,0.0000,0,0,多换,B,7136.0000,0.0000,0.0000,0.0000,0.0000,7138.0000,0.0000,0.0000,0.0000,0.0000,128,0,0,0,0,80,0,0,0,0
zc,TA301,2012-06-21 09:04:49.770,7138.0000,172008,0,0.0000,4.0000,2,2,多换,B,7136.0000,0.0000,0.0000,0.0000,0.0000,7138.0000,0.0000,0.0000,0.0000,0.0000,122,0,0,0,0,79,0,0,0,0
zc,TA301,2012-06-21 09:04:50.503,7138.0000,172028,20,0.0000,20.0000,20,0,双开,B,7136.0000,0.0000,0.0000,0.0000,0.0000,7138.0000,0.0000,0.0000,0.0000,0.0000,122,0,0,0,0,80,0,0,0,0
zc,TA301,2012-06-21 09:04:51.283,7138.0000,172028,0,0.0000,0.0000,0,0,多换,B,7136.0000,0.0000,0.0000,0.0000,0.0000,7138.0000,0.0000,0.0000,0.0000,0.0000,117,0,0,0,0,93,0,0,0,0
zc,TA301,2012-06-21 09:04:51.533,7136.0000,172028,0,0.0000,4.0000,2,2,空换,S,7136.0000,0.0000,0.0000,0.0000,0.0000,7138.0000,0.0000,0.0000,0.0000,0.0000,115,0,0,0,0,93,0,0,0,0
zc,TA301,2012-06-21 09:04:52.253,7136.0000,172028,0,0.0000,62.0000,31,31,空换,S,7136.0000,0.0000,0.0000,0.0000,0.0000,7138.0000,0.0000,0.0000,0.0000,0.0000,96,0,0,0,0,62,0,0,0,0
zc,TA301,2012-06-21 09:04:52.770,7136.0000,172028,0,0.0000,28.0000,14,14,空换,S,7136.0000,0.0000,0.0000,0.0000,0.0000,7138.0000,0.0000,0.0000,0.0000,0.0000,83,0,0,0,0,48,0,0,0,0
zc,TA301,2012-06-21 09:04:53.503,7136.0000,172076,48,0.0000,134.0000,91,43,空开,S,7136.0000,0.0000,0.0000,0.0000,0.0000,7138.0000,0.0000,0.0000,0.0000,0.0000,16,0,0,0,0,40,0,0,0,0
zc,TA301,2012-06-21 09:04:54.020,7136.0000,172076,0,0.0000,32.0000,16,16,空换,S,7134.0000,0.0000,0.0000,0.0000,0.0000,7136.0000,0.0000,0.0000,0.0000,0.0000,42,0,0,0,0,13,0,0,0,0
zc,TA301,2012-06-21 09:04:54.737,7136.0000,172076,0,0.0000,0.0000,0,0,空换,S,7134.0000,0.0000,0.0000,0.0000,0.0000,7136.0000,0.0000,0.0000,0.0000,0.0000,42,0,0,0,0,25,0,0,0,0
zc,TA301,2012-06-21 09:04:55.253,7138.0000,172274,198,0.0000,202.0000,200,2,多开,B,7134.0000,0.0000,0.0000,0.0000,0.0000,7136.0000,0.0000,0.0000,0.0000,0.0000,42,0,0,0,0,1,0,0,0,0
zc,TA301,2012-06-21 09:04:55.737,7136.0000,172276,2,0.0000,4.0000,3,1,空开,S,7134.0000,0.0000,0.0000,0.0000,0.0000,7136.0000,0.0000,0.0000,0.0000,0.0000,33,0,0,0,0,1,0,0,0,0
zc,TA301,2012-06-21 09:04:56.473,7134.0000,172278,2,0.0000,22.0000,12,10,空开,S,7134.0000,0.0000,0.0000,0.0000,0.0000,7136.0000,0.0000,0.0000,0.0000,0.0000,25,0,0,0,0,4,0,0,0,0
zc,TA301,2012-06-21 09:04:57.020,7136.0000,172290,12,0.0000,36.0000,24,12,多开,B,7136.0000,0.0000,0.0000,0.0000,0.0000,7138.0000,0.0000,0.0000,0.0000,0.0000,183,0,0,0,0,38,0,0,0,0
zc,TA301,2012-06-21 09:04:57.520,7136.0000,172306,16,0.0000,16.0000,16,0,双开,B,7136.0000,0.0000,0.0000,0.0000,0.0000,7138.0000,0.0000,0.0000,0.0000,0.0000,177,0,0,0,0,36,0,0,0,0
zc,TA301,2012-06-21 09:04:58.003,7136.0000,172344,38,0.0000,72.0000,55,17,多开,B,7136.0000,0.0000,0.0000,0.0000,0.0000,7138.0000,0.0000,0.0000,0.0000,0.0000,142,0,0,0,0,31,0,0,0,0
zc,TA301,2012-06-21 09:04:58.723,7136.0000,172368,24,0.0000,30.0000,27,3,多开,B,7136.0000,0.0000,0.0000,0.0000,0.0000,7138.0000,0.0000,0.0000,0.0000,0.0000,127,0,0,0,0,28,0,0,0,0
zc,TA301,2012-06-21 09:04:59.253,7136.0000,172372,4,0.0000,14.0000,9,5,多开,B,7136.0000,0.0000,0.0000,0.0000,0.0000,7138.0000,0.0000,0.0000,0.0000,0.0000,121,0,0,0,0,26,0,0,0,0
zc,TA301,2012-06-21 09:04:59.987,7136.0000,172388,16,0.0000,32.0000,24,8,多开,B,7136.0000,0.0000,0.0000,0.0000,0.0000,7138.0000,0.0000,0.0000,0.0000,0.0000,105,0,0,0,0,42,0,0,0,0
zc,TA301,2012-06-21 09:05:00.550,7136.0000,172544,156,0.0000,210.0000,183,27,多开,B,7134.0000,0.0000,0.0000,0.0000,0.0000,7136.0000,0.0000,0.0000,0.0000,0.0000,29,0,0,0,0,5,0,0,0,0
zc,TA301,2012-06-21 09:05:01.253,7136.0000,172564,20,0.0000,22.0000,21,1,多开,B,7134.0000,0.0000,0.0000,0.0000,0.0000,7136.0000,0.0000,0.0000,0.0000,0.0000,19,0,0,0,0,16,0,0,0,0
zc,TA301,2012-06-21 09:05:01.800,7134.0000,172566,2,0.0000,6.0000,4,2,空开,S,7134.0000,0.0000,0.0000,0.0000,0.0000,7136.0000,0.0000,0.0000,0.0000,0.0000,17,0,0,0,0,34,0,0,0,0
zc,TA301,2012-06-21 09:05:02.487,7136.0000,172566,0,0.0000,6.0000,3,3,多换,B,7134.0000,0.0000,0.0000,0.0000,0.0000,7136.0000,0.0000,0.0000,0.0000,0.0000,15,0,0,0,0,35,0,0,0,0
zc,TA301,2012-06-21 09:05:03.020,7134.0000,172574,8,0.0000,8.0000,8,0,双开,S,7134.0000,0.0000,0.0000,0.0000,0.0000,7136.0000,0.0000,0.0000,0.0000,0.0000,11,0,0,0,0,31,0,0,0,0
zc,TA301,2012-06-21 09:05:03.737,7134.0000,172574,0,0.0000,30.0000,15,15,空换,S,7132.0000,0.0000,0.0000,0.0000,0.0000,7134.0000,0.0000,0.0000,0.0000,0.0000,92,0,0,0,0,21,0,0,0,0
zc,TA301,2012-06-21 09:05:04.253,7132.0000,172584,10,0.0000,10.0000,10,0,双开,S,7132.0000,0.0000,0.0000,0.0000,0.0000,7134.0000,0.0000,0.0000,0.0000,0.0000,87,0,0,0,0,24,0,0,0,0
zc,TA301,2012-06-21 09:05:04.753,7132.0000,172604,20,0.0000,22.0000,21,1,空开,S,7132.0000,0.0000,0.0000,0.0000,0.0000,7134.0000,0.0000,0.0000,0.0000,0.0000,77,0,0,0,0,24,0,0,0,0
zc,TA301,2012-06-21 09:05:05.487,7132.0000,172610,6,0.0000,10.0000,8,2,空开,S,7132.0000,0.0000,0.0000,0.0000,0.0000,7134.0000,0.0000,0.0000,0.0000,0.0000,74,0,0,0,0,22,0,0,0,0
zc,TA301,2012-06-21 09:05:06.050,7132.0000,172612,2,0.0000,22.0000,12,10,空开,S,7132.0000,0.0000,0.0000,0.0000,0.0000,7134.0000,0.0000,0.0000,0.0000,0.0000,62,0,0,0,0,18,0,0,0,0
zc,TA301,2012-06-21 09:05:06.753,7132.0000,172622,10,0.0000,10.0000,10,0,双开,S,7132.0000,0.0000,0.0000,0.0000,0.0000,7134.0000,0.0000,0.0000,0.0000,0.0000,57,0,0,0,0,20,0,0,0,0
zc,TA301,2012-06-21 09:05:07.237,7134.0000,172622,0,0.0000,16.0000,8,8,多换,B,7132.0000,0.0000,0.0000,0.0000,0.0000,7134.0000,0.0000,0.0000,0.0000,0.0000,54,0,0,0,0,15,0,0,0,0
zc,TA301,2012-06-21 09:05:07.987,7134.0000,172600,-22,0.0000,24.0000,1,23,空平,B,7132.0000,0.0000,0.0000,0.0000,0.0000,7134.0000,0.0000,0.0000,0.0000,0.0000,52,0,0,0,0,5,0,0,0,0
zc,TA301,2012-06-21 09:05:08.520,7132.0000,172576,-24,0.0000,70.0000,23,47,多平,S,7132.0000,0.0000,0.0000,0.0000,0.0000,7134.0000,0.0000,0.0000,0.0000,0.0000,17,0,0,0,0,5,0,0,0,0
zc,TA301,2012-06-21 09:05:09.283,7132.0000,172570,-6,0.0000,10.0000,2,8,多平,S,7132.0000,0.0000,0.0000,0.0000,0.0000,7134.0000,0.0000,0.0000,0.0000,0.0000,13,0,0,0,0,24,0,0,0,0
zc,TA301,2012-06-21 09:05:09.753,7132.0000,172564,-6,0.0000,32.0000,13,19,多平,S,7130.0000,0.0000,0.0000,0.0000,0.0000,7134.0000,0.0000,0.0000,0.0000,0.0000,189,0,0,0,0,31,0,0,0,0
zc,TA301,2012-06-21 09:05:10.550,7132.0000,172566,2,0.0000,2.0000,2,0,双开,S,7130.0000,0.0000,0.0000,0.0000,0.0000,7132.0000,0.0000,0.0000,0.0000,0.0000,193,0,0,0,0,8,0,0,0,0
zc,TA301,2012-06-21 09:05:11.020,7130.0000,172566,0,0.0000,6.0000,3,3,空换,S,7130.0000,0.0000,0.0000,0.0000,0.0000,7132.0000,0.0000,0.0000,0.0000,0.0000,190,0,0,0,0,9,0,0,0,0
zc,TA301,2012-06-21 09:05:11.770,7132.0000,172570,4,0.0000,8.0000,6,2,多开,B,7130.0000,0.0000,0.0000,0.0000,0.0000,7132.0000,0.0000,0.0000,0.0000,0.0000,188,0,0,0,0,8,0,0,0,0
zc,TA301,2012-06-21 09:05:12.253,7130.0000,172572,2,0.0000,4.0000,3,1,空开,S,7130.0000,0.0000,0.0000,0.0000,0.0000,7132.0000,0.0000,0.0000,0.0000,0.0000,186,0,0,0,0,11,0,0,0,0
zc,TA301,2012-06-21 09:05:12.753,7130.0000,172614,42,0.0000,48.0000,45,3,空开,S,7130.0000,0.0000,0.0000,0.0000,0.0000,7132.0000,0.0000,0.0000,0.0000,0.0000,163,0,0,0,0,15,0,0,0,0
zc,TA301,2012-06-21 09:05:13.520,7130.0000,172676,62,0.0000,64.0000,63,1,空开,S,7130.0000,0.0000,0.0000,0.0000,0.0000,7132.0000,0.0000,0.0000,0.0000,0.0000,131,0,0,0,0,98,0,0,0,0
zc,TA301,2012-06-21 09:05:14.003,7130.0000,172768,92,0.0000,108.0000,100,8,空开,S,7130.0000,0.0000,0.0000,0.0000,0.0000,7132.0000,0.0000,0.0000,0.0000,0.0000,81,0,0,0,0,89,0,0,0,0
zc,TA301,2012-06-21 09:05:14.753,7128.0000,172908,140,0.0000,174.0000,157,17,空开,S,7128.0000,0.0000,0.0000,0.0000,0.0000,7132.0000,0.0000,0.0000,0.0000,0.0000,137,0,0,0,0,89,0,0,0,0
zc,TA301,2012-06-21 09:05:15.003,7128.0000,172908,0,0.0000,52.0000,26,26,空换,S,7128.0000,0.0000,0.0000,0.0000,0.0000,7130.0000,0.0000,0.0000,0.0000,0.0000,111,0,0,0,0,20,0,0,0,0
zc,TA301,2012-06-21 09:05:15.723,7130.0000,172910,2,0.0000,32.0000,17,15,多开,B,7128.0000,0.0000,0.0000,0.0000,0.0000,7130.0000,0.0000,0.0000,0.0000,0.0000,111,0,0,0,0,18,0,0,0,0
zc,TA301,2012-06-21 09:05:16.253,7128.0000,172950,40,0.0000,70.0000,55,15,空开,S,7128.0000,0.0000,0.0000,0.0000,0.0000,7130.0000,0.0000,0.0000,0.0000,0.0000,97,0,0,0,0,3,0,0,0,0
zc,TA301,2012-06-21 09:05:17.003,7128.0000,172956,6,0.0000,16.0000,11,5,空开,S,7128.0000,0.0000,0.0000,0.0000,0.0000,7130.0000,0.0000,0.0000,0.0000,0.0000,97,0,0,0,0,12,0,0,0,0
zc,TA301,2012-06-21 09:05:17.487,7128.0000,172948,-8,0.0000,12.0000,2,10,多平,S,7128.0000,0.0000,0.0000,0.0000,0.0000,7130.0000,0.0000,0.0000,0.0000,0.0000,93,0,0,0,0,10,0,0,0,0
zc,TA301,2012-06-21 09:05:18.300,7130.0000,172958,10,0.0000,10.0000,10,0,双开,B,7128.0000,0.0000,0.0000,0.0000,0.0000,7130.0000,0.0000,0.0000,0.0000,0.0000,143,0,0,0,0,7,0,0,0,0
zc,TA301,2012-06-21 09:05:18.753,7128.0000,172930,-28,0.0000,298.0000,135,163,多平,S,7126.0000,0.0000,0.0000,0.0000,0.0000,7128.0000,0.0000,0.0000,0.0000,0.0000,109,0,0,0,0,1,0,0,0,0
zc,TA301,2012-06-21 09:05:19.533,7126.0000,172954,24,0.0000,44.0000,34,10,空开,S,7126.0000,0.0000,0.0000,0.0000,0.0000,7130.0000,0.0000,0.0000,0.0000,0.0000,100,0,0,0,0,11,0,0,0,0
zc,TA301,2012-06-21 09:05:19.973,7126.0000,172956,2,0.0000,4.0000,3,1,空开,S,7126.0000,0.0000,0.0000,0.0000,0.0000,7128.0000,0.0000,0.0000,0.0000,0.0000,99,0,0,0,0,2,0,0,0,0
zc,TA301,2012-06-21 09:05:21.270,7126.0000,173130,174,0.0000,342.0000,258,84,空开,S,7126.0000,0.0000,0.0000,0.0000,0.0000,7128.0000,0.0000,0.0000,0.0000,0.0000,43,0,0,0,0,5,0,0,0,0
zc,TA301,2012-06-21 09:05:21.753,7126.0000,173138,8,0.0000,86.0000,47,39,空开,S,7124.0000,0.0000,0.0000,0.0000,0.0000,7126.0000,0.0000,0.0000,0.0000,0.0000,61,0,0,0,0,1,0,0,0,0
zc,TA301,2012-06-21 09:05:22.503,7126.0000,173238,100,0.0000,100.0000,100,0,双开,S,7124.0000,0.0000,0.0000,0.0000,0.0000,7126.0000,0.0000,0.0000,0.0000,0.0000,61,0,0,0,0,141,0,0,0,0
zc,TA301,2012-06-21 09:05:22.973,7124.0000,173312,74,0.0000,80.0000,77,3,空开,S,7124.0000,0.0000,0.0000,0.0000,0.0000,7126.0000,0.0000,0.0000,0.0000,0.0000,43,0,0,0,0,136,0,0,0,0
zc,TA301,2012-06-21 09:05:23.737,7124.0000,173330,18,0.0000,234.0000,126,108,空开,S,7124.0000,0.0000,0.0000,0.0000,0.0000,7126.0000,0.0000,0.0000,0.0000,0.0000,29,0,0,0,0,106,0,0,0,0
zc,TA301,2012-06-21 09:05:24.283,7124.0000,173372,42,0.0000,90.0000,66,24,空开,S,7124.0000,0.0000,0.0000,0.0000,0.0000,7126.0000,0.0000,0.0000,0.0000,0.0000,4,0,0,0,0,98,0,0,0,0
zc,TA301,2012-06-21 09:05:25.003,7124.0000,173386,14,0.0000,18.0000,16,2,空开,S,7124.0000,0.0000,0.0000,0.0000,0.0000,7126.0000,0.0000,0.0000,0.0000,0.0000,2,0,0,0,0,91,0,0,0,0
zc,TA301,2012-06-21 09:05:25.487,7124.0000,173388,2,0.0000,2.0000,2,0,双开,S,7124.0000,0.0000,0.0000,0.0000,0.0000,7126.0000,0.0000,0.0000,0.0000,0.0000,1,0,0,0,0,91,0,0,0,0
zc,TA301,2012-06-21 09:05:26.283,7124.0000,173364,-24,0.0000,28.0000,2,26,多平,S,7122.0000,0.0000,0.0000,0.0000,0.0000,7124.0000,0.0000,0.0000,0.0000,0.0000,258,0,0,0,0,91,0,0,0,0
zc,TA301,2012-06-21 09:05:26.723,7124.0000,173336,-28,0.0000,28.0000,0,28,双平,S,7122.0000,0.0000,0.0000,0.0000,0.0000,7124.0000,0.0000,0.0000,0.0000,0.0000,244,0,0,0,0,90,0,0,0,0
zc,TA301,2012-06-21 09:05:27.487,7122.0000,173320,-16,0.0000,82.0000,33,49,多平,S,7122.0000,0.0000,0.0000,0.0000,0.0000,7124.0000,0.0000,0.0000,0.0000,0.0000,245,0,0,0,0,53,0,0,0,0
zc,TA301,2012-06-21 09:05:28.033,7126.0000,173360,40,0.0000,128.0000,84,44,多开,B,7124.0000,0.0000,0.0000,0.0000,0.0000,7126.0000,0.0000,0.0000,0.0000,0.0000,145,0,0,0,0,74,0,0,0,0
zc,TA301,2012-06-21 09:05:28.737,7124.0000,173426,66,0.0000,74.0000,70,4,空开,S,7124.0000,0.0000,0.0000,0.0000,0.0000,7126.0000,0.0000,0.0000,0.0000,0.0000,110,0,0,0,0,79,0,0,0,0
zc,TA301,2012-06-21 09:05:29.237,7124.0000,173436,10,0.0000,10.0000,10,0,双开,S,7124.0000,0.0000,0.0000,0.0000,0.0000,7126.0000,0.0000,0.0000,0.0000,0.0000,111,0,0,0,0,81,0,0,0,0
zc,TA301,2012-06-21 09:05:29.753,7122.0000,173422,-14,0.0000,244.0000,115,129,多平,S,7122.0000,0.0000,0.0000,0.0000,0.0000,7124.0000,0.0000,0.0000,0.0000,0.0000,231,0,0,0,0,43,0,0,0,0
zc,TA301,2012-06-21 09:05:30.503,7122.0000,173410,-12,0.0000,20.0000,4,16,多平,S,7122.0000,0.0000,0.0000,0.0000,0.0000,7124.0000,0.0000,0.0000,0.0000,0.0000,223,0,0,0,0,42,0,0,0,0
zc,TA301,2012-06-21 09:05:31.050,7122.0000,173406,-4,0.0000,34.0000,15,19,多平,S,7122.0000,0.0000,0.0000,0.0000,0.0000,7124.0000,0.0000,0.0000,0.0000,0.0000,211,0,0,0,0,43,0,0,0,0
zc,TA301,2012-06-21 09:05:31.770,7122.0000,173398,-8,0.0000,10.0000,1,9,多平,S,7122.0000,0.0000,0.0000,0.0000,0.0000,7124.0000,0.0000,0.0000,0.0000,0.0000,201,0,0,0,0,42,0,0,0,0
zc,TA301,2012-06-21 09:05:32.223,7122.0000,173370,-28,0.0000,40.0000,6,34,多平,S,7122.0000,0.0000,0.0000,0.0000,0.0000,7124.0000,0.0000,0.0000,0.0000,0.0000,195,0,0,0,0,33,0,0,0,0
zc,TA301,2012-06-21 09:05:33.003,7122.0000,173354,-16,0.0000,28.0000,6,22,多平,S,7122.0000,0.0000,0.0000,0.0000,0.0000,7124.0000,0.0000,0.0000,0.0000,0.0000,194,0,0,0,0,13,0,0,0,0
zc,TA301,2012-06-21 09:05:33.503,7124.0000,173336,-18,0.0000,38.0000,10,28,空平,B,7124.0000,0.0000,0.0000,0.0000,0.0000,7126.0000,0.0000,0.0000,0.0000,0.0000,22,0,0,0,0,70,0,0,0,0
zc,TA301,2012-06-21 09:05:34.003,7124.0000,173330,-6,0.0000,14.0000,4,10,空平,B,7124.0000,0.0000,0.0000,0.0000,0.0000,7126.0000,0.0000,0.0000,0.0000,0.0000,28,0,0,0,0,70,0,0,0,0
zc,TA301,2012-06-21 09:05:34.487,7124.0000,173332,2,0.0000,24.0000,13,11,多开,B,7124.0000,0.0000,0.0000,0.0000,0.0000,7126.0000,0.0000,0.0000,0.0000,0.0000,18,0,0,0,0,68,0,0,0,0
zc,TA301,2012-06-21 09:05:35.253,7124.0000,173340,8,0.0000,20.0000,14,6,多开,B,7124.0000,0.0000,0.0000,0.0000,0.0000,7126.0000,0.0000,0.0000,0.0000,0.0000,31,0,0,0,0,61,0,0,0,0
zc,TA301,2012-06-21 09:05:36.020,7124.0000,173376,36,0.0000,78.0000,57,21,多开,B,7124.0000,0.0000,0.0000,0.0000,0.0000,7126.0000,0.0000,0.0000,0.0000,0.0000,12,0,0,0,0,39,0,0,0,0
zc,TA301,2012-06-21 09:05:36.753,7124.0000,173378,2,0.0000,38.0000,20,18,多开,B,7124.0000,0.0000,0.0000,0.0000,0.0000,7126.0000,0.0000,0.0000,0.0000,0.0000,4,0,0,0,0,38,0,0,0,0
zc,TA301,2012-06-21 09:05:37.253,7124.0000,173372,-6,0.0000,12.0000,3,9,空平,B,7124.0000,0.0000,0.0000,0.0000,0.0000,7126.0000,0.0000,0.0000,0.0000,0.0000,9,0,0,0,0,38,0,0,0,0
zc,TA301,2012-06-21 09:05:38.050,7126.0000,173372,0,0.0000,6.0000,3,3,多换,B,7124.0000,0.0000,0.0000,0.0000,0.0000,7126.0000,0.0000,0.0000,0.0000,0.0000,9,0,0,0,0,35,0,0,0,0
zc,TA301,2012-06-21 09:05:38.503,7126.0000,173366,-6,0.0000,12.0000,3,9,空平,B,7124.0000,0.0000,0.0000,0.0000,0.0000,7126.0000,0.0000,0.0000,0.0000,0.0000,18,0,0,0,0,32,0,0,0,0
zc,TA301,2012-06-21 09:05:39.033,7124.0000,173340,-26,0.0000,70.0000,22,48,多平,S,7124.0000,0.0000,0.0000,0.0000,0.0000,7126.0000,0.0000,0.0000,0.0000,0.0000,19,0,0,0,0,1,0,0,0,0
zc,TA301,2012-06-21 09:05:39.737,7124.0000,173346,6,0.0000,42.0000,24,18,空开,S,7124.0000,0.0000,0.0000,0.0000,0.0000,7126.0000,0.0000,0.0000,0.0000,0.0000,4,0,0,0,0,1,0,0,0,0
zc,TA301,2012-06-21 09:05:40.237,7124.0000,173344,-2,0.0000,6.0000,2,4,多平,S,7124.0000,0.0000,0.0000,0.0000,0.0000,7126.0000,0.0000,0.0000,0.0000,0.0000,2,0,0,0,0,1,0,0,0,0
zc,TA301,2012-06-21 09:05:40.973,7124.0000,173344,0,0.0000,2.0000,1,1,空换,S,7124.0000,0.0000,0.0000,0.0000,0.0000,7126.0000,0.0000,0.0000,0.0000,0.0000,6,0,0,0,0,1,0,0,0,0
zc,TA301,2012-06-21 09:05:41.520,7124.0000,173342,-2,0.0000,8.0000,3,5,多平,S,7124.0000,0.0000,0.0000,0.0000,0.0000,7126.0000,0.0000,0.0000,0.0000,0.0000,2,0,0,0,0,8,0,0,0,0
zc,TA301,2012-06-21 09:05:42.223,7124.0000,173344,2,0.0000,4.0000,3,1,空开,S,7122.0000,0.0000,0.0000,0.0000,0.0000,7126.0000,0.0000,0.0000,0.0000,0.0000,207,0,0,0,0,8,0,0,0,0
zc,TA301,2012-06-21 09:05:42.503,7124.0000,173354,10,0.0000,14.0000,12,2,空开,S,7122.0000,0.0000,0.0000,0.0000,0.0000,7124.0000,0.0000,0.0000,0.0000,0.0000,205,0,0,0,0,1,0,0,0,0
zc,TA301,2012-06-21 09:05:43.283,7124.0000,173356,2,0.0000,2.0000,2,0,双开,S,7122.0000,0.0000,0.0000,0.0000,0.0000,7126.0000,0.0000,0.0000,0.0000,0.0000,205,0,0,0,0,8,0,0,0,0
zc,TA301,2012-06-21 09:05:43.783,7124.0000,173358,2,0.0000,6.0000,4,2,空开,S,7122.0000,0.0000,0.0000,0.0000,0.0000,7124.0000,0.0000,0.0000,0.0000,0.0000,206,0,0,0,0,1,0,0,0,0
zc,TA301,2012-06-21 09:05:44.503,7124.0000,173342,-16,0.0000,16.0000,0,16,双平,S,7122.0000,0.0000,0.0000,0.0000,0.0000,7126.0000,0.0000,0.0000,0.0000,0.0000,201,0,0,0,0,49,0,0,0,0
zc,TA301,2012-06-21 09:05:44.987,7124.0000,173342,0,0.0000,4.0000,2,2,空换,S,7122.0000,0.0000,0.0000,0.0000,0.0000,7126.0000,0.0000,0.0000,0.0000,0.0000,201,0,0,0,0,58,0,0,0,0
zc,TA301,2012-06-21 09:05:45.520,7124.0000,173342,0,0.0000,2.0000,1,1,空换,S,7124.0000,0.0000,0.0000,0.0000,0.0000,7126.0000,0.0000,0.0000,0.0000,0.0000,5,0,0,0,0,59,0,0,0,0
zc,TA301,2012-06-21 09:05:46.300,7124.0000,173380,38,0.0000,52.0000,45,7,空开,S,7122.0000,0.0000,0.0000,0.0000,0.0000,7124.0000,0.0000,0.0000,0.0000,0.0000,201,0,0,0,0,5,0,0,0,0
zc,TA301,2012-06-21 09:05:46.723,7122.0000,173380,0,0.0000,16.0000,8,8,空换,S,7122.0000,0.0000,0.0000,0.0000,0.0000,7124.0000,0.0000,0.0000,0.0000,0.0000,193,0,0,0,0,7,0,0,0,0
zc,TA301,2012-06-21 09:05:47.520,7124.0000,173380,0,0.0000,4.0000,2,2,多换,B,7122.0000,0.0000,0.0000,0.0000,0.0000,7124.0000,0.0000,0.0000,0.0000,0.0000,195,0,0,0,0,6,0,0,0,0
zc,TA301,2012-06-21 09:05:47.987,7124.0000,173380,0,0.0000,20.0000,10,10,多换,B,7122.0000,0.0000,0.0000,0.0000,0.0000,7126.0000,0.0000,0.0000,0.0000,0.0000,192,0,0,0,0,42,0,0,0,0
zc,TA301,2012-06-21 09:05:48.473,7122.0000,173382,2,0.0000,6.0000,4,2,空开,S,7122.0000,0.0000,0.0000,0.0000,0.0000,7124.0000,0.0000,0.0000,0.0000,0.0000,191,0,0,0,0,2,0,0,0,0
zc,TA301,2012-06-21 09:05:49.783,7124.0000,173394,12,0.0000,154.0000,83,71,多开,B,7122.0000,0.0000,0.0000,0.0000,0.0000,7126.0000,0.0000,0.0000,0.0000,0.0000,119,0,0,0,0,43,0,0,0,0
zc,TA301,2012-06-21 09:05:50.533,7122.0000,173392,-2,0.0000,26.0000,12,14,多平,S,7122.0000,0.0000,0.0000,0.0000,0.0000,7124.0000,0.0000,0.0000,0.0000,0.0000,109,0,0,0,0,2,0,0,0,0
