市场代码,合约代码,时间,最新,持仓,增仓,成交额,成交量,开仓,平仓,成交类型,方向,买一价,买二价,买三价,买四价,买五价,卖一价,卖二价,卖三价,卖四价,卖五价,买一量,买二量,买三量,买四量,买五量,卖一量,卖二量,卖三量,卖四量,卖五量
zc,TA209,2012-06-21 07:55:03.957,0.0000,446690,0,0.0000,0.0000,0,0,空换,S,0.0000,0.0000,0.0000,0.0000,0.0000,0.0000,0.0000,0.0000,0.0000,0.0000,0,0,0,0,0,0,0,0,0,0
zc,TA209,2012-06-21 07:56:03.957,0.0000,446690,0,0.0000,0.0000,0,0,空换,S,0.0000,0.0000,0.0000,0.0000,0.0000,0.0000,0.0000,0.0000,0.0000,0.0000,0,0,0,0,0,0,0,0,0,0
zc,TA209,2012-06-21 07:57:03.957,0.0000,446690,0,0.0000,0.0000,0,0,空换,S,0.0000,0.0000,0.0000,0.0000,0.0000,0.0000,0.0000,0.0000,0.0000,0.0000,0,0,0,0,0,0,0,0,0,0
zc,TA209,2012-06-21 07:59:03.957,0.0000,446690,0,0.0000,0.0000,0,0,空换,S,0.0000,0.0000,0.0000,0.0000,0.0000,0.0000,0.0000,0.0000,0.0000,0.0000,0,0,0,0,0,0,0,0,0,0
zc,TA209,2012-06-21 08:09:05.973,0.0000,446690,0,0.0000,0.0000,0,0,空换,S,0.0000,0.0000,0.0000,0.0000,0.0000,0.0000,0.0000,0.0000,0.0000,0.0000,0,0,0,0,0,0,0,0,0,0
zc,TA209,2012-06-21 08:13:05.957,0.0000,446690,0,0.0000,0.0000,0,0,空换,S,0.0000,0.0000,0.0000,0.0000,0.0000,0.0000,0.0000,0.0000,0.0000,0.0000,0,0,0,0,0,0,0,0,0,0
zc,TA209,2012-06-21 08:16:05.957,0.0000,446690,0,0.0000,0.0000,0,0,空换,S,0.0000,0.0000,0.0000,0.0000,0.0000,0.0000,0.0000,0.0000,0.0000,0.0000,0,0,0,0,0,0,0,0,0,0
zc,TA209,2012-06-21 08:17:05.957,0.0000,446690,0,0.0000,0.0000,0,0,空换,S,0.0000,0.0000,0.0000,0.0000,0.0000,0.0000,0.0000,0.0000,0.0000,0.0000,0,0,0,0,0,0,0,0,0,0
zc,TA209,2012-06-21 08:18:05.957,0.0000,446690,0,0.0000,0.0000,0,0,空换,S,0.0000,0.0000,0.0000,0.0000,0.0000,0.0000,0.0000,0.0000,0.0000,0.0000,0,0,0,0,0,0,0,0,0,0
zc,TA209,2012-06-21 08:21:05.957,0.0000,446690,0,0.0000,0.0000,0,0,空换,S,0.0000,0.0000,0.0000,0.0000,0.0000,0.0000,0.0000,0.0000,0.0000,0.0000,0,0,0,0,0,0,0,0,0,0
zc,TA209,2012-06-21 08:22:05.957,0.0000,446690,0,0.0000,0.0000,0,0,空换,S,0.0000,0.0000,0.0000,0.0000,0.0000,0.0000,0.0000,0.0000,0.0000,0.0000,0,0,0,0,0,0,0,0,0,0
zc,TA209,2012-06-21 08:24:05.957,0.0000,446690,0,0.0000,0.0000,0,0,空换,S,0.0000,0.0000,0.0000,0.0000,0.0000,0.0000,0.0000,0.0000,0.0000,0.0000,0,0,0,0,0,0,0,0,0,0
zc,TA209,2012-06-21 08:28:05.940,0.0000,446690,0,0.0000,0.0000,0,0,空换,S,0.0000,0.0000,0.0000,0.0000,0.0000,0.0000,0.0000,0.0000,0.0000,0.0000,0,0,0,0,0,0,0,0,0,0
zc,TA209,2012-06-21 08:31:05.940,0.0000,446690,0,0.0000,0.0000,0,0,空换,S,0.0000,0.0000,0.0000,0.0000,0.0000,0.0000,0.0000,0.0000,0.0000,0.0000,0,0,0,0,0,0,0,0,0,0
zc,TA209,2012-06-21 08:36:05.957,0.0000,446690,0,0.0000,0.0000,0,0,空换,S,0.0000,0.0000,0.0000,0.0000,0.0000,0.0000,0.0000,0.0000,0.0000,0.0000,0,0,0,0,0,0,0,0,0,0
zc,TA209,2012-06-21 08:38:05.957,0.0000,446690,0,0.0000,0.0000,0,0,空换,S,0.0000,0.0000,0.0000,0.0000,0.0000,0.0000,0.0000,0.0000,0.0000,0.0000,0,0,0,0,0,0,0,0,0,0
zc,TA209,2012-06-21 08:42:05.957,0.0000,446690,0,0.0000,0.0000,0,0,空换,S,0.0000,0.0000,0.0000,0.0000,0.0000,0.0000,0.0000,0.0000,0.0000,0.0000,0,0,0,0,0,0,0,0,0,0
zc,TA209,2012-06-21 08:43:05.957,0.0000,446690,0,0.0000,0.0000,0,0,空换,S,0.0000,0.0000,0.0000,0.0000,0.0000,0.0000,0.0000,0.0000,0.0000,0.0000,0,0,0,0,0,0,0,0,0,0
zc,TA209,2012-06-21 08:47:05.957,0.0000,446690,0,0.0000,0.0000,0,0,空换,S,0.0000,0.0000,0.0000,0.0000,0.0000,0.0000,0.0000,0.0000,0.0000,0.0000,0,0,0,0,0,0,0,0,0,0
zc,TA209,2012-06-21 08:50:05.957,0.0000,446690,0,0.0000,0.0000,0,0,空换,S,0.0000,0.0000,0.0000,0.0000,0.0000,0.0000,0.0000,0.0000,0.0000,0.0000,0,0,0,0,0,0,0,0,0,0
zc,TA209,2012-06-21 08:52:05.940,0.0000,446690,0,0.0000,0.0000,0,0,空换,S,0.0000,0.0000,0.0000,0.0000,0.0000,0.0000,0.0000,0.0000,0.0000,0.0000,0,0,0,0,0,0,0,0,0,0
zc,TA209,2012-06-21 08:54:59.940,0.0000,446690,0,0.0000,0.0000,0,0,空换,S,0.0000,0.0000,0.0000,0.0000,0.0000,0.0000,0.0000,0.0000,0.0000,0.0000,0,0,0,0,0,0,0,0,0,0
zc,TA209,2012-06-21 08:55:00.473,0.0000,446690,0,0.0000,0.0000,0,0,空换,S,0.0000,0.0000,0.0000,0.0000,0.0000,0.0000,0.0000,0.0000,0.0000,0.0000,0,0,0,0,0,0,0,0,0,0
zc,TA209,2012-06-21 08:55:01.237,0.0000,446690,0,0.0000,0.0000,0,0,空换,S,0.0000,0.0000,0.0000,0.0000,0.0000,0.0000,0.0000,0.0000,0.0000,0.0000,0,0,0,0,0,0,0,0,0,0
zc,TA209,2012-06-21 08:55:05.957,0.0000,446690,0,0.0000,0.0000,0,0,空换,S,0.0000,0.0000,0.0000,0.0000,0.0000,0.0000,0.0000,0.0000,0.0000,0.0000,0,0,0,0,0,0,0,0,0,0
zc,TA209,2012-06-21 08:55:14.940,0.0000,446690,0,0.0000,0.0000,0,0,空换,S,0.0000,0.0000,0.0000,0.0000,0.0000,0.0000,0.0000,0.0000,0.0000,0.0000,0,0,0,0,0,0,0,0,0,0
zc,TA209,2012-06-21 08:55:22.690,0.0000,446690,0,0.0000,0.0000,0,0,空换,S,0.0000,0.0000,0.0000,0.0000,0.0000,0.0000,0.0000,0.0000,0.0000,0.0000,0,0,0,0,0,0,0,0,0,0
zc,TA209,2012-06-21 08:55:28.190,0.0000,446690,0,0.0000,0.0000,0,0,空换,S,0.0000,0.0000,0.0000,0.0000,0.0000,0.0000,0.0000,0.0000,0.0000,0.0000,0,0,0,0,0,0,0,0,0,0
zc,TA209,2012-06-21 08:55:28.940,0.0000,446690,0,0.0000,0.0000,0,0,空换,S,0.0000,0.0000,0.0000,0.0000,0.0000,0.0000,0.0000,0.0000,0.0000,0.0000,0,0,0,0,0,0,0,0,0,0
zc,TA209,2012-06-21 08:55:31.440,0.0000,446690,0,0.0000,0.0000,0,0,空换,S,0.0000,0.0000,0.0000,0.0000,0.0000,0.0000,0.0000,0.0000,0.0000,0.0000,0,0,0,0,0,0,0,0,0,0
zc,TA209,2012-06-21 08:55:34.190,0.0000,446690,0,0.0000,0.0000,0,0,空换,S,0.0000,0.0000,0.0000,0.0000,0.0000,0.0000,0.0000,0.0000,0.0000,0.0000,0,0,0,0,0,0,0,0,0,0
zc,TA209,2012-06-21 08:55:36.440,0.0000,446690,0,0.0000,0.0000,0,0,空换,S,0.0000,0.0000,0.0000,0.0000,0.0000,0.0000,0.0000,0.0000,0.0000,0.0000,0,0,0,0,0,0,0,0,0,0
zc,TA209,2012-06-21 08:55:36.940,0.0000,446690,0,0.0000,0.0000,0,0,空换,S,0.0000,0.0000,0.0000,0.0000,0.0000,0.0000,0.0000,0.0000,0.0000,0.0000,0,0,0,0,0,0,0,0,0,0
zc,TA209,2012-06-21 08:55:41.190,0.0000,446690,0,0.0000,0.0000,0,0,空换,S,0.0000,0.0000,0.0000,0.0000,0.0000,0.0000,0.0000,0.0000,0.0000,0.0000,0,0,0,0,0,0,0,0,0,0
zc,TA209,2012-06-21 08:55:46.690,0.0000,446690,0,0.0000,0.0000,0,0,空换,S,0.0000,0.0000,0.0000,0.0000,0.0000,0.0000,0.0000,0.0000,0.0000,0.0000,0,0,0,0,0,0,0,0,0,0
zc,TA209,2012-06-21 08:55:47.690,0.0000,446690,0,0.0000,0.0000,0,0,空换,S,0.0000,0.0000,0.0000,0.0000,0.0000,0.0000,0.0000,0.0000,0.0000,0.0000,0,0,0,0,0,0,0,0,0,0
zc,TA209,2012-06-21 08:55:48.940,0.0000,446690,0,0.0000,0.0000,0,0,空换,S,0.0000,0.0000,0.0000,0.0000,0.0000,0.0000,0.0000,0.0000,0.0000,0.0000,0,0,0,0,0,0,0,0,0,0
zc,TA209,2012-06-21 08:55:54.190,0.0000,446690,0,0.0000,0.0000,0,0,空换,S,0.0000,0.0000,0.0000,0.0000,0.0000,0.0000,0.0000,0.0000,0.0000,0.0000,0,0,0,0,0,0,0,0,0,0
zc,TA209,2012-06-21 08:55:54.690,0.0000,446690,0,0.0000,0.0000,0,0,空换,S,0.0000,0.0000,0.0000,0.0000,0.0000,0.0000,0.0000,0.0000,0.0000,0.0000,0,0,0,0,0,0,0,0,0,0
zc,TA209,2012-06-21 08:55:56.457,0.0000,446690,0,0.0000,0.0000,0,0,空换,S,0.0000,0.0000,0.0000,0.0000,0.0000,0.0000,0.0000,0.0000,0.0000,0.0000,0,0,0,0,0,0,0,0,0,0
zc,TA209,2012-06-21 08:56:15.940,0.0000,446690,0,0.0000,0.0000,0,0,空换,S,0.0000,0.0000,0.0000,0.0000,0.0000,0.0000,0.0000,0.0000,0.0000,0.0000,0,0,0,0,0,0,0,0,0,0
zc,TA209,2012-06-21 08:56:28.940,0.0000,446690,0,0.0000,0.0000,0,0,空换,S,0.0000,0.0000,0.0000,0.0000,0.0000,0.0000,0.0000,0.0000,0.0000,0.0000,0,0,0,0,0,0,0,0,0,0
zc,TA209,2012-06-21 08:56:30.457,0.0000,446690,0,0.0000,0.0000,0,0,空换,S,0.0000,0.0000,0.0000,0.0000,0.0000,0.0000,0.0000,0.0000,0.0000,0.0000,0,0,0,0,0,0,0,0,0,0
zc,TA209,2012-06-21 08:56:30.940,0.0000,446690,0,0.0000,0.0000,0,0,空换,S,0.0000,0.0000,0.0000,0.0000,0.0000,0.0000,0.0000,0.0000,0.0000,0.0000,0,0,0,0,0,0,0,0,0,0
zc,TA209,2012-06-21 08:56:36.940,0.0000,446690,0,0.0000,0.0000,0,0,空换,S,0.0000,0.0000,0.0000,0.0000,0.0000,0.0000,0.0000,0.0000,0.0000,0.0000,0,0,0,0,0,0,0,0,0,0
zc,TA209,2012-06-21 08:56:38.190,0.0000,446690,0,0.0000,0.0000,0,0,空换,S,0.0000,0.0000,0.0000,0.0000,0.0000,0.0000,0.0000,0.0000,0.0000,0.0000,0,0,0,0,0,0,0,0,0,0
zc,TA209,2012-06-21 08:56:43.440,0.0000,446690,0,0.0000,0.0000,0,0,空换,S,0.0000,0.0000,0.0000,0.0000,0.0000,0.0000,0.0000,0.0000,0.0000,0.0000,0,0,0,0,0,0,0,0,0,0
zc,TA209,2012-06-21 08:56:53.690,0.0000,446690,0,0.0000,0.0000,0,0,空换,S,0.0000,0.0000,0.0000,0.0000,0.0000,0.0000,0.0000,0.0000,0.0000,0.0000,0,0,0,0,0,0,0,0,0,0
zc,TA209,2012-06-21 08:57:05.940,0.0000,446690,0,0.0000,0.0000,0,0,空换,S,0.0000,0.0000,0.0000,0.0000,0.0000,0.0000,0.0000,0.0000,0.0000,0.0000,0,0,0,0,0,0,0,0,0,0
zc,TA209,2012-06-21 08:57:41.940,0.0000,446690,0,0.0000,0.0000,0,0,空换,S,0.0000,0.0000,0.0000,0.0000,0.0000,0.0000,0.0000,0.0000,0.0000,0.0000,0,0,0,0,0,0,0,0,0,0
zc,TA209,2012-06-21 08:57:45.457,0.0000,446690,0,0.0000,0.0000,0,0,空换,S,0.0000,0.0000,0.0000,0.0000,0.0000,0.0000,0.0000,0.0000,0.0000,0.0000,0,0,0,0,0,0,0,0,0,0
zc,TA209,2012-06-21 08:57:52.473,0.0000,446690,0,0.0000,0.0000,0,0,空换,S,0.0000,0.0000,0.0000,0.0000,0.0000,0.0000,0.0000,0.0000,0.0000,0.0000,0,0,0,0,0,0,0,0,0,0
zc,TA209,2012-06-21 08:57:57.190,0.0000,446690,0,0.0000,0.0000,0,0,空换,S,0.0000,0.0000,0.0000,0.0000,0.0000,0.0000,0.0000,0.0000,0.0000,0.0000,0,0,0,0,0,0,0,0,0,0
zc,TA209,2012-06-21 08:58:01.690,0.0000,446690,0,0.0000,0.0000,0,0,空换,S,0.0000,0.0000,0.0000,0.0000,0.0000,0.0000,0.0000,0.0000,0.0000,0.0000,0,0,0,0,0,0,0,0,0,0
zc,TA209,2012-06-21 08:58:14.690,0.0000,446690,0,0.0000,0.0000,0,0,空换,S,0.0000,0.0000,0.0000,0.0000,0.0000,0.0000,0.0000,0.0000,0.0000,0.0000,0,0,0,0,0,0,0,0,0,0
zc,TA209,2012-06-21 08:58:21.940,0.0000,446690,0,0.0000,0.0000,0,0,空换,S,0.0000,0.0000,0.0000,0.0000,0.0000,0.0000,0.0000,0.0000,0.0000,0.0000,0,0,0,0,0,0,0,0,0,0
zc,TA209,2012-06-21 08:58:37.940,0.0000,446690,0,0.0000,0.0000,0,0,空换,S,0.0000,0.0000,0.0000,0.0000,0.0000,0.0000,0.0000,0.0000,0.0000,0.0000,0,0,0,0,0,0,0,0,0,0
zc,TA209,2012-06-21 08:58:39.957,0.0000,446690,0,0.0000,0.0000,0,0,空换,S,0.0000,0.0000,0.0000,0.0000,0.0000,0.0000,0.0000,0.0000,0.0000,0.0000,0,0,0,0,0,0,0,0,0,0
zc,TA209,2012-06-21 08:58:44.957,0.0000,446690,0,0.0000,0.0000,0,0,空换,S,0.0000,0.0000,0.0000,0.0000,0.0000,0.0000,0.0000,0.0000,0.0000,0.0000,0,0,0,0,0,0,0,0,0,0
zc,TA209,2012-06-21 08:58:46.440,0.0000,446690,0,0.0000,0.0000,0,0,空换,S,0.0000,0.0000,0.0000,0.0000,0.0000,0.0000,0.0000,0.0000,0.0000,0.0000,0,0,0,0,0,0,0,0,0,0
zc,TA209,2012-06-21 08:59:00.127,7150.0000,446910,220,0.0000,6200.0000,3210,2990,多开,B,7148.0000,0.0000,0.0000,0.0000,0.0000,7150.0000,0.0000,0.0000,0.0000,0.0000,5,0,0,0,0,1212,0,0,0,0
zc,TA209,2012-06-21 09:00:00.317,7148.0000,446990,80,0.0000,106.0000,93,13,空开,S,7146.0000,0.0000,0.0000,0.0000,0.0000,7148.0000,0.0000,0.0000,0.0000,0.0000,153,0,0,0,0,240,0,0,0,0
zc,TA209,2012-06-21 09:00:01.050,7140.0000,446828,-162,0.0000,1024.0000,431,593,多平,S,7140.0000,0.0000,0.0000,0.0000,0.0000,7146.0000,0.0000,0.0000,0.0000,0.0000,2055,0,0,0,0,23,0,0,0,0
zc,TA209,2012-06-21 09:00:02.127,7140.0000,445048,-1780,0.0000,7802.0000,3011,4791,多平,S,7140.0000,0.0000,0.0000,0.0000,0.0000,7142.0000,0.0000,0.0000,0.0000,0.0000,1119,0,0,0,0,1,0,0,0,0
zc,TA209,2012-06-21 09:00:04.097,7132.0000,444040,-1008,0.0000,3858.0000,1425,2433,多平,S,7132.0000,0.0000,0.0000,0.0000,0.0000,7134.0000,0.0000,0.0000,0.0000,0.0000,29,0,0,0,0,2,0,0,0,0
zc,TA209,2012-06-21 09:00:05.317,7138.0000,444606,566,0.0000,2342.0000,1454,888,多开,B,7126.0000,0.0000,0.0000,0.0000,0.0000,7128.0000,0.0000,0.0000,0.0000,0.0000,39,0,0,0,0,2,0,0,0,0
zc,TA209,2012-06-21 09:00:05.957,7128.0000,444542,-64,0.0000,460.0000,198,262,多平,S,7126.0000,0.0000,0.0000,0.0000,0.0000,7128.0000,0.0000,0.0000,0.0000,0.0000,26,0,0,0,0,1,0,0,0,0
zc,TA209,2012-06-21 09:00:06.127,7126.0000,444352,-190,0.0000,1094.0000,452,642,多平,S,7122.0000,0.0000,0.0000,0.0000,0.0000,7126.0000,0.0000,0.0000,0.0000,0.0000,16,0,0,0,0,18,0,0,0,0
zc,TA209,2012-06-21 09:00:06.863,7126.0000,444138,-214,0.0000,710.0000,248,462,多平,S,7126.0000,0.0000,0.0000,0.0000,0.0000,7136.0000,0.0000,0.0000,0.0000,0.0000,18,0,0,0,0,14,0,0,0,0
zc,TA209,2012-06-21 09:00:07.597,7126.0000,444086,-52,0.0000,360.0000,154,206,多平,S,7120.0000,0.0000,0.0000,0.0000,0.0000,7126.0000,0.0000,0.0000,0.0000,0.0000,134,0,0,0,0,160,0,0,0,0
zc,TA209,2012-06-21 09:00:08.067,7126.0000,444350,264,0.0000,786.0000,525,261,空开,S,7120.0000,0.0000,0.0000,0.0000,0.0000,7126.0000,0.0000,0.0000,0.0000,0.0000,175,0,0,0,0,32,0,0,0,0
zc,TA209,2012-06-21 09:00:08.817,7120.0000,444282,-68,0.0000,298.0000,115,183,多平,S,7120.0000,0.0000,0.0000,0.0000,0.0000,7122.0000,0.0000,0.0000,0.0000,0.0000,165,0,0,0,0,33,0,0,0,0
zc,TA209,2012-06-21 09:00:09.283,7122.0000,444066,-216,0.0000,330.0000,57,273,空平,B,7122.0000,0.0000,0.0000,0.0000,0.0000,7126.0000,0.0000,0.0000,0.0000,0.0000,24,0,0,0,0,137,0,0,0,0
zc,TA209,2012-06-21 09:00:09.830,7124.0000,444014,-52,0.0000,538.0000,243,295,空平,B,7120.0000,0.0000,0.0000,0.0000,0.0000,7124.0000,0.0000,0.0000,0.0000,0.0000,1,0,0,0,0,3,0,0,0,0
zc,TA209,2012-06-21 09:00:10.550,7112.0000,444034,20,0.0000,282.0000,151,131,空开,S,7112.0000,0.0000,0.0000,0.0000,0.0000,7120.0000,0.0000,0.0000,0.0000,0.0000,78,0,0,0,0,41,0,0,0,0
zc,TA209,2012-06-21 09:00:11.097,7120.0000,443998,-36,0.0000,180.0000,72,108,空平,B,7118.0000,0.0000,0.0000,0.0000,0.0000,7120.0000,0.0000,0.0000,0.0000,0.0000,62,0,0,0,0,148,0,0,0,0
zc,TA209,2012-06-21 09:00:11.580,7112.0000,444092,94,0.0000,534.0000,314,220,空开,S,7110.0000,0.0000,0.0000,0.0000,0.0000,7112.0000,0.0000,0.0000,0.0000,0.0000,38,0,0,0,0,122,0,0,0,0
zc,TA209,2012-06-21 09:00:12.347,7110.0000,444022,-70,0.0000,234.0000,82,152,多平,S,7108.0000,0.0000,0.0000,0.0000,0.0000,7110.0000,0.0000,0.0000,0.0000,0.0000,35,0,0,0,0,52,0,0,0,0
zc,TA209,2012-06-21 09:00:13.033,7108.0000,443686,-336,0.0000,594.0000,129,465,多平,S,7106.0000,0.0000,0.0000,0.0000,0.0000,7108.0000,0.0000,0.0000,0.0000,0.0000,15,0,0,0,0,16,0,0,0,0
zc,TA209,2012-06-21 09:00:13.567,7108.0000,443738,52,0.0000,578.0000,315,263,空开,S,7102.0000,0.0000,0.0000,0.0000,0.0000,7108.0000,0.0000,0.0000,0.0000,0.0000,171,0,0,0,0,424,0,0,0,0
zc,TA209,2012-06-21 09:00:14.050,7102.0000,443572,-166,0.0000,242.0000,38,204,多平,S,7102.0000,0.0000,0.0000,0.0000,0.0000,7104.0000,0.0000,0.0000,0.0000,0.0000,63,0,0,0,0,101,0,0,0,0
zc,TA209,2012-06-21 09:00:14.800,7102.0000,443738,166,0.0000,466.0000,316,150,空开,S,7100.0000,0.0000,0.0000,0.0000,0.0000,7102.0000,0.0000,0.0000,0.0000,0.0000,1729,0,0,0,0,28,0,0,0,0
zc,TA209,2012-06-21 09:00:15.283,7106.0000,443518,-220,0.0000,284.0000,32,252,空平,B,7100.0000,0.0000,0.0000,0.0000,0.0000,7102.0000,0.0000,0.0000,0.0000,0.0000,1761,0,0,0,0,53,0,0,0,0
zc,TA209,2012-06-21 09:00:15.847,7104.0000,443678,160,0.0000,1126.0000,643,483,空开,S,7104.0000,0.0000,0.0000,0.0000,0.0000,7106.0000,0.0000,0.0000,0.0000,0.0000,668,0,0,0,0,80,0,0,0,0
zc,TA209,2012-06-21 09:00:16.550,7104.0000,445274,1596,0.0000,2336.0000,1966,370,空开,S,7102.0000,0.0000,0.0000,0.0000,0.0000,7104.0000,0.0000,0.0000,0.0000,0.0000,161,0,0,0,0,388,0,0,0,0
zc,TA209,2012-06-21 09:00:16.817,7100.0000,445834,560,0.0000,1492.0000,1026,466,空开,S,7100.0000,0.0000,0.0000,0.0000,0.0000,7104.0000,0.0000,0.0000,0.0000,0.0000,1257,0,0,0,0,232,0,0,0,0
zc,TA209,2012-06-21 09:00:17.847,7102.0000,445928,94,0.0000,546.0000,320,226,多开,B,7102.0000,0.0000,0.0000,0.0000,0.0000,7104.0000,0.0000,0.0000,0.0000,0.0000,4,0,0,0,0,164,0,0,0,0
zc,TA209,2012-06-21 09:00:18.283,7104.0000,445840,-88,0.0000,370.0000,141,229,空平,B,7102.0000,0.0000,0.0000,0.0000,0.0000,7104.0000,0.0000,0.0000,0.0000,0.0000,12,0,0,0,0,71,0,0,0,0
zc,TA209,2012-06-21 09:00:18.817,7100.0000,445734,-106,0.0000,398.0000,146,252,多平,S,7100.0000,0.0000,0.0000,0.0000,0.0000,7102.0000,0.0000,0.0000,0.0000,0.0000,1032,0,0,0,0,314,0,0,0,0
zc,TA209,2012-06-21 09:00:19.550,7100.0000,445386,-348,0.0000,2386.0000,1019,1367,多平,S,7100.0000,0.0000,0.0000,0.0000,0.0000,7102.0000,0.0000,0.0000,0.0000,0.0000,647,0,0,0,0,183,0,0,0,0
zc,TA209,2012-06-21 09:00:20.330,7100.0000,445230,-156,0.0000,1064.0000,454,610,多平,S,7100.0000,0.0000,0.0000,0.0000,0.0000,7104.0000,0.0000,0.0000,0.0000,0.0000,377,0,0,0,0,154,0,0,0,0
zc,TA209,2012-06-21 09:00:20.847,7108.0000,445468,238,0.0000,1876.0000,1057,819,多开,B,7102.0000,0.0000,0.0000,0.0000,0.0000,7108.0000,0.0000,0.0000,0.0000,0.0000,18,0,0,0,0,571,0,0,0,0
zc,TA209,2012-06-21 09:00:21.783,7100.0000,445398,-70,0.0000,394.0000,162,232,多平,S,7100.0000,0.0000,0.0000,0.0000,0.0000,7102.0000,0.0000,0.0000,0.0000,0.0000,35,0,0,0,0,47,0,0,0,0
zc,TA209,2012-06-21 09:00:22.283,7100.0000,445392,-6,0.0000,1146.0000,570,576,多平,S,7100.0000,0.0000,0.0000,0.0000,0.0000,7102.0000,0.0000,0.0000,0.0000,0.0000,949,0,0,0,0,56,0,0,0,0
zc,TA209,2012-06-21 09:00:22.847,7102.0000,445340,-52,0.0000,618.0000,283,335,空平,B,7102.0000,0.0000,0.0000,0.0000,0.0000,7106.0000,0.0000,0.0000,0.0000,0.0000,2,0,0,0,0,149,0,0,0,0
zc,TA209,2012-06-21 09:00:23.567,7104.0000,445786,446,0.0000,674.0000,560,114,多开,B,7102.0000,0.0000,0.0000,0.0000,0.0000,7104.0000,0.0000,0.0000,0.0000,0.0000,134,0,0,0,0,614,0,0,0,0
zc,TA209,2012-06-21 09:00:24.050,7104.0000,445806,20,0.0000,816.0000,418,398,多开,B,7102.0000,0.0000,0.0000,0.0000,0.0000,7104.0000,0.0000,0.0000,0.0000,0.0000,1,0,0,0,0,500,0,0,0,0
zc,TA209,2012-06-21 09:00:24.817,7104.0000,445474,-332,0.0000,698.0000,183,515,空平,B,7100.0000,0.0000,0.0000,0.0000,0.0000,7104.0000,0.0000,0.0000,0.0000,0.0000,1616,0,0,0,0,504,0,0,0,0
zc,TA209,2012-06-21 09:00:25.270,7102.0000,445404,-70,0.0000,158.0000,44,114,多平,S,7102.0000,0.0000,0.0000,0.0000,0.0000,7104.0000,0.0000,0.0000,0.0000,0.0000,192,0,0,0,0,449,0,0,0,0
zc,TA209,2012-06-21 09:00:26.067,7104.0000,445162,-242,0.0000,594.0000,176,418,空平,B,7102.0000,0.0000,0.0000,0.0000,0.0000,7104.0000,0.0000,0.0000,0.0000,0.0000,157,0,0,0,0,355,0,0,0,0
zc,TA209,2012-06-21 09:00:26.567,7104.0000,445328,166,0.0000,346.0000,256,90,多开,B,7102.0000,0.0000,0.0000,0.0000,0.0000,7104.0000,0.0000,0.0000,0.0000,0.0000,33,0,0,0,0,320,0,0,0,0
zc,TA209,2012-06-21 09:00:27.300,7104.0000,445210,-118,0.0000,348.0000,115,233,空平,B,7102.0000,0.0000,0.0000,0.0000,0.0000,7104.0000,0.0000,0.0000,0.0000,0.0000,42,0,0,0,0,268,0,0,0,0
zc,TA209,2012-06-21 09:00:27.817,7102.0000,445022,-188,0.0000,444.0000,128,316,多平,S,7100.0000,0.0000,0.0000,0.0000,0.0000,7102.0000,0.0000,0.0000,0.0000,0.0000,1687,0,0,0,0,54,0,0,0,0
zc,TA209,2012-06-21 09:00:28.753,7102.0000,445216,194,0.0000,374.0000,284,90,空开,S,7100.0000,0.0000,0.0000,0.0000,0.0000,7102.0000,0.0000,0.0000,0.0000,0.0000,1655,0,0,0,0,291,0,0,0,0
zc,TA209,2012-06-21 09:00:29.283,7100.0000,445530,314,0.0000,666.0000,490,176,空开,S,7100.0000,0.0000,0.0000,0.0000,0.0000,7102.0000,0.0000,0.0000,0.0000,0.0000,1569,0,0,0,0,121,0,0,0,0
zc,TA209,2012-06-21 09:00:29.830,7102.0000,445542,12,0.0000,1332.0000,672,660,多开,B,7102.0000,0.0000,0.0000,0.0000,0.0000,7104.0000,0.0000,0.0000,0.0000,0.0000,93,0,0,0,0,139,0,0,0,0
zc,TA209,2012-06-21 09:00:30.567,7102.0000,445520,-22,0.0000,554.0000,266,288,空平,B,7102.0000,0.0000,0.0000,0.0000,0.0000,7104.0000,0.0000,0.0000,0.0000,0.0000,53,0,0,0,0,98,0,0,0,0
zc,TA209,2012-06-21 09:00:31.347,7100.0000,445642,122,0.0000,934.0000,528,406,空开,S,7104.0000,0.0000,0.0000,0.0000,0.0000,7106.0000,0.0000,0.0000,0.0000,0.0000,2,0,0,0,0,69,0,0,0,0
zc,TA209,2012-06-21 09:00:31.830,7102.0000,446146,504,0.0000,1014.0000,759,255,多开,B,7104.0000,0.0000,0.0000,0.0000,0.0000,7106.0000,0.0000,0.0000,0.0000,0.0000,62,0,0,0,0,68,0,0,0,0
zc,TA209,2012-06-21 09:00:32.567,7104.0000,446038,-108,0.0000,236.0000,64,172,空平,B,7104.0000,0.0000,0.0000,0.0000,0.0000,7108.0000,0.0000,0.0000,0.0000,0.0000,168,0,0,0,0,198,0,0,0,0
zc,TA209,2012-06-21 09:00:33.003,7104.0000,445924,-114,0.0000,670.0000,278,392,空平,B,7102.0000,0.0000,0.0000,0.0000,0.0000,7104.0000,0.0000,0.0000,0.0000,0.0000,589,0,0,0,0,300,0,0,0,0
zc,TA209,2012-06-21 09:00:33.783,7104.0000,446080,156,0.0000,678.0000,417,261,多开,B,7102.0000,0.0000,0.0000,0.0000,0.0000,7104.0000,0.0000,0.0000,0.0000,0.0000,570,0,0,0,0,25,0,0,0,0
zc,TA209,2012-06-21 09:00:34.317,7106.0000,445924,-156,0.0000,264.0000,54,210,空平,B,7104.0000,0.0000,0.0000,0.0000,0.0000,7106.0000,0.0000,0.0000,0.0000,0.0000,26,0,0,0,0,29,0,0,0,0
zc,TA209,2012-06-21 09:00:35.067,7106.0000,446234,310,0.0000,532.0000,421,111,多开,B,7106.0000,0.0000,0.0000,0.0000,0.0000,7108.0000,0.0000,0.0000,0.0000,0.0000,7,0,0,0,0,56,0,0,0,0
zc,TA209,2012-06-21 09:00:36.067,7106.0000,446366,132,0.0000,150.0000,141,9,多开,B,7104.0000,0.0000,0.0000,0.0000,0.0000,7106.0000,0.0000,0.0000,0.0000,0.0000,308,0,0,0,0,2,0,0,0,0
zc,TA209,2012-06-21 09:00:36.520,7106.0000,446402,36,0.0000,110.0000,73,37,多开,B,7106.0000,0.0000,0.0000,0.0000,0.0000,7108.0000,0.0000,0.0000,0.0000,0.0000,65,0,0,0,0,34,0,0,0,0
zc,TA209,2012-06-21 09:00:37.237,7108.0000,446372,-30,0.0000,92.0000,31,61,空平,B,7106.0000,0.0000,0.0000,0.0000,0.0000,7108.0000,0.0000,0.0000,0.0000,0.0000,482,0,0,0,0,21,0,0,0,0
zc,TA209,2012-06-21 09:00:37.800,7106.0000,446528,156,0.0000,1012.0000,584,428,空开,S,7106.0000,0.0000,0.0000,0.0000,0.0000,7110.0000,0.0000,0.0000,0.0000,0.0000,73,0,0,0,0,12,0,0,0,0
zc,TA209,2012-06-21 09:00:38.533,7108.0000,446602,74,0.0000,106.0000,90,16,多开,B,7108.0000,0.0000,0.0000,0.0000,0.0000,7110.0000,0.0000,0.0000,0.0000,0.0000,239,0,0,0,0,5,0,0,0,0
zc,TA209,2012-06-21 09:00:39.283,7110.0000,447410,808,0.0000,1156.0000,982,174,多开,B,7110.0000,0.0000,0.0000,0.0000,0.0000,7112.0000,0.0000,0.0000,0.0000,0.0000,3,0,0,0,0,16,0,0,0,0
zc,TA209,2012-06-21 09:00:39.800,7108.0000,447414,4,0.0000,74.0000,39,35,空开,S,7106.0000,0.0000,0.0000,0.0000,0.0000,7108.0000,0.0000,0.0000,0.0000,0.0000,46,0,0,0,0,11,0,0,0,0
zc,TA209,2012-06-21 09:00:40.567,7112.0000,447456,42,0.0000,298.0000,170,128,多开,B,7110.0000,0.0000,0.0000,0.0000,0.0000,7112.0000,0.0000,0.0000,0.0000,0.0000,2,0,0,0,0,87,0,0,0,0
zc,TA209,2012-06-21 09:00:40.770,7112.0000,447276,-180,0.0000,230.0000,25,205,空平,B,7112.0000,0.0000,0.0000,0.0000,0.0000,7114.0000,0.0000,0.0000,0.0000,0.0000,80,0,0,0,0,38,0,0,0,0
zc,TA209,2012-06-21 09:00:41.550,7112.0000,447284,8,0.0000,264.0000,136,128,多开,B,7112.0000,0.0000,0.0000,0.0000,0.0000,7114.0000,0.0000,0.0000,0.0000,0.0000,157,0,0,0,0,28,0,0,0,0
zc,TA209,2012-06-21 09:00:42.020,7114.0000,447206,-78,0.0000,254.0000,88,166,空平,B,7114.0000,0.0000,0.0000,0.0000,0.0000,7116.0000,0.0000,0.0000,0.0000,0.0000,42,0,0,0,0,9,0,0,0,0
zc,TA209,2012-06-21 09:00:42.800,7114.0000,447176,-30,0.0000,114.0000,42,72,空平,B,7114.0000,0.0000,0.0000,0.0000,0.0000,7118.0000,0.0000,0.0000,0.0000,0.0000,30,0,0,0,0,383,0,0,0,0
zc,TA209,2012-06-21 09:00:43.330,7116.0000,447166,-10,0.0000,76.0000,33,43,空平,B,7116.0000,0.0000,0.0000,0.0000,0.0000,7118.0000,0.0000,0.0000,0.0000,0.0000,13,0,0,0,0,404,0,0,0,0
zc,TA209,2012-06-21 09:00:44.050,7116.0000,447234,68,0.0000,302.0000,185,117,多开,B,7112.0000,0.0000,0.0000,0.0000,0.0000,7116.0000,0.0000,0.0000,0.0000,0.0000,201,0,0,0,0,184,0,0,0,0
zc,TA209,2012-06-21 09:00:44.533,7114.0000,447234,0,0.0000,42.0000,21,21,空换,S,7112.0000,0.0000,0.0000,0.0000,0.0000,7114.0000,0.0000,0.0000,0.0000,0.0000,195,0,0,0,0,114,0,0,0,0
zc,TA209,2012-06-21 09:00:45.253,7112.0000,446826,-408,0.0000,808.0000,200,608,多平,S,7110.0000,0.0000,0.0000,0.0000,0.0000,7112.0000,0.0000,0.0000,0.0000,0.0000,40,0,0,0,0,44,0,0,0,0
zc,TA209,2012-06-21 09:00:45.783,7112.0000,446720,-106,0.0000,308.0000,101,207,多平,S,7108.0000,0.0000,0.0000,0.0000,0.0000,7112.0000,0.0000,0.0000,0.0000,0.0000,130,0,0,0,0,48,0,0,0,0
zc,TA209,2012-06-21 09:00:46.567,7110.0000,446656,-64,0.0000,110.0000,23,87,多平,S,7108.0000,0.0000,0.0000,0.0000,0.0000,7110.0000,0.0000,0.0000,0.0000,0.0000,136,0,0,0,0,82,0,0,0,0
zc,TA209,2012-06-21 09:00:47.067,7108.0000,446722,66,0.0000,272.0000,169,103,空开,S,7108.0000,0.0000,0.0000,0.0000,0.0000,7112.0000,0.0000,0.0000,0.0000,0.0000,107,0,0,0,0,234,0,0,0,0
zc,TA209,2012-06-21 09:00:48.050,7108.0000,446890,168,0.0000,508.0000,338,170,空开,S,7108.0000,0.0000,0.0000,0.0000,0.0000,7110.0000,0.0000,0.0000,0.0000,0.0000,95,0,0,0,0,102,0,0,0,0
zc,TA209,2012-06-21 09:00:48.270,7108.0000,446912,22,0.0000,46.0000,34,12,空开,S,7108.0000,0.0000,0.0000,0.0000,0.0000,7110.0000,0.0000,0.0000,0.0000,0.0000,84,0,0,0,0,178,0,0,0,0
zc,TA209,2012-06-21 09:00:49.270,7108.0000,446932,20,0.0000,560.0000,290,270,空开,S,7106.0000,0.0000,0.0000,0.0000,0.0000,7108.0000,0.0000,0.0000,0.0000,0.0000,107,0,0,0,0,81,0,0,0,0
zc,TA209,2012-06-21 09:00:49.800,7110.0000,446246,-686,0.0000,1232.0000,273,959,空平,B,7110.0000,0.0000,0.0000,0.0000,0.0000,7112.0000,0.0000,0.0000,0.0000,0.0000,340,0,0,0,0,244,0,0,0,0
zc,TA209,2012-06-21 09:00:50.253,7110.0000,445876,-370,0.0000,392.0000,11,381,空平,B,7110.0000,0.0000,0.0000,0.0000,0.0000,7112.0000,0.0000,0.0000,0.0000,0.0000,151,0,0,0,0,137,0,0,0,0
zc,TA209,2012-06-21 09:00:51.020,7108.0000,445600,-276,0.0000,340.0000,32,308,多平,S,7108.0000,0.0000,0.0000,0.0000,0.0000,7110.0000,0.0000,0.0000,0.0000,0.0000,19,0,0,0,0,41,0,0,0,0
zc,TA209,2012-06-21 09:00:51.533,7108.0000,445598,-2,0.0000,70.0000,34,36,多平,S,7106.0000,0.0000,0.0000,0.0000,0.0000,7108.0000,0.0000,0.0000,0.0000,0.0000,56,0,0,0,0,13,0,0,0,0
zc,TA209,2012-06-21 09:00:52.300,7108.0000,445550,-48,0.0000,168.0000,60,108,多平,S,7106.0000,0.0000,0.0000,0.0000,0.0000,7108.0000,0.0000,0.0000,0.0000,0.0000,114,0,0,0,0,37,0,0,0,0
zc,TA209,2012-06-21 09:00:52.770,7110.0000,445454,-96,0.0000,118.0000,11,107,空平,B,7108.0000,0.0000,0.0000,0.0000,0.0000,7110.0000,0.0000,0.0000,0.0000,0.0000,122,0,0,0,0,318,0,0,0,0
zc,TA209,2012-06-21 09:00:53.550,7110.0000,445446,-8,0.0000,74.0000,33,41,空平,B,7108.0000,0.0000,0.0000,0.0000,0.0000,7110.0000,0.0000,0.0000,0.0000,0.0000,182,0,0,0,0,292,0,0,0,0
zc,TA209,2012-06-21 09:00:54.050,7108.0000,445480,34,0.0000,138.0000,86,52,空开,S,7108.0000,0.0000,0.0000,0.0000,0.0000,7110.0000,0.0000,0.0000,0.0000,0.0000,184,0,0,0,0,225,0,0,0,0
zc,TA209,2012-06-21 09:00:55.033,7110.0000,445556,76,0.0000,306.0000,191,115,多开,B,7108.0000,0.0000,0.0000,0.0000,0.0000,7110.0000,0.0000,0.0000,0.0000,0.0000,165,0,0,0,0,166,0,0,0,0
zc,TA209,2012-06-21 09:00:55.580,7110.0000,445612,56,0.0000,946.0000,501,445,多开,B,7110.0000,0.0000,0.0000,0.0000,0.0000,7112.0000,0.0000,0.0000,0.0000,0.0000,298,0,0,0,0,167,0,0,0,0
zc,TA209,2012-06-21 09:00:56.300,7112.0000,445598,-14,0.0000,624.0000,305,319,空平,B,7110.0000,0.0000,0.0000,0.0000,0.0000,7112.0000,0.0000,0.0000,0.0000,0.0000,290,0,0,0,0,48,0,0,0,0
zc,TA209,2012-06-21 09:00:56.770,7112.0000,445622,24,0.0000,336.0000,180,156,多开,B,7112.0000,0.0000,0.0000,0.0000,0.0000,7114.0000,0.0000,0.0000,0.0000,0.0000,150,0,0,0,0,74,0,0,0,0
zc,TA209,2012-06-21 09:00:57.550,7112.0000,446032,410,0.0000,460.0000,435,25,多开,B,7112.0000,0.0000,0.0000,0.0000,0.0000,7114.0000,0.0000,0.0000,0.0000,0.0000,69,0,0,0,0,95,0,0,0,0
zc,TA209,2012-06-21 09:00:58.020,7112.0000,446232,200,0.0000,216.0000,208,8,多开,B,7110.0000,0.0000,0.0000,0.0000,0.0000,7114.0000,0.0000,0.0000,0.0000,0.0000,221,0,0,0,0,134,0,0,0,0
zc,TA209,2012-06-21 09:00:58.783,7110.0000,446360,128,0.0000,134.0000,131,3,空开,S,7110.0000,0.0000,0.0000,0.0000,0.0000,7112.0000,0.0000,0.0000,0.0000,0.0000,179,0,0,0,0,6,0,0,0,0
zc,TA209,2012-06-21 09:00:59.033,7114.0000,446162,-198,0.0000,556.0000,179,377,空平,B,7114.0000,0.0000,0.0000,0.0000,0.0000,7116.0000,0.0000,0.0000,0.0000,0.0000,286,0,0,0,0,161,0,0,0,0
zc,TA209,2012-06-21 09:01:00.050,7114.0000,446128,-34,0.0000,36.0000,1,35,空平,B,7114.0000,0.0000,0.0000,0.0000,0.0000,7116.0000,0.0000,0.0000,0.0000,0.0000,318,0,0,0,0,161,0,0,0,0
zc,TA209,2012-06-21 09:01:00.253,7114.0000,446124,-4,0.0000,48.0000,22,26,空平,B,7114.0000,0.0000,0.0000,0.0000,0.0000,7116.0000,0.0000,0.0000,0.0000,0.0000,327,0,0,0,0,173,0,0,0,0
zc,TA209,2012-06-21 09:01:01.253,7116.0000,446184,60,0.0000,254.0000,157,97,多开,B,7114.0000,0.0000,0.0000,0.0000,0.0000,7116.0000,0.0000,0.0000,0.0000,0.0000,308,0,0,0,0,114,0,0,0,0
zc,TA209,2012-06-21 09:01:01.783,7116.0000,446122,-62,0.0000,458.0000,198,260,空平,B,7116.0000,0.0000,0.0000,0.0000,0.0000,7118.0000,0.0000,0.0000,0.0000,0.0000,20,0,0,0,0,361,0,0,0,0
zc,TA209,2012-06-21 09:01:02.533,7116.0000,446076,-46,0.0000,408.0000,181,227,空平,B,7116.0000,0.0000,0.0000,0.0000,0.0000,7118.0000,0.0000,0.0000,0.0000,0.0000,65,0,0,0,0,363,0,0,0,0
zc,TA209,2012-06-21 09:01:03.050,7112.0000,446250,174,0.0000,408.0000,291,117,空开,S,7112.0000,0.0000,0.0000,0.0000,0.0000,7114.0000,0.0000,0.0000,0.0000,0.0000,73,0,0,0,0,205,0,0,0,0
zc,TA209,2012-06-21 09:01:03.800,7114.0000,446354,104,0.0000,172.0000,138,34,多开,B,7112.0000,0.0000,0.0000,0.0000,0.0000,7114.0000,0.0000,0.0000,0.0000,0.0000,27,0,0,0,0,189,0,0,0,0
zc,TA209,2012-06-21 09:01:04.300,7110.0000,446828,474,0.0000,772.0000,623,149,空开,S,7108.0000,0.0000,0.0000,0.0000,0.0000,7110.0000,0.0000,0.0000,0.0000,0.0000,44,0,0,0,0,170,0,0,0,0
zc,TA209,2012-06-21 09:01:05.020,7110.0000,447562,734,0.0000,924.0000,829,95,空开,S,7110.0000,0.0000,0.0000,0.0000,0.0000,7114.0000,0.0000,0.0000,0.0000,0.0000,108,0,0,0,0,54,0,0,0,0
zc,TA209,2012-06-21 09:01:05.940,7110.0000,447768,206,0.0000,244.0000,225,19,空开,S,7110.0000,0.0000,0.0000,0.0000,0.0000,7112.0000,0.0000,0.0000,0.0000,0.0000,18,0,0,0,0,1,0,0,0,0
zc,TA209,2012-06-21 09:01:06.067,7112.0000,447896,128,0.0000,136.0000,132,4,多开,B,7110.0000,0.0000,0.0000,0.0000,0.0000,7112.0000,0.0000,0.0000,0.0000,0.0000,23,0,0,0,0,3,0,0,0,0
zc,TA209,2012-06-21 09:01:06.580,7108.0000,447908,12,0.0000,234.0000,123,111,空开,S,7108.0000,0.0000,0.0000,0.0000,0.0000,7110.0000,0.0000,0.0000,0.0000,0.0000,34,0,0,0,0,498,0,0,0,0
zc,TA209,2012-06-21 09:01:07.050,7110.0000,448378,470,0.0000,544.0000,507,37,多开,B,7108.0000,0.0000,0.0000,0.0000,0.0000,7110.0000,0.0000,0.0000,0.0000,0.0000,63,0,0,0,0,657,0,0,0,0
zc,TA209,2012-06-21 09:01:08.050,7110.0000,448464,86,0.0000,314.0000,200,114,多开,B,7108.0000,0.0000,0.0000,0.0000,0.0000,7110.0000,0.0000,0.0000,0.0000,0.0000,191,0,0,0,0,670,0,0,0,0
zc,TA209,2012-06-21 09:01:08.283,7110.0000,448372,-92,0.0000,342.0000,125,217,空平,B,7108.0000,0.0000,0.0000,0.0000,0.0000,7110.0000,0.0000,0.0000,0.0000,0.0000,70,0,0,0,0,759,0,0,0,0
zc,TA209,2012-06-21 09:01:09.050,7106.0000,448452,80,0.0000,392.0000,236,156,空开,S,7106.0000,0.0000,0.0000,0.0000,0.0000,7108.0000,0.0000,0.0000,0.0000,0.0000,288,0,0,0,0,1,0,0,0,0
zc,TA209,2012-06-21 09:01:09.567,7106.0000,448538,86,0.0000,128.0000,107,21,空开,S,7106.0000,0.0000,0.0000,0.0000,0.0000,7108.0000,0.0000,0.0000,0.0000,0.0000,286,0,0,0,0,34,0,0,0,0
zc,TA209,2012-06-21 09:01:10.300,7106.0000,448512,-26,0.0000,222.0000,98,124,多平,S,7106.0000,0.0000,0.0000,0.0000,0.0000,7108.0000,0.0000,0.0000,0.0000,0.0000,288,0,0,0,0,25,0,0,0,0
zc,TA209,2012-06-21 09:01:10.753,7108.0000,448778,266,0.0000,400.0000,333,67,多开,B,7106.0000,0.0000,0.0000,0.0000,0.0000,7108.0000,0.0000,0.0000,0.0000,0.0000,172,0,0,0,0,11,0,0,0,0
zc,TA209,2012-06-21 09:01:11.520,7106.0000,448912,134,0.0000,326.0000,230,96,空开,S,7108.0000,0.0000,0.0000,0.0000,0.0000,7110.0000,0.0000,0.0000,0.0000,0.0000,202,0,0,0,0,620,0,0,0,0
zc,TA209,2012-06-21 09:01:11.987,7108.0000,448988,76,0.0000,150.0000,113,37,多开,B,7108.0000,0.0000,0.0000,0.0000,0.0000,7110.0000,0.0000,0.0000,0.0000,0.0000,196,0,0,0,0,607,0,0,0,0
zc,TA209,2012-06-21 09:01:12.533,7108.0000,449076,88,0.0000,108.0000,98,10,多开,B,7108.0000,0.0000,0.0000,0.0000,0.0000,7110.0000,0.0000,0.0000,0.0000,0.0000,365,0,0,0,0,201,0,0,0,0
zc,TA209,2012-06-21 09:01:13.283,7110.0000,449562,486,0.0000,1038.0000,762,276,多开,B,7110.0000,0.0000,0.0000,0.0000,0.0000,7112.0000,0.0000,0.0000,0.0000,0.0000,168,0,0,0,0,66,0,0,0,0
zc,TA209,2012-06-21 09:01:13.783,7108.0000,449170,-392,0.0000,734.0000,171,563,多平,S,7110.0000,0.0000,0.0000,0.0000,0.0000,7112.0000,0.0000,0.0000,0.0000,0.0000,1,0,0,0,0,25,0,0,0,0
zc,TA209,2012-06-21 09:01:14.550,7110.0000,449188,18,0.0000,130.0000,74,56,多开,B,7110.0000,0.0000,0.0000,0.0000,0.0000,7112.0000,0.0000,0.0000,0.0000,0.0000,68,0,0,0,0,38,0,0,0,0
zc,TA209,2012-06-21 09:01:15.033,7110.0000,449294,106,0.0000,120.0000,113,7,多开,B,7110.0000,0.0000,0.0000,0.0000,0.0000,7112.0000,0.0000,0.0000,0.0000,0.0000,95,0,0,0,0,38,0,0,0,0
zc,TA209,2012-06-21 09:01:16.050,7112.0000,449162,-132,0.0000,314.0000,91,223,空平,B,7112.0000,0.0000,0.0000,0.0000,0.0000,7114.0000,0.0000,0.0000,0.0000,0.0000,11,0,0,0,0,60,0,0,0,0
zc,TA209,2012-06-21 09:01:16.533,7110.0000,449196,34,0.0000,102.0000,68,34,空开,S,7110.0000,0.0000,0.0000,0.0000,0.0000,7114.0000,0.0000,0.0000,0.0000,0.0000,34,0,0,0,0,146,0,0,0,0
zc,TA209,2012-06-21 09:01:17.253,7110.0000,449160,-36,0.0000,88.0000,26,62,多平,S,7110.0000,0.0000,0.0000,0.0000,0.0000,7112.0000,0.0000,0.0000,0.0000,0.0000,22,0,0,0,0,50,0,0,0,0
zc,TA209,2012-06-21 09:01:17.783,7110.0000,449180,20,0.0000,60.0000,40,20,空开,S,7108.0000,0.0000,0.0000,0.0000,0.0000,7110.0000,0.0000,0.0000,0.0000,0.0000,332,0,0,0,0,95,0,0,0,0
zc,TA209,2012-06-21 09:01:18.503,7114.0000,448888,-292,0.0000,700.0000,204,496,空平,B,7114.0000,0.0000,0.0000,0.0000,0.0000,7116.0000,0.0000,0.0000,0.0000,0.0000,192,0,0,0,0,106,0,0,0,0
zc,TA209,2012-06-21 09:01:19.020,7114.0000,448876,-12,0.0000,228.0000,108,120,空平,B,7114.0000,0.0000,0.0000,0.0000,0.0000,7116.0000,0.0000,0.0000,0.0000,0.0000,84,0,0,0,0,101,0,0,0,0
zc,TA209,2012-06-21 09:01:19.800,7112.0000,448930,54,0.0000,240.0000,147,93,空开,S,7112.0000,0.0000,0.0000,0.0000,0.0000,7114.0000,0.0000,0.0000,0.0000,0.0000,230,0,0,0,0,9,0,0,0,0
zc,TA209,2012-06-21 09:01:20.283,7114.0000,448966,36,0.0000,74.0000,55,19,多开,B,7112.0000,0.0000,0.0000,0.0000,0.0000,7114.0000,0.0000,0.0000,0.0000,0.0000,195,0,0,0,0,18,0,0,0,0
zc,TA209,2012-06-21 09:01:20.783,7112.0000,449232,266,0.0000,346.0000,306,40,空开,S,7112.0000,0.0000,0.0000,0.0000,0.0000,7114.0000,0.0000,0.0000,0.0000,0.0000,24,0,0,0,0,47,0,0,0,0
zc,TA209,2012-06-21 09:01:21.270,7112.0000,449230,-2,0.0000,32.0000,15,17,多平,S,7112.0000,0.0000,0.0000,0.0000,0.0000,7114.0000,0.0000,0.0000,0.0000,0.0000,8,0,0,0,0,72,0,0,0,0
zc,TA209,2012-06-21 09:01:22.020,7114.0000,449244,14,0.0000,256.0000,135,121,多开,B,7112.0000,0.0000,0.0000,0.0000,0.0000,7114.0000,0.0000,0.0000,0.0000,0.0000,1,0,0,0,0,13,0,0,0,0
zc,TA209,2012-06-21 09:01:22.550,7110.0000,449594,350,0.0000,398.0000,374,24,空开,S,7108.0000,0.0000,0.0000,0.0000,0.0000,7110.0000,0.0000,0.0000,0.0000,0.0000,165,0,0,0,0,2,0,0,0,0
zc,TA209,2012-06-21 09:01:23.283,7116.0000,449580,-14,0.0000,80.0000,33,47,空平,B,7114.0000,0.0000,0.0000,0.0000,0.0000,7116.0000,0.0000,0.0000,0.0000,0.0000,367,0,0,0,0,156,0,0,0,0
zc,TA209,2012-06-21 09:01:23.737,7114.0000,449776,196,0.0000,580.0000,388,192,空开,S,7114.0000,0.0000,0.0000,0.0000,0.0000,7116.0000,0.0000,0.0000,0.0000,0.0000,238,0,0,0,0,54,0,0,0,0
zc,TA209,2012-06-21 09:01:24.487,7114.0000,449730,-46,0.0000,174.0000,64,110,多平,S,7114.0000,0.0000,0.0000,0.0000,0.0000,7116.0000,0.0000,0.0000,0.0000,0.0000,176,0,0,0,0,131,0,0,0,0
zc,TA209,2012-06-21 09:01:25.050,7114.0000,449666,-64,0.0000,242.0000,89,153,多平,S,7114.0000,0.0000,0.0000,0.0000,0.0000,7116.0000,0.0000,0.0000,0.0000,0.0000,57,0,0,0,0,119,0,0,0,0
zc,TA209,2012-06-21 09:01:26.050,7114.0000,449580,-86,0.0000,130.0000,22,108,多平,S,7114.0000,0.0000,0.0000,0.0000,0.0000,7116.0000,0.0000,0.0000,0.0000,0.0000,16,0,0,0,0,106,0,0,0,0
zc,TA209,2012-06-21 09:01:26.503,7116.0000,449566,-14,0.0000,52.0000,19,33,空平,B,7114.0000,0.0000,0.0000,0.0000,0.0000,7116.0000,0.0000,0.0000,0.0000,0.0000,15,0,0,0,0,99,0,0,0,0
zc,TA209,2012-06-21 09:01:27.033,7112.0000,449614,48,0.0000,74.0000,61,13,空开,S,7112.0000,0.0000,0.0000,0.0000,0.0000,7114.0000,0.0000,0.0000,0.0000,0.0000,143,0,0,0,0,1,0,0,0,0
zc,TA209,2012-06-21 09:01:27.783,7116.0000,449746,132,0.0000,524.0000,328,196,多开,B,7110.0000,0.0000,0.0000,0.0000,0.0000,7116.0000,0.0000,0.0000,0.0000,0.0000,36,0,0,0,0,69,0,0,0,0
zc,TA209,2012-06-21 09:01:28.283,7114.0000,449696,-50,0.0000,678.0000,314,364,多平,S,7110.0000,0.0000,0.0000,0.0000,0.0000,7114.0000,0.0000,0.0000,0.0000,0.0000,56,0,0,0,0,161,0,0,0,0
zc,TA209,2012-06-21 09:01:29.067,7110.0000,449886,190,0.0000,198.0000,194,4,空开,S,7110.0000,0.0000,0.0000,0.0000,0.0000,7114.0000,0.0000,0.0000,0.0000,0.0000,49,0,0,0,0,90,0,0,0,0
zc,TA209,2012-06-21 09:01:29.520,7110.0000,450008,122,0.0000,270.0000,196,74,空开,S,7108.0000,0.0000,0.0000,0.0000,0.0000,7110.0000,0.0000,0.0000,0.0000,0.0000,216,0,0,0,0,88,0,0,0,0
zc,TA209,2012-06-21 09:01:30.253,7110.0000,450022,14,0.0000,98.0000,56,42,空开,S,7108.0000,0.0000,0.0000,0.0000,0.0000,7110.0000,0.0000,0.0000,0.0000,0.0000,193,0,0,0,0,84,0,0,0,0
zc,TA209,2012-06-21 09:01:30.783,7108.0000,450138,116,0.0000,124.0000,120,4,空开,S,7108.0000,0.0000,0.0000,0.0000,0.0000,7110.0000,0.0000,0.0000,0.0000,0.0000,187,0,0,0,0,41,0,0,0,0
zc,TA209,2012-06-21 09:01:31.503,7116.0000,450880,742,0.0000,1000.0000,871,129,多开,B,7116.0000,0.0000,0.0000,0.0000,0.0000,7118.0000,0.0000,0.0000,0.0000,0.0000,5,0,0,0,0,388,0,0,0,0
zc,TA209,2012-06-21 09:01:32.020,7114.0000,450910,30,0.0000,80.0000,55,25,空开,S,7110.0000,0.0000,0.0000,0.0000,0.0000,7112.0000,0.0000,0.0000,0.0000,0.0000,330,0,0,0,0,1,0,0,0,0
zc,TA209,2012-06-21 09:01:32.770,7110.0000,450946,36,0.0000,1112.0000,574,538,空开,S,7110.0000,0.0000,0.0000,0.0000,0.0000,7112.0000,0.0000,0.0000,0.0000,0.0000,306,0,0,0,0,2,0,0,0,0
zc,TA209,2012-06-21 09:01:33.270,7114.0000,450920,-26,0.0000,108.0000,41,67,空平,B,7110.0000,0.0000,0.0000,0.0000,0.0000,7112.0000,0.0000,0.0000,0.0000,0.0000,315,0,0,0,0,6,0,0,0,0
zc,TA209,2012-06-21 09:01:33.770,7110.0000,450852,-68,0.0000,284.0000,108,176,多平,S,7110.0000,0.0000,0.0000,0.0000,0.0000,7114.0000,0.0000,0.0000,0.0000,0.0000,315,0,0,0,0,214,0,0,0,0
zc,TA209,2012-06-21 09:01:34.300,7114.0000,450866,14,0.0000,28.0000,21,7,多开,B,7112.0000,0.0000,0.0000,0.0000,0.0000,7114.0000,0.0000,0.0000,0.0000,0.0000,338,0,0,0,0,200,0,0,0,0
zc,TA209,2012-06-21 09:01:35.003,7112.0000,450950,84,0.0000,420.0000,252,168,空开,S,7112.0000,0.0000,0.0000,0.0000,0.0000,7114.0000,0.0000,0.0000,0.0000,0.0000,146,0,0,0,0,195,0,0,0,0
zc,TA209,2012-06-21 09:01:35.520,7112.0000,450950,0,0.0000,72.0000,36,36,空换,S,7112.0000,0.0000,0.0000,0.0000,0.0000,7114.0000,0.0000,0.0000,0.0000,0.0000,117,0,0,0,0,200,0,0,0,0
zc,TA209,2012-06-21 09:01:36.567,7114.0000,451210,260,0.0000,628.0000,444,184,多开,B,7110.0000,0.0000,0.0000,0.0000,0.0000,7114.0000,0.0000,0.0000,0.0000,0.0000,396,0,0,0,0,101,0,0,0,0
zc,TA209,2012-06-21 09:01:37.050,7112.0000,451582,372,0.0000,434.0000,403,31,空开,S,7112.0000,0.0000,0.0000,0.0000,0.0000,7114.0000,0.0000,0.0000,0.0000,0.0000,109,0,0,0,0,152,0,0,0,0
zc,TA209,2012-06-21 09:01:37.770,7112.0000,451716,134,0.0000,164.0000,149,15,空开,S,7112.0000,0.0000,0.0000,0.0000,0.0000,7114.0000,0.0000,0.0000,0.0000,0.0000,43,0,0,0,0,149,0,0,0,0
zc,TA209,2012-06-21 09:01:38.270,7112.0000,451728,12,0.0000,12.0000,12,0,双开,S,7112.0000,0.0000,0.0000,0.0000,0.0000,7114.0000,0.0000,0.0000,0.0000,0.0000,40,0,0,0,0,150,0,0,0,0
zc,TA209,2012-06-21 09:01:39.033,7110.0000,452018,290,0.0000,338.0000,314,24,空开,S,7110.0000,0.0000,0.0000,0.0000,0.0000,7112.0000,0.0000,0.0000,0.0000,0.0000,161,0,0,0,0,476,0,0,0,0
zc,TA209,2012-06-21 09:01:39.533,7114.0000,452278,260,0.0000,1420.0000,840,580,多开,B,7110.0000,0.0000,0.0000,0.0000,0.0000,7112.0000,0.0000,0.0000,0.0000,0.0000,3,0,0,0,0,1,0,0,0,0
zc,TA209,2012-06-21 09:01:40.270,7110.0000,452274,-4,0.0000,20.0000,8,12,多平,S,7110.0000,0.0000,0.0000,0.0000,0.0000,7112.0000,0.0000,0.0000,0.0000,0.0000,3,0,0,0,0,170,0,0,0,0
zc,TA209,2012-06-21 09:01:41.050,7110.0000,452244,-30,0.0000,110.0000,40,70,多平,S,7108.0000,0.0000,0.0000,0.0000,0.0000,7110.0000,0.0000,0.0000,0.0000,0.0000,229,0,0,0,0,11,0,0,0,0
zc,TA209,2012-06-21 09:01:41.753,7110.0000,452086,-158,0.0000,216.0000,29,187,多平,S,7108.0000,0.0000,0.0000,0.0000,0.0000,7110.0000,0.0000,0.0000,0.0000,0.0000,229,0,0,0,0,226,0,0,0,0
zc,TA209,2012-06-21 09:01:42.317,7108.0000,452040,-46,0.0000,54.0000,4,50,多平,S,7108.0000,0.0000,0.0000,0.0000,0.0000,7110.0000,0.0000,0.0000,0.0000,0.0000,207,0,0,0,0,226,0,0,0,0
zc,TA209,2012-06-21 09:01:43.020,7108.0000,452040,0,0.0000,68.0000,34,34,空换,S,7108.0000,0.0000,0.0000,0.0000,0.0000,7110.0000,0.0000,0.0000,0.0000,0.0000,178,0,0,0,0,235,0,0,0,0
zc,TA209,2012-06-21 09:01:43.550,7110.0000,452030,-10,0.0000,328.0000,159,169,空平,B,7108.0000,0.0000,0.0000,0.0000,0.0000,7110.0000,0.0000,0.0000,0.0000,0.0000,103,0,0,0,0,386,0,0,0,0
zc,TA209,2012-06-21 09:01:44.237,7108.0000,452029,-1,0.0000,506.0000,253,254,多平,S,7106.0000,0.0000,0.0000,0.0000,0.0000,7108.0000,0.0000,0.0000,0.0000,0.0000,92,0,0,0,0,19,0,0,0,0
zc,TA209,2012-06-21 09:01:44.783,7106.0000,452060,31,0.0000,102.0000,67,36,空开,S,7106.0000,0.0000,0.0000,0.0000,0.0000,7108.0000,0.0000,0.0000,0.0000,0.0000,58,0,0,0,0,60,0,0,0,0
zc,TA209,2012-06-21 09:01:45.533,7106.0000,452178,118,0.0000,322.0000,220,102,空开,S,7104.0000,0.0000,0.0000,0.0000,0.0000,7106.0000,0.0000,0.0000,0.0000,0.0000,43,0,0,0,0,76,0,0,0,0
zc,TA209,2012-06-21 09:01:46.020,7104.0000,452136,-42,0.0000,188.0000,73,115,多平,S,7102.0000,0.0000,0.0000,0.0000,0.0000,7104.0000,0.0000,0.0000,0.0000,0.0000,716,0,0,0,0,56,0,0,0,0
zc,TA209,2012-06-21 09:01:46.737,7104.0000,452222,86,0.0000,160.0000,123,37,空开,S,7102.0000,0.0000,0.0000,0.0000,0.0000,7104.0000,0.0000,0.0000,0.0000,0.0000,642,0,0,0,0,64,0,0,0,0
zc,TA209,2012-06-21 09:01:47.503,7104.0000,452214,-8,0.0000,112.0000,52,60,多平,S,7102.0000,0.0000,0.0000,0.0000,0.0000,7104.0000,0.0000,0.0000,0.0000,0.0000,598,0,0,0,0,49,0,0,0,0
zc,TA209,2012-06-21 09:01:48.003,7102.0000,452182,-32,0.0000,108.0000,38,70,多平,S,7102.0000,0.0000,0.0000,0.0000,0.0000,7104.0000,0.0000,0.0000,0.0000,0.0000,555,0,0,0,0,44,0,0,0,0
zc,TA209,2012-06-21 09:01:48.770,7104.0000,452166,-16,0.0000,128.0000,56,72,空平,B,7104.0000,0.0000,0.0000,0.0000,0.0000,7106.0000,0.0000,0.0000,0.0000,0.0000,3,0,0,0,0,91,0,0,0,0
zc,TA209,2012-06-21 09:01:48.987,7104.0000,452200,34,0.0000,60.0000,47,13,多开,B,7104.0000,0.0000,0.0000,0.0000,0.0000,7106.0000,0.0000,0.0000,0.0000,0.0000,8,0,0,0,0,91,0,0,0,0
zc,TA209,2012-06-21 09:01:49.737,7104.0000,452242,42,0.0000,314.0000,178,136,多开,B,7102.0000,0.0000,0.0000,0.0000,0.0000,7104.0000,0.0000,0.0000,0.0000,0.0000,457,0,0,0,0,8,0,0,0,0
zc,TA209,2012-06-21 09:01:50.253,7104.0000,452264,22,0.0000,58.0000,40,18,多开,B,7104.0000,0.0000,0.0000,0.0000,0.0000,7106.0000,0.0000,0.0000,0.0000,0.0000,111,0,0,0,0,88,0,0,0,0
zc,TA209,2012-06-21 09:01:51.003,7102.0000,452754,490,0.0000,608.0000,549,59,空开,S,7102.0000,0.0000,0.0000,0.0000,0.0000,7104.0000,0.0000,0.0000,0.0000,0.0000,477,0,0,0,0,57,0,0,0,0
zc,TA209,2012-06-21 09:01:51.520,7104.0000,452836,82,0.0000,104.0000,93,11,多开,B,7102.0000,0.0000,0.0000,0.0000,0.0000,7104.0000,0.0000,0.0000,0.0000,0.0000,495,0,0,0,0,321,0,0,0,0
zc,TA209,2012-06-21 09:01:52.283,7102.0000,452830,-6,0.0000,308.0000,151,157,多平,S,7102.0000,0.0000,0.0000,0.0000,0.0000,7104.0000,0.0000,0.0000,0.0000,0.0000,348,0,0,0,0,320,0,0,0,0
zc,TA209,2012-06-21 09:01:52.770,7104.0000,452848,18,0.0000,358.0000,188,170,多开,B,7102.0000,0.0000,0.0000,0.0000,0.0000,7104.0000,0.0000,0.0000,0.0000,0.0000,177,0,0,0,0,310,0,0,0,0
zc,TA209,2012-06-21 09:01:53.520,7102.0000,453100,252,0.0000,632.0000,442,190,空开,S,7102.0000,0.0000,0.0000,0.0000,0.0000,7104.0000,0.0000,0.0000,0.0000,0.0000,134,0,0,0,0,47,0,0,0,0
zc,TA209,2012-06-21 09:01:54.020,7102.0000,453108,8,0.0000,84.0000,46,38,空开,S,7102.0000,0.0000,0.0000,0.0000,0.0000,7104.0000,0.0000,0.0000,0.0000,0.0000,597,0,0,0,0,46,0,0,0,0
zc,TA209,2012-06-21 09:01:54.770,7102.0000,453130,22,0.0000,130.0000,76,54,空开,S,7102.0000,0.0000,0.0000,0.0000,0.0000,7104.0000,0.0000,0.0000,0.0000,0.0000,558,0,0,0,0,68,0,0,0,0
zc,TA209,2012-06-21 09:01:55.253,7104.0000,453232,102,0.0000,778.0000,440,338,多开,B,7104.0000,0.0000,0.0000,0.0000,0.0000,7106.0000,0.0000,0.0000,0.0000,0.0000,92,0,0,0,0,78,0,0,0,0
zc,TA209,2012-06-21 09:01:55.957,7104.0000,453232,0,0.0000,154.0000,77,77,多换,B,7104.0000,0.0000,0.0000,0.0000,0.0000,7106.0000,0.0000,0.0000,0.0000,0.0000,92,0,0,0,0,69,0,0,0,0
zc,TA209,2012-06-21 09:01:56.487,7104.0000,453140,-92,0.0000,128.0000,18,110,空平,B,7104.0000,0.0000,0.0000,0.0000,0.0000,7106.0000,0.0000,0.0000,0.0000,0.0000,28,0,0,0,0,74,0,0,0,0
zc,TA209,2012-06-21 09:01:57.270,7104.0000,453134,-6,0.0000,64.0000,29,35,空平,B,7104.0000,0.0000,0.0000,0.0000,0.0000,7106.0000,0.0000,0.0000,0.0000,0.0000,227,0,0,0,0,76,0,0,0,0
zc,TA209,2012-06-21 09:01:58.020,7106.0000,453058,-76,0.0000,194.0000,59,135,空平,B,7106.0000,0.0000,0.0000,0.0000,0.0000,7108.0000,0.0000,0.0000,0.0000,0.0000,45,0,0,0,0,80,0,0,0,0
zc,TA209,2012-06-21 09:01:58.487,7108.0000,453064,6,0.0000,158.0000,82,76,多开,B,7106.0000,0.0000,0.0000,0.0000,0.0000,7108.0000,0.0000,0.0000,0.0000,0.0000,12,0,0,0,0,98,0,0,0,0
zc,TA209,2012-06-21 09:01:59.253,7106.0000,453074,10,0.0000,54.0000,32,22,空开,S,7106.0000,0.0000,0.0000,0.0000,0.0000,7108.0000,0.0000,0.0000,0.0000,0.0000,22,0,0,0,0,92,0,0,0,0
zc,TA209,2012-06-21 09:01:59.723,7104.0000,453064,-10,0.0000,82.0000,36,46,多平,S,7104.0000,0.0000,0.0000,0.0000,0.0000,7106.0000,0.0000,0.0000,0.0000,0.0000,278,0,0,0,0,5,0,0,0,0
zc,TA209,2012-06-21 09:02:00.473,7104.0000,452916,-148,0.0000,278.0000,65,213,多平,S,7104.0000,0.0000,0.0000,0.0000,0.0000,7106.0000,0.0000,0.0000,0.0000,0.0000,282,0,0,0,0,11,0,0,0,0
zc,TA209,2012-06-21 09:02:00.800,7106.0000,452960,44,0.0000,224.0000,134,90,多开,B,7104.0000,0.0000,0.0000,0.0000,0.0000,7108.0000,0.0000,0.0000,0.0000,0.0000,300,0,0,0,0,6,0,0,0,0
zc,TA209,2012-06-21 09:02:01.550,7106.0000,453016,56,0.0000,76.0000,66,10,多开,B,7106.0000,0.0000,0.0000,0.0000,0.0000,7108.0000,0.0000,0.0000,0.0000,0.0000,22,0,0,0,0,6,0,0,0,0
zc,TA209,2012-06-21 09:02:02.253,7106.0000,453238,222,0.0000,226.0000,224,2,多开,B,7104.0000,0.0000,0.0000,0.0000,0.0000,7106.0000,0.0000,0.0000,0.0000,0.0000,253,0,0,0,0,260,0,0,0,0
zc,TA209,2012-06-21 09:02:02.770,7104.0000,453450,212,0.0000,250.0000,231,19,空开,S,7104.0000,0.0000,0.0000,0.0000,0.0000,7106.0000,0.0000,0.0000,0.0000,0.0000,169,0,0,0,0,254,0,0,0,0
zc,TA209,2012-06-21 09:02:03.300,7104.0000,453462,12,0.0000,110.0000,61,49,空开,S,7104.0000,0.0000,0.0000,0.0000,0.0000,7106.0000,0.0000,0.0000,0.0000,0.0000,163,0,0,0,0,250,0,0,0,0
zc,TA209,2012-06-21 09:02:04.050,7104.0000,453492,30,0.0000,104.0000,67,37,空开,S,7104.0000,0.0000,0.0000,0.0000,0.0000,7106.0000,0.0000,0.0000,0.0000,0.0000,165,0,0,0,0,219,0,0,0,0
zc,TA209,2012-06-21 09:02:04.533,7106.0000,453578,86,0.0000,286.0000,186,100,多开,B,7104.0000,0.0000,0.0000,0.0000,0.0000,7106.0000,0.0000,0.0000,0.0000,0.0000,135,0,0,0,0,109,0,0,0,0
zc,TA209,2012-06-21 09:02:05.283,7106.0000,453590,12,0.0000,46.0000,29,17,多开,B,7104.0000,0.0000,0.0000,0.0000,0.0000,7106.0000,0.0000,0.0000,0.0000,0.0000,121,0,0,0,0,803,0,0,0,0
zc,TA209,2012-06-21 09:02:06.097,7106.0000,453738,148,0.0000,162.0000,155,7,多开,B,7104.0000,0.0000,0.0000,0.0000,0.0000,7106.0000,0.0000,0.0000,0.0000,0.0000,135,0,0,0,0,738,0,0,0,0
zc,TA209,2012-06-21 09:02:06.817,7104.0000,453772,34,0.0000,62.0000,48,14,空开,S,7104.0000,0.0000,0.0000,0.0000,0.0000,7106.0000,0.0000,0.0000,0.0000,0.0000,117,0,0,0,0,728,0,0,0,0
zc,TA209,2012-06-21 09:02:07.300,7106.0000,453826,54,0.0000,80.0000,67,13,多开,B,7104.0000,0.0000,0.0000,0.0000,0.0000,7106.0000,0.0000,0.0000,0.0000,0.0000,110,0,0,0,0,701,0,0,0,0
zc,TA209,2012-06-21 09:02:08.003,7104.0000,453942,116,0.0000,1144.0000,630,514,空开,S,7104.0000,0.0000,0.0000,0.0000,0.0000,7106.0000,0.0000,0.0000,0.0000,0.0000,120,0,0,0,0,142,0,0,0,0
zc,TA209,2012-06-21 09:02:08.580,7106.0000,453972,30,0.0000,48.0000,39,9,多开,B,7104.0000,0.0000,0.0000,0.0000,0.0000,7106.0000,0.0000,0.0000,0.0000,0.0000,394,0,0,0,0,129,0,0,0,0
zc,TA209,2012-06-21 09:02:09.270,7106.0000,454176,204,0.0000,314.0000,259,55,多开,B,7106.0000,0.0000,0.0000,0.0000,0.0000,7108.0000,0.0000,0.0000,0.0000,0.0000,52,0,0,0,0,27,0,0,0,0
zc,TA209,2012-06-21 09:02:09.817,7106.0000,454224,48,0.0000,96.0000,72,24,多开,B,7106.0000,0.0000,0.0000,0.0000,0.0000,7108.0000,0.0000,0.0000,0.0000,0.0000,124,0,0,0,0,35,0,0,0,0
zc,TA209,2012-06-21 09:02:10.533,7106.0000,454232,8,0.0000,64.0000,36,28,多开,B,7106.0000,0.0000,0.0000,0.0000,0.0000,7108.0000,0.0000,0.0000,0.0000,0.0000,142,0,0,0,0,21,0,0,0,0
zc,TA209,2012-06-21 09:02:11.050,7110.0000,454268,36,0.0000,136.0000,86,50,多开,B,7106.0000,0.0000,0.0000,0.0000,0.0000,7110.0000,0.0000,0.0000,0.0000,0.0000,202,0,0,0,0,716,0,0,0,0
zc,TA209,2012-06-21 09:02:11.817,7110.0000,454348,80,0.0000,116.0000,98,18,多开,B,7108.0000,0.0000,0.0000,0.0000,0.0000,7110.0000,0.0000,0.0000,0.0000,0.0000,12,0,0,0,0,712,0,0,0,0
zc,TA209,2012-06-21 09:02:12.283,7110.0000,454360,12,0.0000,22.0000,17,5,多开,B,7108.0000,0.0000,0.0000,0.0000,0.0000,7110.0000,0.0000,0.0000,0.0000,0.0000,73,0,0,0,0,718,0,0,0,0
zc,TA209,2012-06-21 09:02:12.987,7110.0000,454722,362,0.0000,382.0000,372,10,多开,B,7106.0000,0.0000,0.0000,0.0000,0.0000,7110.0000,0.0000,0.0000,0.0000,0.0000,136,0,0,0,0,762,0,0,0,0
zc,TA209,2012-06-21 09:02:13.770,7110.0000,454650,-72,0.0000,76.0000,2,74,空平,B,7108.0000,0.0000,0.0000,0.0000,0.0000,7110.0000,0.0000,0.0000,0.0000,0.0000,3,0,0,0,0,767,0,0,0,0
zc,TA209,2012-06-21 09:02:14.020,7108.0000,454740,90,0.0000,242.0000,166,76,空开,S,7106.0000,0.0000,0.0000,0.0000,0.0000,7108.0000,0.0000,0.0000,0.0000,0.0000,609,0,0,0,0,8,0,0,0,0
zc,TA209,2012-06-21 09:02:14.800,7108.0000,454726,-14,0.0000,338.0000,162,176,多平,S,7106.0000,0.0000,0.0000,0.0000,0.0000,7108.0000,0.0000,0.0000,0.0000,0.0000,618,0,0,0,0,3,0,0,0,0
zc,TA209,2012-06-21 09:02:15.237,7108.0000,454674,-52,0.0000,108.0000,28,80,多平,S,7106.0000,0.0000,0.0000,0.0000,0.0000,7108.0000,0.0000,0.0000,0.0000,0.0000,586,0,0,0,0,118,0,0,0,0
zc,TA209,2012-06-21 09:02:16.003,7110.0000,454262,-412,0.0000,442.0000,15,427,空平,B,7106.0000,0.0000,0.0000,0.0000,0.0000,7108.0000,0.0000,0.0000,0.0000,0.0000,590,0,0,0,0,313,0,0,0,0
zc,TA209,2012-06-21 09:02:16.520,7106.0000,454348,86,0.0000,256.0000,171,85,空开,S,7106.0000,0.0000,0.0000,0.0000,0.0000,7108.0000,0.0000,0.0000,0.0000,0.0000,528,0,0,0,0,338,0,0,0,0
zc,TA209,2012-06-21 09:02:17.237,7108.0000,454398,50,0.0000,86.0000,68,18,多开,B,7106.0000,0.0000,0.0000,0.0000,0.0000,7108.0000,0.0000,0.0000,0.0000,0.0000,524,0,0,0,0,362,0,0,0,0
zc,TA209,2012-06-21 09:02:17.753,7108.0000,454508,110,0.0000,114.0000,112,2,多开,B,7106.0000,0.0000,0.0000,0.0000,0.0000,7108.0000,0.0000,0.0000,0.0000,0.0000,522,0,0,0,0,305,0,0,0,0
zc,TA209,2012-06-21 09:02:18.503,7108.0000,454564,56,0.0000,110.0000,83,27,多开,B,7106.0000,0.0000,0.0000,0.0000,0.0000,7108.0000,0.0000,0.0000,0.0000,0.0000,506,0,0,0,0,274,0,0,0,0
zc,TA209,2012-06-21 09:02:18.973,7108.0000,454574,10,0.0000,14.0000,12,2,多开,B,7106.0000,0.0000,0.0000,0.0000,0.0000,7108.0000,0.0000,0.0000,0.0000,0.0000,510,0,0,0,0,268,0,0,0,0
zc,TA209,2012-06-21 09:02:19.550,7106.0000,454658,84,0.0000,244.0000,164,80,空开,S,7106.0000,0.0000,0.0000,0.0000,0.0000,7108.0000,0.0000,0.0000,0.0000,0.0000,443,0,0,0,0,222,0,0,0,0
zc,TA209,2012-06-21 09:02:20.237,7108.0000,454848,190,0.0000,236.0000,213,23,多开,B,7106.0000,0.0000,0.0000,0.0000,0.0000,7108.0000,0.0000,0.0000,0.0000,0.0000,442,0,0,0,0,106,0,0,0,0
zc,TA209,2012-06-21 09:02:20.783,7108.0000,454832,-16,0.0000,120.0000,52,68,空平,B,7106.0000,0.0000,0.0000,0.0000,0.0000,7108.0000,0.0000,0.0000,0.0000,0.0000,442,0,0,0,0,47,0,0,0,0
zc,TA209,2012-06-21 09:02:21.503,7108.0000,454882,50,0.0000,88.0000,69,19,多开,B,7106.0000,0.0000,0.0000,0.0000,0.0000,7108.0000,0.0000,0.0000,0.0000,0.0000,432,0,0,0,0,25,0,0,0,0
zc,TA209,2012-06-21 09:02:22.033,7108.0000,454858,-24,0.0000,98.0000,37,61,空平,B,7106.0000,0.0000,0.0000,0.0000,0.0000,7108.0000,0.0000,0.0000,0.0000,0.0000,472,0,0,0,0,12,0,0,0,0
zc,TA209,2012-06-21 09:02:22.783,7106.0000,454842,-16,0.0000,34.0000,9,25,多平,S,7106.0000,0.0000,0.0000,0.0000,0.0000,7108.0000,0.0000,0.0000,0.0000,0.0000,452,0,0,0,0,1,0,0,0,0
zc,TA209,2012-06-21 09:02:23.223,7108.0000,454820,-22,0.0000,38.0000,8,30,空平,B,7108.0000,0.0000,0.0000,0.0000,0.0000,7110.0000,0.0000,0.0000,0.0000,0.0000,159,0,0,0,0,878,0,0,0,0
zc,TA209,2012-06-21 09:02:24.003,7108.0000,454920,100,0.0000,148.0000,124,24,多开,B,7108.0000,0.0000,0.0000,0.0000,0.0000,7110.0000,0.0000,0.0000,0.0000,0.0000,256,0,0,0,0,851,0,0,0,0
zc,TA209,2012-06-21 09:02:24.270,7108.0000,455120,200,0.0000,206.0000,203,3,多开,B,7108.0000,0.0000,0.0000,0.0000,0.0000,7110.0000,0.0000,0.0000,0.0000,0.0000,185,0,0,0,0,974,0,0,0,0
zc,TA209,2012-06-21 09:02:25.020,7108.0000,455246,126,0.0000,380.0000,253,127,多开,B,7106.0000,0.0000,0.0000,0.0000,0.0000,7108.0000,0.0000,0.0000,0.0000,0.0000,480,0,0,0,0,95,0,0,0,0
zc,TA209,2012-06-21 09:02:25.550,7108.0000,455296,50,0.0000,70.0000,60,10,多开,B,7106.0000,0.0000,0.0000,0.0000,0.0000,7108.0000,0.0000,0.0000,0.0000,0.0000,478,0,0,0,0,67,0,0,0,0
zc,TA209,2012-06-21 09:02:26.253,7108.0000,455332,36,0.0000,110.0000,73,37,多开,B,7106.0000,0.0000,0.0000,0.0000,0.0000,7108.0000,0.0000,0.0000,0.0000,0.0000,462,0,0,0,0,109,0,0,0,0
zc,TA209,2012-06-21 09:02:26.770,7108.0000,455334,2,0.0000,36.0000,19,17,多开,B,7106.0000,0.0000,0.0000,0.0000,0.0000,7108.0000,0.0000,0.0000,0.0000,0.0000,462,0,0,0,0,106,0,0,0,0
zc,TA209,2012-06-21 09:02:27.520,7108.0000,455220,-114,0.0000,1106.0000,496,610,空平,B,7108.0000,0.0000,0.0000,0.0000,0.0000,7110.0000,0.0000,0.0000,0.0000,0.0000,14,0,0,0,0,1079,0,0,0,0
zc,TA209,2012-06-21 09:02:28.067,7106.0000,455224,4,0.0000,44.0000,24,20,空开,S,7106.0000,0.0000,0.0000,0.0000,0.0000,7108.0000,0.0000,0.0000,0.0000,0.0000,165,0,0,0,0,11,0,0,0,0
zc,TA209,2012-06-21 09:02:28.800,7108.0000,455318,94,0.0000,106.0000,100,6,多开,B,7106.0000,0.0000,0.0000,0.0000,0.0000,7108.0000,0.0000,0.0000,0.0000,0.0000,127,0,0,0,0,56,0,0,0,0
zc,TA209,2012-06-21 09:02:29.567,7108.0000,455274,-44,0.0000,80.0000,18,62,空平,B,7106.0000,0.0000,0.0000,0.0000,0.0000,7108.0000,0.0000,0.0000,0.0000,0.0000,127,0,0,0,0,173,0,0,0,0
zc,TA209,2012-06-21 09:02:30.020,7106.0000,455272,-2,0.0000,30.0000,14,16,多平,S,7106.0000,0.0000,0.0000,0.0000,0.0000,7108.0000,0.0000,0.0000,0.0000,0.0000,155,0,0,0,0,225,0,0,0,0
zc,TA209,2012-06-21 09:02:30.753,7106.0000,455288,16,0.0000,102.0000,59,43,空开,S,7106.0000,0.0000,0.0000,0.0000,0.0000,7108.0000,0.0000,0.0000,0.0000,0.0000,123,0,0,0,0,257,0,0,0,0
zc,TA209,2012-06-21 09:02:31.533,7106.0000,455372,84,0.0000,144.0000,114,30,空开,S,7106.0000,0.0000,0.0000,0.0000,0.0000,7108.0000,0.0000,0.0000,0.0000,0.0000,66,0,0,0,0,247,0,0,0,0
zc,TA209,2012-06-21 09:02:32.020,7108.0000,455394,22,0.0000,286.0000,154,132,多开,B,7106.0000,0.0000,0.0000,0.0000,0.0000,7108.0000,0.0000,0.0000,0.0000,0.0000,50,0,0,0,0,123,0,0,0,0
zc,TA209,2012-06-21 09:02:32.533,7108.0000,455492,98,0.0000,244.0000,171,73,多开,B,7106.0000,0.0000,0.0000,0.0000,0.0000,7108.0000,0.0000,0.0000,0.0000,0.0000,40,0,0,0,0,25,0,0,0,0
zc,TA209,2012-06-21 09:02:33.283,7108.0000,455538,46,0.0000,72.0000,59,13,多开,B,7108.0000,0.0000,0.0000,0.0000,0.0000,7110.0000,0.0000,0.0000,0.0000,0.0000,12,0,0,0,0,1077,0,0,0,0
zc,TA209,2012-06-21 09:02:33.753,7108.0000,455518,-20,0.0000,136.0000,58,78,空平,B,7108.0000,0.0000,0.0000,0.0000,0.0000,7110.0000,0.0000,0.0000,0.0000,0.0000,435,0,0,0,0,1053,0,0,0,0
zc,TA209,2012-06-21 09:02:34.503,7110.0000,455500,-18,0.0000,454.0000,218,236,空平,B,7108.0000,0.0000,0.0000,0.0000,0.0000,7110.0000,0.0000,0.0000,0.0000,0.0000,409,0,0,0,0,913,0,0,0,0
zc,TA209,2012-06-21 09:02:35.033,7108.0000,455442,-58,0.0000,710.0000,326,384,多平,S,7108.0000,0.0000,0.0000,0.0000,0.0000,7110.0000,0.0000,0.0000,0.0000,0.0000,139,0,0,0,0,827,0,0,0,0
zc,TA209,2012-06-21 09:02:36.033,7110.0000,455670,228,0.0000,878.0000,553,325,多开,B,7108.0000,0.0000,0.0000,0.0000,0.0000,7110.0000,0.0000,0.0000,0.0000,0.0000,131,0,0,0,0,398,0,0,0,0
zc,TA209,2012-06-21 09:02:36.503,7112.0000,455294,-376,0.0000,798.0000,211,587,空平,B,7110.0000,0.0000,0.0000,0.0000,0.0000,7112.0000,0.0000,0.0000,0.0000,0.0000,205,0,0,0,0,138,0,0,0,0
zc,TA209,2012-06-21 09:02:37.283,7108.0000,455568,274,0.0000,992.0000,633,359,空开,S,7110.0000,0.0000,0.0000,0.0000,0.0000,7112.0000,0.0000,0.0000,0.0000,0.0000,1,0,0,0,0,57,0,0,0,0
zc,TA209,2012-06-21 09:02:37.770,7112.0000,455562,-6,0.0000,124.0000,59,65,空平,B,7110.0000,0.0000,0.0000,0.0000,0.0000,7112.0000,0.0000,0.0000,0.0000,0.0000,48,0,0,0,0,8,0,0,0,0
zc,TA209,2012-06-21 09:02:38.520,7112.0000,455738,176,0.0000,290.0000,233,57,多开,B,7108.0000,0.0000,0.0000,0.0000,0.0000,7112.0000,0.0000,0.0000,0.0000,0.0000,21,0,0,0,0,120,0,0,0,0
zc,TA209,2012-06-21 09:02:39.020,7110.0000,455730,-8,0.0000,12.0000,2,10,多平,S,7110.0000,0.0000,0.0000,0.0000,0.0000,7112.0000,0.0000,0.0000,0.0000,0.0000,222,0,0,0,0,121,0,0,0,0
zc,TA209,2012-06-21 09:02:39.487,7110.0000,455478,-252,0.0000,280.0000,14,266,多平,S,7110.0000,0.0000,0.0000,0.0000,0.0000,7112.0000,0.0000,0.0000,0.0000,0.0000,588,0,0,0,0,127,0,0,0,0
zc,TA209,2012-06-21 09:02:39.987,7112.0000,455462,-16,0.0000,448.0000,216,232,空平,B,7110.0000,0.0000,0.0000,0.0000,0.0000,7112.0000,0.0000,0.0000,0.0000,0.0000,378,0,0,0,0,131,0,0,0,0
zc,TA209,2012-06-21 09:02:41.033,7112.0000,455462,0,0.0000,40.0000,20,20,多换,B,7110.0000,0.0000,0.0000,0.0000,0.0000,7112.0000,0.0000,0.0000,0.0000,0.0000,395,0,0,0,0,125,0,0,0,0
zc,TA209,2012-06-21 09:02:41.283,7112.0000,455382,-80,0.0000,100.0000,10,90,空平,B,7110.0000,0.0000,0.0000,0.0000,0.0000,7112.0000,0.0000,0.0000,0.0000,0.0000,395,0,0,0,0,82,0,0,0,0
zc,TA209,2012-06-21 09:02:42.003,7110.0000,455418,36,0.0000,226.0000,131,95,空开,S,7110.0000,0.0000,0.0000,0.0000,0.0000,7112.0000,0.0000,0.0000,0.0000,0.0000,376,0,0,0,0,2,0,0,0,0
zc,TA209,2012-06-21 09:02:42.550,7112.0000,455408,-10,0.0000,50.0000,20,30,空平,B,7112.0000,0.0000,0.0000,0.0000,0.0000,7114.0000,0.0000,0.0000,0.0000,0.0000,5,0,0,0,0,278,0,0,0,0
zc,TA209,2012-06-21 09:02:43.237,7114.0000,455414,6,0.0000,6.0000,6,0,双开,B,7112.0000,0.0000,0.0000,0.0000,0.0000,7114.0000,0.0000,0.0000,0.0000,0.0000,33,0,0,0,0,278,0,0,0,0
zc,TA209,2012-06-21 09:02:43.783,7114.0000,455414,0,0.0000,8.0000,4,4,多换,B,7112.0000,0.0000,0.0000,0.0000,0.0000,7114.0000,0.0000,0.0000,0.0000,0.0000,45,0,0,0,0,277,0,0,0,0
zc,TA209,2012-06-21 09:02:44.520,7112.0000,455470,56,0.0000,102.0000,79,23,空开,S,7112.0000,0.0000,0.0000,0.0000,0.0000,7114.0000,0.0000,0.0000,0.0000,0.0000,14,0,0,0,0,253,0,0,0,0
zc,TA209,2012-06-21 09:02:45.020,7110.0000,455438,-32,0.0000,68.0000,18,50,多平,S,7110.0000,0.0000,0.0000,0.0000,0.0000,7112.0000,0.0000,0.0000,0.0000,0.0000,377,0,0,0,0,353,0,0,0,0
zc,TA209,2012-06-21 09:02:45.783,7112.0000,455442,4,0.0000,92.0000,48,44,多开,B,7110.0000,0.0000,0.0000,0.0000,0.0000,7112.0000,0.0000,0.0000,0.0000,0.0000,374,0,0,0,0,316,0,0,0,0
zc,TA209,2012-06-21 09:02:46.487,7112.0000,455442,0,0.0000,62.0000,31,31,多换,B,7110.0000,0.0000,0.0000,0.0000,0.0000,7112.0000,0.0000,0.0000,0.0000,0.0000,372,0,0,0,0,328,0,0,0,0
zc,TA209,2012-06-21 09:02:47.003,7112.0000,455442,0,0.0000,20.0000,10,10,多换,B,7110.0000,0.0000,0.0000,0.0000,0.0000,7112.0000,0.0000,0.0000,0.0000,0.0000,369,0,0,0,0,422,0,0,0,0
zc,TA209,2012-06-21 09:02:47.520,7110.0000,455442,0,0.0000,6.0000,3,3,空换,S,7110.0000,0.0000,0.0000,0.0000,0.0000,7112.0000,0.0000,0.0000,0.0000,0.0000,406,0,0,0,0,426,0,0,0,0
zc,TA209,2012-06-21 09:02:48.020,7112.0000,455282,-160,0.0000,244.0000,42,202,空平,B,7110.0000,0.0000,0.0000,0.0000,0.0000,7112.0000,0.0000,0.0000,0.0000,0.0000,303,0,0,0,0,451,0,0,0,0
zc,TA209,2012-06-21 09:02:48.753,7110.0000,455488,206,0.0000,342.0000,274,68,空开,S,7110.0000,0.0000,0.0000,0.0000,0.0000,7112.0000,0.0000,0.0000,0.0000,0.0000,235,0,0,0,0,369,0,0,0,0
zc,TA209,2012-06-21 09:02:49.270,7112.0000,455548,60,0.0000,66.0000,63,3,多开,B,7110.0000,0.0000,0.0000,0.0000,0.0000,7112.0000,0.0000,0.0000,0.0000,0.0000,235,0,0,0,0,361,0,0,0,0
zc,TA209,2012-06-21 09:02:49.973,7110.0000,455752,204,0.0000,224.0000,214,10,空开,S,7110.0000,0.0000,0.0000,0.0000,0.0000,7112.0000,0.0000,0.0000,0.0000,0.0000,230,0,0,0,0,289,0,0,0,0
zc,TA209,2012-06-21 09:02:50.487,7110.0000,455778,26,0.0000,72.0000,49,23,空开,S,7110.0000,0.0000,0.0000,0.0000,0.0000,7112.0000,0.0000,0.0000,0.0000,0.0000,218,0,0,0,0,271,0,0,0,0
zc,TA209,2012-06-21 09:02:51.003,7110.0000,455776,-2,0.0000,44.0000,21,23,多平,S,7110.0000,0.0000,0.0000,0.0000,0.0000,7112.0000,0.0000,0.0000,0.0000,0.0000,225,0,0,0,0,235,0,0,0,0
zc,TA209,2012-06-21 09:02:51.800,7110.0000,455736,-40,0.0000,54.0000,7,47,多平,S,7110.0000,0.0000,0.0000,0.0000,0.0000,7112.0000,0.0000,0.0000,0.0000,0.0000,308,0,0,0,0,149,0,0,0,0
zc,TA209,2012-06-21 09:02:52.253,7110.0000,455820,84,0.0000,218.0000,151,67,空开,S,7110.0000,0.0000,0.0000,0.0000,0.0000,7112.0000,0.0000,0.0000,0.0000,0.0000,305,0,0,0,0,57,0,0,0,0
zc,TA209,2012-06-21 09:02:53.020,7112.0000,455808,-12,0.0000,124.0000,56,68,空平,B,7112.0000,0.0000,0.0000,0.0000,0.0000,7114.0000,0.0000,0.0000,0.0000,0.0000,450,0,0,0,0,251,0,0,0,0
zc,TA209,2012-06-21 09:02:53.487,7112.0000,455804,-4,0.0000,142.0000,69,73,空平,B,7112.0000,0.0000,0.0000,0.0000,0.0000,7114.0000,0.0000,0.0000,0.0000,0.0000,433,0,0,0,0,273,0,0,0,0
zc,TA209,2012-06-21 09:02:54.033,7112.0000,455804,0,0.0000,218.0000,109,109,多换,B,7112.0000,0.0000,0.0000,0.0000,0.0000,7114.0000,0.0000,0.0000,0.0000,0.0000,365,0,0,0,0,289,0,0,0,0
zc,TA209,2012-06-21 09:02:54.520,7112.0000,455756,-48,0.0000,74.0000,13,61,空平,B,7112.0000,0.0000,0.0000,0.0000,0.0000,7114.0000,0.0000,0.0000,0.0000,0.0000,333,0,0,0,0,286,0,0,0,0
zc,TA209,2012-06-21 09:02:55.253,7112.0000,455750,-6,0.0000,18.0000,6,12,空平,B,7112.0000,0.0000,0.0000,0.0000,0.0000,7114.0000,0.0000,0.0000,0.0000,0.0000,340,0,0,0,0,283,0,0,0,0
zc,TA209,2012-06-21 09:02:55.753,7114.0000,455752,2,0.0000,76.0000,39,37,多开,B,7112.0000,0.0000,0.0000,0.0000,0.0000,7114.0000,0.0000,0.0000,0.0000,0.0000,330,0,0,0,0,256,0,0,0,0
zc,TA209,2012-06-21 09:02:56.520,7114.0000,455826,74,0.0000,314.0000,194,120,多开,B,7112.0000,0.0000,0.0000,0.0000,0.0000,7114.0000,0.0000,0.0000,0.0000,0.0000,330,0,0,0,0,100,0,0,0,0
zc,TA209,2012-06-21 09:02:57.033,7114.0000,455826,0,0.0000,18.0000,9,9,多换,B,7112.0000,0.0000,0.0000,0.0000,0.0000,7114.0000,0.0000,0.0000,0.0000,0.0000,336,0,0,0,0,395,0,0,0,0
zc,TA209,2012-06-21 09:02:57.503,7114.0000,455820,-6,0.0000,156.0000,75,81,空平,B,7112.0000,0.0000,0.0000,0.0000,0.0000,7114.0000,0.0000,0.0000,0.0000,0.0000,274,0,0,0,0,384,0,0,0,0
zc,TA209,2012-06-21 09:02:58.270,7114.0000,455820,0,0.0000,4.0000,2,2,多换,B,7112.0000,0.0000,0.0000,0.0000,0.0000,7114.0000,0.0000,0.0000,0.0000,0.0000,384,0,0,0,0,383,0,0,0,0
zc,TA209,2012-06-21 09:02:58.737,7114.0000,455834,14,0.0000,28.0000,21,7,多开,B,7112.0000,0.0000,0.0000,0.0000,0.0000,7114.0000,0.0000,0.0000,0.0000,0.0000,379,0,0,0,0,371,0,0,0,0
zc,TA209,2012-06-21 09:02:59.520,7114.0000,455924,90,0.0000,434.0000,262,172,多开,B,7112.0000,0.0000,0.0000,0.0000,0.0000,7114.0000,0.0000,0.0000,0.0000,0.0000,225,0,0,0,0,310,0,0,0,0
zc,TA209,2012-06-21 09:02:59.973,7114.0000,456138,214,0.0000,298.0000,256,42,多开,B,7112.0000,0.0000,0.0000,0.0000,0.0000,7114.0000,0.0000,0.0000,0.0000,0.0000,88,0,0,0,0,317,0,0,0,0
zc,TA209,2012-06-21 09:03:00.520,7112.0000,456122,-16,0.0000,42.0000,13,29,多平,S,7112.0000,0.0000,0.0000,0.0000,0.0000,7114.0000,0.0000,0.0000,0.0000,0.0000,69,0,0,0,0,318,0,0,0,0
zc,TA209,2012-06-21 09:03:01.003,7112.0000,456156,34,0.0000,202.0000,118,84,空开,S,7112.0000,0.0000,0.0000,0.0000,0.0000,7114.0000,0.0000,0.0000,0.0000,0.0000,31,0,0,0,0,314,0,0,0,0
zc,TA209,2012-06-21 09:03:01.723,7112.0000,456244,88,0.0000,94.0000,91,3,空开,S,7110.0000,0.0000,0.0000,0.0000,0.0000,7114.0000,0.0000,0.0000,0.0000,0.0000,350,0,0,0,0,352,0,0,0,0
zc,TA209,2012-06-21 09:03:02.237,7114.0000,456130,-114,0.0000,762.0000,324,438,空平,B,7114.0000,0.0000,0.0000,0.0000,0.0000,7116.0000,0.0000,0.0000,0.0000,0.0000,120,0,0,0,0,223,0,0,0,0
zc,TA209,2012-06-21 09:03:02.783,7114.0000,456068,-62,0.0000,98.0000,18,80,空平,B,7114.0000,0.0000,0.0000,0.0000,0.0000,7116.0000,0.0000,0.0000,0.0000,0.0000,89,0,0,0,0,217,0,0,0,0
zc,TA209,2012-06-21 09:03:03.533,7114.0000,456098,30,0.0000,116.0000,73,43,多开,B,7114.0000,0.0000,0.0000,0.0000,0.0000,7116.0000,0.0000,0.0000,0.0000,0.0000,87,0,0,0,0,189,0,0,0,0
zc,TA209,2012-06-21 09:03:04.033,7114.0000,456098,0,0.0000,4.0000,2,2,多换,B,7114.0000,0.0000,0.0000,0.0000,0.0000,7116.0000,0.0000,0.0000,0.0000,0.0000,92,0,0,0,0,189,0,0,0,0
zc,TA209,2012-06-21 09:03:04.753,7116.0000,456098,0,0.0000,16.0000,8,8,多换,B,7114.0000,0.0000,0.0000,0.0000,0.0000,7116.0000,0.0000,0.0000,0.0000,0.0000,107,0,0,0,0,180,0,0,0,0
zc,TA209,2012-06-21 09:03:05.283,7116.0000,455872,-226,0.0000,430.0000,102,328,空平,B,7116.0000,0.0000,0.0000,0.0000,0.0000,7118.0000,0.0000,0.0000,0.0000,0.0000,114,0,0,0,0,444,0,0,0,0
zc,TA209,2012-06-21 09:03:06.033,7116.0000,455826,-46,0.0000,64.0000,9,55,空平,B,7116.0000,0.0000,0.0000,0.0000,0.0000,7118.0000,0.0000,0.0000,0.0000,0.0000,92,0,0,0,0,448,0,0,0,0
zc,TA209,2012-06-21 09:03:06.487,7118.0000,455828,2,0.0000,14.0000,8,6,多开,B,7116.0000,0.0000,0.0000,0.0000,0.0000,7118.0000,0.0000,0.0000,0.0000,0.0000,100,0,0,0,0,445,0,0,0,0
zc,TA209,2012-06-21 09:03:07.003,7118.0000,455806,-22,0.0000,178.0000,78,100,空平,B,7116.0000,0.0000,0.0000,0.0000,0.0000,7118.0000,0.0000,0.0000,0.0000,0.0000,96,0,0,0,0,417,0,0,0,0
zc,TA209,2012-06-21 09:03:07.520,7116.0000,455802,-4,0.0000,34.0000,15,19,多平,S,7116.0000,0.0000,0.0000,0.0000,0.0000,7118.0000,0.0000,0.0000,0.0000,0.0000,99,0,0,0,0,400,0,0,0,0
zc,TA209,2012-06-21 09:03:08.237,7116.0000,455804,2,0.0000,58.0000,30,28,空开,S,7116.0000,0.0000,0.0000,0.0000,0.0000,7118.0000,0.0000,0.0000,0.0000,0.0000,114,0,0,0,0,385,0,0,0,0
zc,TA209,2012-06-21 09:03:08.770,7118.0000,455822,18,0.0000,78.0000,48,30,多开,B,7116.0000,0.0000,0.0000,0.0000,0.0000,7118.0000,0.0000,0.0000,0.0000,0.0000,101,0,0,0,0,359,0,0,0,0
zc,TA209,2012-06-21 09:03:09.533,7118.0000,455868,46,0.0000,52.0000,49,3,多开,B,7116.0000,0.0000,0.0000,0.0000,0.0000,7118.0000,0.0000,0.0000,0.0000,0.0000,101,0,0,0,0,342,0,0,0,0
zc,TA209,2012-06-21 09:03:10.020,7116.0000,455934,66,0.0000,230.0000,148,82,空开,S,7114.0000,0.0000,0.0000,0.0000,0.0000,7116.0000,0.0000,0.0000,0.0000,0.0000,130,0,0,0,0,12,0,0,0,0
zc,TA209,2012-06-21 09:03:10.770,7116.0000,455846,-88,0.0000,302.0000,107,195,多平,S,7114.0000,0.0000,0.0000,0.0000,0.0000,7116.0000,0.0000,0.0000,0.0000,0.0000,80,0,0,0,0,159,0,0,0,0
zc,TA209,2012-06-21 09:03:11.253,7116.0000,455866,20,0.0000,92.0000,56,36,空开,S,7114.0000,0.0000,0.0000,0.0000,0.0000,7116.0000,0.0000,0.0000,0.0000,0.0000,78,0,0,0,0,215,0,0,0,0
zc,TA209,2012-06-21 09:03:11.707,7116.0000,455884,18,0.0000,50.0000,34,16,空开,S,7114.0000,0.0000,0.0000,0.0000,0.0000,7116.0000,0.0000,0.0000,0.0000,0.0000,68,0,0,0,0,243,0,0,0,0
zc,TA209,2012-06-21 09:03:12.503,7116.0000,455904,20,0.0000,26.0000,23,3,空开,S,7114.0000,0.0000,0.0000,0.0000,0.0000,7116.0000,0.0000,0.0000,0.0000,0.0000,57,0,0,0,0,253,0,0,0,0
zc,TA209,2012-06-21 09:03:13.003,7116.0000,455920,16,0.0000,166.0000,91,75,空开,S,7114.0000,0.0000,0.0000,0.0000,0.0000,7116.0000,0.0000,0.0000,0.0000,0.0000,60,0,0,0,0,177,0,0,0,0
zc,TA209,2012-06-21 09:03:13.753,7116.0000,456016,96,0.0000,248.0000,172,76,空开,S,7114.0000,0.0000,0.0000,0.0000,0.0000,7116.0000,0.0000,0.0000,0.0000,0.0000,8,0,0,0,0,142,0,0,0,0
zc,TA209,2012-06-21 09:03:14.253,7116.0000,455968,-48,0.0000,60.0000,6,54,多平,S,7114.0000,0.0000,0.0000,0.0000,0.0000,7116.0000,0.0000,0.0000,0.0000,0.0000,6,0,0,0,0,185,0,0,0,0
zc,TA209,2012-06-21 09:03:14.783,7116.0000,455954,-14,0.0000,54.0000,20,34,多平,S,7114.0000,0.0000,0.0000,0.0000,0.0000,7116.0000,0.0000,0.0000,0.0000,0.0000,113,0,0,0,0,194,0,0,0,0
zc,TA209,2012-06-21 09:03:15.253,7116.0000,455936,-18,0.0000,180.0000,81,99,多平,S,7114.0000,0.0000,0.0000,0.0000,0.0000,7116.0000,0.0000,0.0000,0.0000,0.0000,108,0,0,0,0,80,0,0,0,0
zc,TA209,2012-06-21 09:03:16.020,7116.0000,455938,2,0.0000,12.0000,7,5,空开,S,7114.0000,0.0000,0.0000,0.0000,0.0000,7116.0000,0.0000,0.0000,0.0000,0.0000,108,0,0,0,0,77,0,0,0,0
zc,TA209,2012-06-21 09:03:16.737,7114.0000,456130,192,0.0000,236.0000,214,22,空开,S,7112.0000,0.0000,0.0000,0.0000,0.0000,7114.0000,0.0000,0.0000,0.0000,0.0000,22,0,0,0,0,108,0,0,0,0
zc,TA209,2012-06-21 09:03:17.270,7114.0000,456154,24,0.0000,80.0000,52,28,空开,S,7112.0000,0.0000,0.0000,0.0000,0.0000,7114.0000,0.0000,0.0000,0.0000,0.0000,28,0,0,0,0,79,0,0,0,0
zc,TA209,2012-06-21 09:03:17.987,7114.0000,456154,0,0.0000,8.0000,4,4,空换,S,7112.0000,0.0000,0.0000,0.0000,0.0000,7114.0000,0.0000,0.0000,0.0000,0.0000,34,0,0,0,0,128,0,0,0,0
zc,TA209,2012-06-21 09:03:18.237,7114.0000,456184,30,0.0000,96.0000,63,33,空开,S,7112.0000,0.0000,0.0000,0.0000,0.0000,7114.0000,0.0000,0.0000,0.0000,0.0000,19,0,0,0,0,97,0,0,0,0
zc,TA209,2012-06-21 09:03:19.003,7112.0000,456206,22,0.0000,22.0000,22,0,双开,S,7112.0000,0.0000,0.0000,0.0000,0.0000,7114.0000,0.0000,0.0000,0.0000,0.0000,88,0,0,0,0,99,0,0,0,0
zc,TA209,2012-06-21 09:03:19.487,7116.0000,456120,-86,0.0000,824.0000,369,455,空平,B,7116.0000,0.0000,0.0000,0.0000,0.0000,7118.0000,0.0000,0.0000,0.0000,0.0000,89,0,0,0,0,419,0,0,0,0
zc,TA209,2012-06-21 09:03:20.237,7116.0000,456114,-6,0.0000,26.0000,10,16,空平,B,7116.0000,0.0000,0.0000,0.0000,0.0000,7118.0000,0.0000,0.0000,0.0000,0.0000,76,0,0,0,0,420,0,0,0,0
zc,TA209,2012-06-21 09:03:20.770,7116.0000,456114,0,0.0000,34.0000,17,17,多换,B,7116.0000,0.0000,0.0000,0.0000,0.0000,7118.0000,0.0000,0.0000,0.0000,0.0000,61,0,0,0,0,420,0,0,0,0
zc,TA209,2012-06-21 09:03:21.487,7116.0000,456084,-30,0.0000,50.0000,10,40,空平,B,7116.0000,0.0000,0.0000,0.0000,0.0000,7118.0000,0.0000,0.0000,0.0000,0.0000,46,0,0,0,0,409,0,0,0,0
zc,TA209,2012-06-21 09:03:21.987,7112.0000,456092,8,0.0000,124.0000,66,58,空开,S,7112.0000,0.0000,0.0000,0.0000,0.0000,7116.0000,0.0000,0.0000,0.0000,0.0000,107,0,0,0,0,69,0,0,0,0
zc,TA209,2012-06-21 09:03:22.520,7116.0000,456092,0,0.0000,4.0000,2,2,多换,B,7114.0000,0.0000,0.0000,0.0000,0.0000,7116.0000,0.0000,0.0000,0.0000,0.0000,15,0,0,0,0,167,0,0,0,0
zc,TA209,2012-06-21 09:03:23.270,7118.0000,456092,0,0.0000,642.0000,321,321,多换,B,7114.0000,0.0000,0.0000,0.0000,0.0000,7116.0000,0.0000,0.0000,0.0000,0.0000,182,0,0,0,0,1,0,0,0,0
zc,TA209,2012-06-21 09:03:23.737,7116.0000,456114,22,0.0000,34.0000,28,6,空开,S,7114.0000,0.0000,0.0000,0.0000,0.0000,7116.0000,0.0000,0.0000,0.0000,0.0000,240,0,0,0,0,520,0,0,0,0
zc,TA209,2012-06-21 09:03:24.503,7114.0000,456132,18,0.0000,88.0000,53,35,空开,S,7114.0000,0.0000,0.0000,0.0000,0.0000,7116.0000,0.0000,0.0000,0.0000,0.0000,184,0,0,0,0,514,0,0,0,0
zc,TA209,2012-06-21 09:03:24.987,7116.0000,456138,6,0.0000,82.0000,44,38,多开,B,7114.0000,0.0000,0.0000,0.0000,0.0000,7116.0000,0.0000,0.0000,0.0000,0.0000,136,0,0,0,0,526,0,0,0,0
zc,TA209,2012-06-21 09:03:25.737,7114.0000,456138,0,0.0000,88.0000,44,44,空换,S,7114.0000,0.0000,0.0000,0.0000,0.0000,7116.0000,0.0000,0.0000,0.0000,0.0000,94,0,0,0,0,562,0,0,0,0
zc,TA209,2012-06-21 09:03:26.520,7116.0000,456108,-30,0.0000,90.0000,30,60,空平,B,7114.0000,0.0000,0.0000,0.0000,0.0000,7116.0000,0.0000,0.0000,0.0000,0.0000,69,0,0,0,0,548,0,0,0,0
zc,TA209,2012-06-21 09:03:27.237,7114.0000,456110,2,0.0000,132.0000,67,65,空开,S,7114.0000,0.0000,0.0000,0.0000,0.0000,7116.0000,0.0000,0.0000,0.0000,0.0000,20,0,0,0,0,540,0,0,0,0
zc,TA209,2012-06-21 09:03:27.707,7114.0000,456118,8,0.0000,142.0000,75,67,空开,S,7112.0000,0.0000,0.0000,0.0000,0.0000,7114.0000,0.0000,0.0000,0.0000,0.0000,119,0,0,0,0,17,0,0,0,0
zc,TA209,2012-06-21 09:03:28.223,7112.0000,456118,0,0.0000,4.0000,2,2,空换,S,7112.0000,0.0000,0.0000,0.0000,0.0000,7114.0000,0.0000,0.0000,0.0000,0.0000,117,0,0,0,0,69,0,0,0,0
zc,TA209,2012-06-21 09:03:28.783,7112.0000,456170,52,0.0000,60.0000,56,4,空开,S,7112.0000,0.0000,0.0000,0.0000,0.0000,7114.0000,0.0000,0.0000,0.0000,0.0000,117,0,0,0,0,60,0,0,0,0
zc,TA209,2012-06-21 09:03:29.783,7116.0000,455980,-190,0.0000,2094.0000,952,1142,空平,B,7116.0000,0.0000,0.0000,0.0000,0.0000,7118.0000,0.0000,0.0000,0.0000,0.0000,57,0,0,0,0,85,0,0,0,0
zc,TA209,2012-06-21 09:03:30.003,7114.0000,455898,-82,0.0000,124.0000,21,103,多平,S,7112.0000,0.0000,0.0000,0.0000,0.0000,7116.0000,0.0000,0.0000,0.0000,0.0000,114,0,0,0,0,159,0,0,0,0
zc,TA209,2012-06-21 09:03:30.737,7114.0000,455914,16,0.0000,24.0000,20,4,空开,S,7112.0000,0.0000,0.0000,0.0000,0.0000,7114.0000,0.0000,0.0000,0.0000,0.0000,186,0,0,0,0,2,0,0,0,0
zc,TA209,2012-06-21 09:03:31.253,7114.0000,455922,8,0.0000,10.0000,9,1,空开,S,7114.0000,0.0000,0.0000,0.0000,0.0000,7116.0000,0.0000,0.0000,0.0000,0.0000,8,0,0,0,0,275,0,0,0,0
zc,TA209,2012-06-21 09:03:31.753,7116.0000,455942,20,0.0000,54.0000,37,17,多开,B,7114.0000,0.0000,0.0000,0.0000,0.0000,7116.0000,0.0000,0.0000,0.0000,0.0000,47,0,0,0,0,313,0,0,0,0
zc,TA209,2012-06-21 09:03:32.487,7114.0000,455962,20,0.0000,44.0000,32,12,空开,S,7114.0000,0.0000,0.0000,0.0000,0.0000,7116.0000,0.0000,0.0000,0.0000,0.0000,86,0,0,0,0,313,0,0,0,0
zc,TA209,2012-06-21 09:03:33.003,7114.0000,455972,10,0.0000,12.0000,11,1,空开,S,7114.0000,0.0000,0.0000,0.0000,0.0000,7116.0000,0.0000,0.0000,0.0000,0.0000,145,0,0,0,0,313,0,0,0,0
zc,TA209,2012-06-21 09:03:33.753,7116.0000,455982,10,0.0000,34.0000,22,12,多开,B,7114.0000,0.0000,0.0000,0.0000,0.0000,7116.0000,0.0000,0.0000,0.0000,0.0000,123,0,0,0,0,317,0,0,0,0
zc,TA209,2012-06-21 09:03:34.237,7114.0000,455942,-40,0.0000,50.0000,5,45,多平,S,7114.0000,0.0000,0.0000,0.0000,0.0000,7116.0000,0.0000,0.0000,0.0000,0.0000,150,0,0,0,0,318,0,0,0,0
zc,TA209,2012-06-21 09:03:35.020,7114.0000,455934,-8,0.0000,38.0000,15,23,多平,S,7114.0000,0.0000,0.0000,0.0000,0.0000,7116.0000,0.0000,0.0000,0.0000,0.0000,141,0,0,0,0,322,0,0,0,0
zc,TA209,2012-06-21 09:03:35.503,7116.0000,455956,22,0.0000,164.0000,93,71,多开,B,7114.0000,0.0000,0.0000,0.0000,0.0000,7116.0000,0.0000,0.0000,0.0000,0.0000,208,0,0,0,0,241,0,0,0,0
zc,TA209,2012-06-21 09:03:36.253,7116.0000,455976,20,0.0000,192.0000,106,86,多开,B,7114.0000,0.0000,0.0000,0.0000,0.0000,7116.0000,0.0000,0.0000,0.0000,0.0000,132,0,0,0,0,235,0,0,0,0
zc,TA209,2012-06-21 09:03:36.487,7114.0000,455984,8,0.0000,86.0000,47,39,空开,S,7114.0000,0.0000,0.0000,0.0000,0.0000,7116.0000,0.0000,0.0000,0.0000,0.0000,237,0,0,0,0,209,0,0,0,0
zc,TA209,2012-06-21 09:03:37.270,7116.0000,455992,8,0.0000,48.0000,28,20,多开,B,7114.0000,0.0000,0.0000,0.0000,0.0000,7116.0000,0.0000,0.0000,0.0000,0.0000,222,0,0,0,0,207,0,0,0,0
zc,TA209,2012-06-21 09:03:37.737,7116.0000,455918,-74,0.0000,212.0000,69,143,空平,B,7114.0000,0.0000,0.0000,0.0000,0.0000,7116.0000,0.0000,0.0000,0.0000,0.0000,177,0,0,0,0,168,0,0,0,0
zc,TA209,2012-06-21 09:03:38.487,7114.0000,455886,-32,0.0000,50.0000,9,41,多平,S,7114.0000,0.0000,0.0000,0.0000,0.0000,7116.0000,0.0000,0.0000,0.0000,0.0000,156,0,0,0,0,168,0,0,0,0
zc,TA209,2012-06-21 09:03:39.033,7114.0000,455890,4,0.0000,334.0000,169,165,空开,S,7112.0000,0.0000,0.0000,0.0000,0.0000,7114.0000,0.0000,0.0000,0.0000,0.0000,160,0,0,0,0,1,0,0,0,0
zc,TA209,2012-06-21 09:03:39.520,7114.0000,455896,6,0.0000,424.0000,215,209,空开,S,7112.0000,0.0000,0.0000,0.0000,0.0000,7114.0000,0.0000,0.0000,0.0000,0.0000,85,0,0,0,0,90,0,0,0,0
zc,TA209,2012-06-21 09:03:40.223,7114.0000,455902,6,0.0000,136.0000,71,65,空开,S,7112.0000,0.0000,0.0000,0.0000,0.0000,7114.0000,0.0000,0.0000,0.0000,0.0000,84,0,0,0,0,22,0,0,0,0
zc,TA209,2012-06-21 09:03:40.487,7114.0000,455908,6,0.0000,10.0000,8,2,空开,S,7112.0000,0.0000,0.0000,0.0000,0.0000,7114.0000,0.0000,0.0000,0.0000,0.0000,85,0,0,0,0,25,0,0,0,0
zc,TA209,2012-06-21 09:03:41.237,7114.0000,455926,18,0.0000,24.0000,21,3,空开,S,7112.0000,0.0000,0.0000,0.0000,0.0000,7114.0000,0.0000,0.0000,0.0000,0.0000,75,0,0,0,0,28,0,0,0,0
zc,TA209,2012-06-21 09:03:41.753,7112.0000,455886,-40,0.0000,218.0000,89,129,多平,S,7112.0000,0.0000,0.0000,0.0000,0.0000,7116.0000,0.0000,0.0000,0.0000,0.0000,67,0,0,0,0,108,0,0,0,0
zc,TA209,2012-06-21 09:03:42.503,7114.0000,455886,0,0.0000,6.0000,3,3,多换,B,7112.0000,0.0000,0.0000,0.0000,0.0000,7114.0000,0.0000,0.0000,0.0000,0.0000,68,0,0,0,0,1,0,0,0,0
zc,TA209,2012-06-21 09:03:43.003,7116.0000,455674,-212,0.0000,354.0000,71,283,空平,B,7116.0000,0.0000,0.0000,0.0000,0.0000,7118.0000,0.0000,0.0000,0.0000,0.0000,323,0,0,0,0,102,0,0,0,0
zc,TA209,2012-06-21 09:03:43.533,7116.0000,455654,-20,0.0000,26.0000,3,23,空平,B,7116.0000,0.0000,0.0000,0.0000,0.0000,7118.0000,0.0000,0.0000,0.0000,0.0000,311,0,0,0,0,104,0,0,0,0
zc,TA209,2012-06-21 09:03:44.253,7116.0000,455630,-24,0.0000,52.0000,14,38,空平,B,7116.0000,0.0000,0.0000,0.0000,0.0000,7118.0000,0.0000,0.0000,0.0000,0.0000,290,0,0,0,0,99,0,0,0,0
zc,TA209,2012-06-21 09:03:44.737,7116.0000,455612,-18,0.0000,66.0000,24,42,空平,B,7116.0000,0.0000,0.0000,0.0000,0.0000,7118.0000,0.0000,0.0000,0.0000,0.0000,281,0,0,0,0,91,0,0,0,0
zc,TA209,2012-06-21 09:03:45.503,7116.0000,455576,-36,0.0000,228.0000,96,132,空平,B,7116.0000,0.0000,0.0000,0.0000,0.0000,7118.0000,0.0000,0.0000,0.0000,0.0000,246,0,0,0,0,116,0,0,0,0
zc,TA209,2012-06-21 09:03:45.723,7118.0000,455564,-12,0.0000,40.0000,14,26,空平,B,7116.0000,0.0000,0.0000,0.0000,0.0000,7118.0000,0.0000,0.0000,0.0000,0.0000,246,0,0,0,0,96,0,0,0,0
zc,TA209,2012-06-21 09:03:46.473,7118.0000,455632,68,0.0000,194.0000,131,63,多开,B,7118.0000,0.0000,0.0000,0.0000,0.0000,7120.0000,0.0000,0.0000,0.0000,0.0000,49,0,0,0,0,488,0,0,0,0
zc,TA209,2012-06-21 09:03:46.973,7116.0000,455430,-202,0.0000,204.0000,1,203,多平,S,7116.0000,0.0000,0.0000,0.0000,0.0000,7120.0000,0.0000,0.0000,0.0000,0.0000,192,0,0,0,0,504,0,0,0,0
zc,TA209,2012-06-21 09:03:47.723,7120.0000,455444,14,0.0000,28.0000,21,7,多开,B,7118.0000,0.0000,0.0000,0.0000,0.0000,7120.0000,0.0000,0.0000,0.0000,0.0000,93,0,0,0,0,497,0,0,0,0
zc,TA209,2012-06-21 09:03:48.270,7118.0000,455470,26,0.0000,36.0000,31,5,空开,S,7118.0000,0.0000,0.0000,0.0000,0.0000,7120.0000,0.0000,0.0000,0.0000,0.0000,80,0,0,0,0,496,0,0,0,0
zc,TA209,2012-06-21 09:03:48.737,7120.0000,455488,18,0.0000,74.0000,46,28,多开,B,7118.0000,0.0000,0.0000,0.0000,0.0000,7120.0000,0.0000,0.0000,0.0000,0.0000,57,0,0,0,0,494,0,0,0,0
zc,TA209,2012-06-21 09:03:49.487,7120.0000,455540,52,0.0000,112.0000,82,30,多开,B,7118.0000,0.0000,0.0000,0.0000,0.0000,7120.0000,0.0000,0.0000,0.0000,0.0000,104,0,0,0,0,459,0,0,0,0
zc,TA209,2012-06-21 09:03:49.723,7120.0000,455676,136,0.0000,262.0000,199,63,多开,B,7118.0000,0.0000,0.0000,0.0000,0.0000,7120.0000,0.0000,0.0000,0.0000,0.0000,37,0,0,0,0,402,0,0,0,0
zc,TA209,2012-06-21 09:03:50.783,7120.0000,455700,24,0.0000,420.0000,222,198,多开,B,7118.0000,0.0000,0.0000,0.0000,0.0000,7120.0000,0.0000,0.0000,0.0000,0.0000,25,0,0,0,0,236,0,0,0,0
zc,TA209,2012-06-21 09:03:51.223,7118.0000,455676,-24,0.0000,70.0000,23,47,多平,S,7118.0000,0.0000,0.0000,0.0000,0.0000,7120.0000,0.0000,0.0000,0.0000,0.0000,1,0,0,0,0,251,0,0,0,0
zc,TA209,2012-06-21 09:03:51.783,7118.0000,455738,62,0.0000,106.0000,84,22,空开,S,7118.0000,0.0000,0.0000,0.0000,0.0000,7120.0000,0.0000,0.0000,0.0000,0.0000,5,0,0,0,0,254,0,0,0,0
zc,TA209,2012-06-21 09:03:52.253,7118.0000,455836,98,0.0000,148.0000,123,25,空开,S,7116.0000,0.0000,0.0000,0.0000,0.0000,7118.0000,0.0000,0.0000,0.0000,0.0000,211,0,0,0,0,104,0,0,0,0
zc,TA209,2012-06-21 09:03:53.020,7118.0000,455858,22,0.0000,30.0000,26,4,空开,S,7116.0000,0.0000,0.0000,0.0000,0.0000,7118.0000,0.0000,0.0000,0.0000,0.0000,305,0,0,0,0,99,0,0,0,0
zc,TA209,2012-06-21 09:03:53.550,7116.0000,455864,6,0.0000,132.0000,69,63,空开,S,7116.0000,0.0000,0.0000,0.0000,0.0000,7118.0000,0.0000,0.0000,0.0000,0.0000,303,0,0,0,0,113,0,0,0,0
zc,TA209,2012-06-21 09:03:54.003,7118.0000,455902,38,0.0000,40.0000,39,1,多开,B,7116.0000,0.0000,0.0000,0.0000,0.0000,7118.0000,0.0000,0.0000,0.0000,0.0000,303,0,0,0,0,98,0,0,0,0
zc,TA209,2012-06-21 09:03:54.770,7116.0000,455910,8,0.0000,610.0000,309,301,空开,S,7116.0000,0.0000,0.0000,0.0000,0.0000,7118.0000,0.0000,0.0000,0.0000,0.0000,80,0,0,0,0,24,0,0,0,0
zc,TA209,2012-06-21 09:03:55.253,7116.0000,456036,126,0.0000,444.0000,285,159,空开,S,7118.0000,0.0000,0.0000,0.0000,0.0000,7120.0000,0.0000,0.0000,0.0000,0.0000,1,0,0,0,0,148,0,0,0,0
zc,TA209,2012-06-21 09:03:56.003,7118.0000,456080,44,0.0000,102.0000,73,29,多开,B,7116.0000,0.0000,0.0000,0.0000,0.0000,7118.0000,0.0000,0.0000,0.0000,0.0000,77,0,0,0,0,49,0,0,0,0
zc,TA209,2012-06-21 09:03:56.503,7118.0000,456168,88,0.0000,108.0000,98,10,多开,B,7116.0000,0.0000,0.0000,0.0000,0.0000,7118.0000,0.0000,0.0000,0.0000,0.0000,174,0,0,0,0,15,0,0,0,0
zc,TA209,2012-06-21 09:03:57.270,7116.0000,456174,6,0.0000,14.0000,10,4,空开,S,7116.0000,0.0000,0.0000,0.0000,0.0000,7118.0000,0.0000,0.0000,0.0000,0.0000,173,0,0,0,0,6,0,0,0,0
zc,TA209,2012-06-21 09:03:57.473,7118.0000,456244,70,0.0000,90.0000,80,10,多开,B,7116.0000,0.0000,0.0000,0.0000,0.0000,7118.0000,0.0000,0.0000,0.0000,0.0000,168,0,0,0,0,4,0,0,0,0
zc,TA209,2012-06-21 09:03:58.253,7118.0000,456254,10,0.0000,56.0000,33,23,多开,B,7118.0000,0.0000,0.0000,0.0000,0.0000,7120.0000,0.0000,0.0000,0.0000,0.0000,56,0,0,0,0,183,0,0,0,0
zc,TA209,2012-06-21 09:03:58.753,7118.0000,456252,-2,0.0000,56.0000,27,29,空平,B,7118.0000,0.0000,0.0000,0.0000,0.0000,7120.0000,0.0000,0.0000,0.0000,0.0000,231,0,0,0,0,188,0,0,0,0
zc,TA209,2012-06-21 09:03:59.503,7118.0000,456164,-88,0.0000,486.0000,199,287,空平,B,7116.0000,0.0000,0.0000,0.0000,0.0000,7118.0000,0.0000,0.0000,0.0000,0.0000,201,0,0,0,0,211,0,0,0,0
zc,TA209,2012-06-21 09:03:59.987,7120.0000,456142,-22,0.0000,666.0000,322,344,空平,B,7118.0000,0.0000,0.0000,0.0000,0.0000,7120.0000,0.0000,0.0000,0.0000,0.0000,36,0,0,0,0,75,0,0,0,0
zc,TA209,2012-06-21 09:04:00.503,7120.0000,456162,20,0.0000,28.0000,24,4,多开,B,7118.0000,0.0000,0.0000,0.0000,0.0000,7120.0000,0.0000,0.0000,0.0000,0.0000,41,0,0,0,0,85,0,0,0,0
zc,TA209,2012-06-21 09:04:01.237,7118.0000,456166,4,0.0000,48.0000,26,22,空开,S,7118.0000,0.0000,0.0000,0.0000,0.0000,7120.0000,0.0000,0.0000,0.0000,0.0000,22,0,0,0,0,83,0,0,0,0
zc,TA209,2012-06-21 09:04:01.770,7120.0000,456200,34,0.0000,84.0000,59,25,多开,B,7118.0000,0.0000,0.0000,0.0000,0.0000,7120.0000,0.0000,0.0000,0.0000,0.0000,4,0,0,0,0,104,0,0,0,0
zc,TA209,2012-06-21 09:04:02.473,7118.0000,456180,-20,0.0000,28.0000,4,24,多平,S,7118.0000,0.0000,0.0000,0.0000,0.0000,7120.0000,0.0000,0.0000,0.0000,0.0000,68,0,0,0,0,121,0,0,0,0
zc,TA209,2012-06-21 09:04:03.033,7118.0000,456288,108,0.0000,126.0000,117,9,空开,S,7118.0000,0.0000,0.0000,0.0000,0.0000,7120.0000,0.0000,0.0000,0.0000,0.0000,79,0,0,0,0,125,0,0,0,0
zc,TA209,2012-06-21 09:04:03.723,7120.0000,456292,4,0.0000,48.0000,26,22,多开,B,7118.0000,0.0000,0.0000,0.0000,0.0000,7120.0000,0.0000,0.0000,0.0000,0.0000,840,0,0,0,0,109,0,0,0,0
zc,TA209,2012-06-21 09:04:04.270,7120.0000,456270,-22,0.0000,716.0000,347,369,空平,B,7120.0000,0.0000,0.0000,0.0000,0.0000,7122.0000,0.0000,0.0000,0.0000,0.0000,67,0,0,0,0,276,0,0,0,0
zc,TA209,2012-06-21 09:04:05.067,7122.0000,456284,14,0.0000,88.0000,51,37,多开,B,7120.0000,0.0000,0.0000,0.0000,0.0000,7122.0000,0.0000,0.0000,0.0000,0.0000,83,0,0,0,0,265,0,0,0,0
zc,TA209,2012-06-21 09:04:05.520,7120.0000,456282,-2,0.0000,26.0000,12,14,多平,S,7120.0000,0.0000,0.0000,0.0000,0.0000,7122.0000,0.0000,0.0000,0.0000,0.0000,114,0,0,0,0,285,0,0,0,0
zc,TA209,2012-06-21 09:04:06.050,7122.0000,456160,-122,0.0000,296.0000,87,209,空平,B,7120.0000,0.0000,0.0000,0.0000,0.0000,7122.0000,0.0000,0.0000,0.0000,0.0000,83,0,0,0,0,167,0,0,0,0
zc,TA209,2012-06-21 09:04:06.533,7120.0000,456192,32,0.0000,242.0000,137,105,空开,S,7120.0000,0.0000,0.0000,0.0000,0.0000,7122.0000,0.0000,0.0000,0.0000,0.0000,268,0,0,0,0,65,0,0,0,0
zc,TA209,2012-06-21 09:04:07.283,7122.0000,456222,30,0.0000,194.0000,112,82,多开,B,7122.0000,0.0000,0.0000,0.0000,0.0000,7124.0000,0.0000,0.0000,0.0000,0.0000,148,0,0,0,0,277,0,0,0,0
zc,TA209,2012-06-21 09:04:07.753,7124.0000,456198,-24,0.0000,52.0000,14,38,空平,B,7122.0000,0.0000,0.0000,0.0000,0.0000,7124.0000,0.0000,0.0000,0.0000,0.0000,130,0,0,0,0,263,0,0,0,0
zc,TA209,2012-06-21 09:04:08.597,7122.0000,456006,-192,0.0000,232.0000,20,212,多平,S,7122.0000,0.0000,0.0000,0.0000,0.0000,7124.0000,0.0000,0.0000,0.0000,0.0000,37,0,0,0,0,257,0,0,0,0
zc,TA209,2012-06-21 09:04:09.270,7124.0000,456058,52,0.0000,140.0000,96,44,多开,B,7120.0000,0.0000,0.0000,0.0000,0.0000,7124.0000,0.0000,0.0000,0.0000,0.0000,302,0,0,0,0,239,0,0,0,0
zc,TA209,2012-06-21 09:04:09.753,7124.0000,456056,-2,0.0000,64.0000,31,33,空平,B,7122.0000,0.0000,0.0000,0.0000,0.0000,7124.0000,0.0000,0.0000,0.0000,0.0000,4,0,0,0,0,218,0,0,0,0
zc,TA209,2012-06-21 09:04:10.237,7124.0000,455998,-58,0.0000,212.0000,77,135,空平,B,7122.0000,0.0000,0.0000,0.0000,0.0000,7124.0000,0.0000,0.0000,0.0000,0.0000,1,0,0,0,0,270,0,0,0,0
zc,TA209,2012-06-21 09:04:11.050,7122.0000,456018,20,0.0000,96.0000,58,38,空开,S,7120.0000,0.0000,0.0000,0.0000,0.0000,7124.0000,0.0000,0.0000,0.0000,0.0000,222,0,0,0,0,248,0,0,0,0
zc,TA209,2012-06-21 09:04:11.520,7120.0000,456028,10,0.0000,36.0000,23,13,空开,S,7120.0000,0.0000,0.0000,0.0000,0.0000,7122.0000,0.0000,0.0000,0.0000,0.0000,221,0,0,0,0,50,0,0,0,0
zc,TA209,2012-06-21 09:04:11.973,7122.0000,456036,8,0.0000,36.0000,22,14,多开,B,7120.0000,0.0000,0.0000,0.0000,0.0000,7122.0000,0.0000,0.0000,0.0000,0.0000,215,0,0,0,0,198,0,0,0,0
zc,TA209,2012-06-21 09:04:12.770,7120.0000,456422,386,0.0000,442.0000,414,28,空开,S,7120.0000,0.0000,0.0000,0.0000,0.0000,7122.0000,0.0000,0.0000,0.0000,0.0000,509,0,0,0,0,95,0,0,0,0
zc,TA209,2012-06-21 09:04:13.253,7120.0000,456442,20,0.0000,52.0000,36,16,空开,S,7120.0000,0.0000,0.0000,0.0000,0.0000,7122.0000,0.0000,0.0000,0.0000,0.0000,489,0,0,0,0,76,0,0,0,0
zc,TA209,2012-06-21 09:04:13.723,7122.0000,456538,96,0.0000,182.0000,139,43,多开,B,7120.0000,0.0000,0.0000,0.0000,0.0000,7122.0000,0.0000,0.0000,0.0000,0.0000,432,0,0,0,0,48,0,0,0,0
zc,TA209,2012-06-21 09:04:14.533,7122.0000,456484,-54,0.0000,118.0000,32,86,空平,B,7120.0000,0.0000,0.0000,0.0000,0.0000,7122.0000,0.0000,0.0000,0.0000,0.0000,429,0,0,0,0,103,0,0,0,0
zc,TA209,2012-06-21 09:04:15.020,7120.0000,456492,8,0.0000,10.0000,9,1,空开,S,7120.0000,0.0000,0.0000,0.0000,0.0000,7122.0000,0.0000,0.0000,0.0000,0.0000,428,0,0,0,0,101,0,0,0,0
zc,TA209,2012-06-21 09:04:15.753,7122.0000,456516,24,0.0000,38.0000,31,7,多开,B,7120.0000,0.0000,0.0000,0.0000,0.0000,7122.0000,0.0000,0.0000,0.0000,0.0000,428,0,0,0,0,101,0,0,0,0
zc,TA209,2012-06-21 09:04:16.503,7122.0000,456414,-102,0.0000,296.0000,97,199,空平,B,7122.0000,0.0000,0.0000,0.0000,0.0000,7124.0000,0.0000,0.0000,0.0000,0.0000,71,0,0,0,0,282,0,0,0,0
zc,TA209,2012-06-21 09:04:17.003,7122.0000,456408,-6,0.0000,136.0000,65,71,空平,B,7122.0000,0.0000,0.0000,0.0000,0.0000,7124.0000,0.0000,0.0000,0.0000,0.0000,28,0,0,0,0,283,0,0,0,0
zc,TA209,2012-06-21 09:04:17.503,7124.0000,456418,10,0.0000,12.0000,11,1,多开,B,7122.0000,0.0000,0.0000,0.0000,0.0000,7124.0000,0.0000,0.0000,0.0000,0.0000,86,0,0,0,0,278,0,0,0,0
zc,TA209,2012-06-21 09:04:18.300,7122.0000,456422,4,0.0000,204.0000,104,100,空开,S,7120.0000,0.0000,0.0000,0.0000,0.0000,7122.0000,0.0000,0.0000,0.0000,0.0000,443,0,0,0,0,8,0,0,0,0
zc,TA209,2012-06-21 09:04:18.770,7122.0000,456434,12,0.0000,52.0000,32,20,空开,S,7120.0000,0.0000,0.0000,0.0000,0.0000,7122.0000,0.0000,0.0000,0.0000,0.0000,437,0,0,0,0,111,0,0,0,0
zc,TA209,2012-06-21 09:04:19.503,7120.0000,456522,88,0.0000,100.0000,94,6,空开,S,7120.0000,0.0000,0.0000,0.0000,0.0000,7122.0000,0.0000,0.0000,0.0000,0.0000,396,0,0,0,0,332,0,0,0,0
zc,TA209,2012-06-21 09:04:19.987,7122.0000,456480,-42,0.0000,124.0000,41,83,空平,B,7120.0000,0.0000,0.0000,0.0000,0.0000,7122.0000,0.0000,0.0000,0.0000,0.0000,416,0,0,0,0,340,0,0,0,0
zc,TA209,2012-06-21 09:04:21.003,7120.0000,456484,4,0.0000,352.0000,178,174,空开,S,7120.0000,0.0000,0.0000,0.0000,0.0000,7122.0000,0.0000,0.0000,0.0000,0.0000,300,0,0,0,0,361,0,0,0,0
zc,TA209,2012-06-21 09:04:21.520,7122.0000,456402,-82,0.0000,138.0000,28,110,空平,B,7120.0000,0.0000,0.0000,0.0000,0.0000,7122.0000,0.0000,0.0000,0.0000,0.0000,250,0,0,0,0,382,0,0,0,0
zc,TA209,2012-06-21 09:04:22.283,7120.0000,456544,142,0.0000,506.0000,324,182,空开,S,7118.0000,0.0000,0.0000,0.0000,0.0000,7120.0000,0.0000,0.0000,0.0000,0.0000,702,0,0,0,0,199,0,0,0,0
zc,TA209,2012-06-21 09:04:22.737,7120.0000,456548,4,0.0000,114.0000,59,55,空开,S,7118.0000,0.0000,0.0000,0.0000,0.0000,7120.0000,0.0000,0.0000,0.0000,0.0000,703,0,0,0,0,152,0,0,0,0
zc,TA209,2012-06-21 09:04:23.270,7120.0000,456556,8,0.0000,180.0000,94,86,空开,S,7118.0000,0.0000,0.0000,0.0000,0.0000,7120.0000,0.0000,0.0000,0.0000,0.0000,702,0,0,0,0,74,0,0,0,0
zc,TA209,2012-06-21 09:04:23.800,7120.0000,456554,-2,0.0000,22.0000,10,12,多平,S,7118.0000,0.0000,0.0000,0.0000,0.0000,7120.0000,0.0000,0.0000,0.0000,0.0000,700,0,0,0,0,87,0,0,0,0
zc,TA209,2012-06-21 09:04:24.533,7118.0000,456494,-60,0.0000,120.0000,30,90,多平,S,7118.0000,0.0000,0.0000,0.0000,0.0000,7120.0000,0.0000,0.0000,0.0000,0.0000,640,0,0,0,0,87,0,0,0,0
zc,TA209,2012-06-21 09:04:25.003,7120.0000,456522,28,0.0000,46.0000,37,9,多开,B,7118.0000,0.0000,0.0000,0.0000,0.0000,7120.0000,0.0000,0.0000,0.0000,0.0000,633,0,0,0,0,192,0,0,0,0
zc,TA209,2012-06-21 09:04:25.520,7120.0000,456526,4,0.0000,44.0000,24,20,多开,B,7118.0000,0.0000,0.0000,0.0000,0.0000,7120.0000,0.0000,0.0000,0.0000,0.0000,662,0,0,0,0,188,0,0,0,0
zc,TA209,2012-06-21 09:04:26.270,7120.0000,456552,26,0.0000,72.0000,49,23,多开,B,7118.0000,0.0000,0.0000,0.0000,0.0000,7120.0000,0.0000,0.0000,0.0000,0.0000,656,0,0,0,0,160,0,0,0,0
zc,TA209,2012-06-21 09:04:26.770,7118.0000,456554,2,0.0000,22.0000,12,10,空开,S,7118.0000,0.0000,0.0000,0.0000,0.0000,7120.0000,0.0000,0.0000,0.0000,0.0000,650,0,0,0,0,159,0,0,0,0
zc,TA209,2012-06-21 09:04:27.473,7120.0000,456542,-12,0.0000,14.0000,1,13,空平,B,7118.0000,0.0000,0.0000,0.0000,0.0000,7120.0000,0.0000,0.0000,0.0000,0.0000,653,0,0,0,0,168,0,0,0,0
zc,TA209,2012-06-21 09:04:27.723,7120.0000,456612,70,0.0000,282.0000,176,106,多开,B,7118.0000,0.0000,0.0000,0.0000,0.0000,7120.0000,0.0000,0.0000,0.0000,0.0000,547,0,0,0,0,149,0,0,0,0
zc,TA209,2012-06-21 09:04:28.520,7118.0000,456610,-2,0.0000,4.0000,1,3,多平,S,7118.0000,0.0000,0.0000,0.0000,0.0000,7120.0000,0.0000,0.0000,0.0000,0.0000,544,0,0,0,0,171,0,0,0,0
zc,TA209,2012-06-21 09:04:29.020,7120.0000,456514,-96,0.0000,376.0000,140,236,空平,B,7120.0000,0.0000,0.0000,0.0000,0.0000,7122.0000,0.0000,0.0000,0.0000,0.0000,113,0,0,0,0,309,0,0,0,0
zc,TA209,2012-06-21 09:04:29.783,7120.0000,456508,-6,0.0000,14.0000,4,10,空平,B,7120.0000,0.0000,0.0000,0.0000,0.0000,7122.0000,0.0000,0.0000,0.0000,0.0000,111,0,0,0,0,231,0,0,0,0
zc,TA209,2012-06-21 09:04:30.223,7120.0000,456500,-8,0.0000,50.0000,21,29,空平,B,7120.0000,0.0000,0.0000,0.0000,0.0000,7122.0000,0.0000,0.0000,0.0000,0.0000,87,0,0,0,0,196,0,0,0,0
zc,TA209,2012-06-21 09:04:31.020,7120.0000,456498,-2,0.0000,22.0000,10,12,空平,B,7120.0000,0.0000,0.0000,0.0000,0.0000,7122.0000,0.0000,0.0000,0.0000,0.0000,78,0,0,0,0,188,0,0,0,0
zc,TA209,2012-06-21 09:04:31.533,7120.0000,456366,-132,0.0000,164.0000,16,148,空平,B,7118.0000,0.0000,0.0000,0.0000,0.0000,7120.0000,0.0000,0.0000,0.0000,0.0000,547,0,0,0,0,330,0,0,0,0
zc,TA209,2012-06-21 09:04:32.020,7120.0000,456358,-8,0.0000,18.0000,5,13,空平,B,7118.0000,0.0000,0.0000,0.0000,0.0000,7120.0000,0.0000,0.0000,0.0000,0.0000,548,0,0,0,0,330,0,0,0,0
zc,TA209,2012-06-21 09:04:32.723,7120.0000,456342,-16,0.0000,16.0000,0,16,双平,B,7118.0000,0.0000,0.0000,0.0000,0.0000,7120.0000,0.0000,0.0000,0.0000,0.0000,548,0,0,0,0,331,0,0,0,0
zc,TA209,2012-06-21 09:04:33.253,7120.0000,456326,-16,0.0000,236.0000,110,126,空平,B,7118.0000,0.0000,0.0000,0.0000,0.0000,7120.0000,0.0000,0.0000,0.0000,0.0000,548,0,0,0,0,307,0,0,0,0
zc,TA209,2012-06-21 09:04:33.707,7120.0000,456326,0,0.0000,2.0000,1,1,多换,B,7118.0000,0.0000,0.0000,0.0000,0.0000,7120.0000,0.0000,0.0000,0.0000,0.0000,550,0,0,0,0,556,0,0,0,0
zc,TA209,2012-06-21 09:04:34.237,7120.0000,456326,0,0.0000,48.0000,24,24,多换,B,7118.0000,0.0000,0.0000,0.0000,0.0000,7120.0000,0.0000,0.0000,0.0000,0.0000,550,0,0,0,0,533,0,0,0,0
zc,TA209,2012-06-21 09:04:34.973,7118.0000,456288,-38,0.0000,62.0000,12,50,多平,S,7118.0000,0.0000,0.0000,0.0000,0.0000,7120.0000,0.0000,0.0000,0.0000,0.0000,542,0,0,0,0,570,0,0,0,0
zc,TA209,2012-06-21 09:04:35.487,7118.0000,456288,0,0.0000,54.0000,27,27,空换,S,7118.0000,0.0000,0.0000,0.0000,0.0000,7120.0000,0.0000,0.0000,0.0000,0.0000,530,0,0,0,0,766,0,0,0,0
zc,TA209,2012-06-21 09:04:36.237,7118.0000,456148,-140,0.0000,250.0000,55,195,多平,S,7118.0000,0.0000,0.0000,0.0000,0.0000,7120.0000,0.0000,0.0000,0.0000,0.0000,475,0,0,0,0,700,0,0,0,0
zc,TA209,2012-06-21 09:04:36.737,7118.0000,456148,0,0.0000,324.0000,162,162,空换,S,7118.0000,0.0000,0.0000,0.0000,0.0000,7120.0000,0.0000,0.0000,0.0000,0.0000,313,0,0,0,0,700,0,0,0,0
zc,TA209,2012-06-21 09:04:37.207,7118.0000,456104,-44,0.0000,170.0000,63,107,多平,S,7118.0000,0.0000,0.0000,0.0000,0.0000,7120.0000,0.0000,0.0000,0.0000,0.0000,241,0,0,0,0,690,0,0,0,0
zc,TA209,2012-06-21 09:04:38.033,7120.0000,456096,-8,0.0000,402.0000,197,205,空平,B,7118.0000,0.0000,0.0000,0.0000,0.0000,7120.0000,0.0000,0.0000,0.0000,0.0000,77,0,0,0,0,671,0,0,0,0
zc,TA209,2012-06-21 09:04:38.520,7118.0000,456156,60,0.0000,178.0000,119,59,空开,S,7118.0000,0.0000,0.0000,0.0000,0.0000,7120.0000,0.0000,0.0000,0.0000,0.0000,3,0,0,0,0,671,0,0,0,0
zc,TA209,2012-06-21 09:04:39.223,7118.0000,456164,8,0.0000,16.0000,12,4,空开,S,7116.0000,0.0000,0.0000,0.0000,0.0000,7118.0000,0.0000,0.0000,0.0000,0.0000,502,0,0,0,0,6,0,0,0,0
zc,TA209,2012-06-21 09:04:39.753,7118.0000,456164,0,0.0000,0.0000,0,0,空换,S,7116.0000,0.0000,0.0000,0.0000,0.0000,7118.0000,0.0000,0.0000,0.0000,0.0000,502,0,0,0,0,141,0,0,0,0
zc,TA209,2012-06-21 09:04:40.253,7116.0000,456176,12,0.0000,18.0000,15,3,空开,S,7116.0000,0.0000,0.0000,0.0000,0.0000,7118.0000,0.0000,0.0000,0.0000,0.0000,500,0,0,0,0,144,0,0,0,0
zc,TA209,2012-06-21 09:04:40.973,7118.0000,456150,-26,0.0000,32.0000,3,29,空平,B,7116.0000,0.0000,0.0000,0.0000,0.0000,7118.0000,0.0000,0.0000,0.0000,0.0000,498,0,0,0,0,134,0,0,0,0
zc,TA209,2012-06-21 09:04:41.520,7116.0000,456146,-4,0.0000,32.0000,14,18,多平,S,7116.0000,0.0000,0.0000,0.0000,0.0000,7118.0000,0.0000,0.0000,0.0000,0.0000,483,0,0,0,0,130,0,0,0,0
zc,TA209,2012-06-21 09:04:41.987,7118.0000,456220,74,0.0000,360.0000,217,143,多开,B,7118.0000,0.0000,0.0000,0.0000,0.0000,7120.0000,0.0000,0.0000,0.0000,0.0000,62,0,0,0,0,709,0,0,0,0
zc,TA209,2012-06-21 09:04:42.723,7118.0000,456224,4,0.0000,12.0000,8,4,多开,B,7118.0000,0.0000,0.0000,0.0000,0.0000,7120.0000,0.0000,0.0000,0.0000,0.0000,559,0,0,0,0,680,0,0,0,0
zc,TA209,2012-06-21 09:04:43.253,7118.0000,456248,24,0.0000,70.0000,47,23,多开,B,7118.0000,0.0000,0.0000,0.0000,0.0000,7120.0000,0.0000,0.0000,0.0000,0.0000,599,0,0,0,0,680,0,0,0,0
zc,TA209,2012-06-21 09:04:44.033,7118.0000,456290,42,0.0000,70.0000,56,14,多开,B,7118.0000,0.0000,0.0000,0.0000,0.0000,7120.0000,0.0000,0.0000,0.0000,0.0000,569,0,0,0,0,679,0,0,0,0
zc,TA209,2012-06-21 09:04:44.520,7118.0000,456288,-2,0.0000,10.0000,4,6,空平,B,7118.0000,0.0000,0.0000,0.0000,0.0000,7120.0000,0.0000,0.0000,0.0000,0.0000,568,0,0,0,0,700,0,0,0,0
zc,TA209,2012-06-21 09:04:45.003,7118.0000,456282,-6,0.0000,432.0000,213,219,空平,B,7118.0000,0.0000,0.0000,0.0000,0.0000,7120.0000,0.0000,0.0000,0.0000,0.0000,353,0,0,0,0,707,0,0,0,0
zc,TA209,2012-06-21 09:04:45.737,7118.0000,456240,-42,0.0000,90.0000,24,66,空平,B,7118.0000,0.0000,0.0000,0.0000,0.0000,7120.0000,0.0000,0.0000,0.0000,0.0000,387,0,0,0,0,716,0,0,0,0
zc,TA209,2012-06-21 09:04:46.270,7118.0000,456156,-84,0.0000,158.0000,37,121,空平,B,7118.0000,0.0000,0.0000,0.0000,0.0000,7120.0000,0.0000,0.0000,0.0000,0.0000,340,0,0,0,0,699,0,0,0,0
zc,TA209,2012-06-21 09:04:46.987,7120.0000,456156,0,0.0000,10.0000,5,5,多换,B,7118.0000,0.0000,0.0000,0.0000,0.0000,7120.0000,0.0000,0.0000,0.0000,0.0000,355,0,0,0,0,696,0,0,0,0
zc,TA209,2012-06-21 09:04:47.487,7118.0000,455718,-438,0.0000,506.0000,34,472,多平,S,7118.0000,0.0000,0.0000,0.0000,0.0000,7120.0000,0.0000,0.0000,0.0000,0.0000,110,0,0,0,0,710,0,0,0,0
zc,TA209,2012-06-21 09:04:47.987,7118.0000,455728,10,0.0000,170.0000,90,80,空开,S,7118.0000,0.0000,0.0000,0.0000,0.0000,7120.0000,0.0000,0.0000,0.0000,0.0000,79,0,0,0,0,711,0,0,0,0
zc,TA209,2012-06-21 09:04:48.520,7118.0000,455812,84,0.0000,214.0000,149,65,空开,S,7116.0000,0.0000,0.0000,0.0000,0.0000,7118.0000,0.0000,0.0000,0.0000,0.0000,559,0,0,0,0,106,0,0,0,0
zc,TA209,2012-06-21 09:04:49.270,7116.0000,455838,26,0.0000,36.0000,31,5,空开,S,7116.0000,0.0000,0.0000,0.0000,0.0000,7118.0000,0.0000,0.0000,0.0000,0.0000,553,0,0,0,0,119,0,0,0,0
zc,TA209,2012-06-21 09:04:49.753,7116.0000,455902,64,0.0000,96.0000,80,16,空开,S,7116.0000,0.0000,0.0000,0.0000,0.0000,7118.0000,0.0000,0.0000,0.0000,0.0000,315,0,0,0,0,118,0,0,0,0
zc,TA209,2012-06-21 09:04:50.487,7118.0000,455924,22,0.0000,22.0000,22,0,双开,B,7116.0000,0.0000,0.0000,0.0000,0.0000,7118.0000,0.0000,0.0000,0.0000,0.0000,314,0,0,0,0,933,0,0,0,0
zc,TA209,2012-06-21 09:04:51.270,7116.0000,455930,6,0.0000,16.0000,11,5,空开,S,7116.0000,0.0000,0.0000,0.0000,0.0000,7118.0000,0.0000,0.0000,0.0000,0.0000,312,0,0,0,0,960,0,0,0,0
zc,TA209,2012-06-21 09:04:51.520,7116.0000,456028,98,0.0000,116.0000,107,9,空开,S,7116.0000,0.0000,0.0000,0.0000,0.0000,7118.0000,0.0000,0.0000,0.0000,0.0000,260,0,0,0,0,957,0,0,0,0
zc,TA209,2012-06-21 09:04:52.253,7116.0000,456066,38,0.0000,64.0000,51,13,空开,S,7116.0000,0.0000,0.0000,0.0000,0.0000,7118.0000,0.0000,0.0000,0.0000,0.0000,232,0,0,0,0,945,0,0,0,0
zc,TA209,2012-06-21 09:04:52.753,7118.0000,456144,78,0.0000,96.0000,87,9,多开,B,7116.0000,0.0000,0.0000,0.0000,0.0000,7118.0000,0.0000,0.0000,0.0000,0.0000,219,0,0,0,0,910,0,0,0,0
zc,TA209,2012-06-21 09:04:53.473,7114.0000,455846,-298,0.0000,742.0000,222,520,多平,S,7114.0000,0.0000,0.0000,0.0000,0.0000,7116.0000,0.0000,0.0000,0.0000,0.0000,108,0,0,0,0,53,0,0,0,0
zc,TA209,2012-06-21 09:04:54.003,7114.0000,455862,16,0.0000,24.0000,20,4,空开,S,7114.0000,0.0000,0.0000,0.0000,0.0000,7116.0000,0.0000,0.0000,0.0000,0.0000,96,0,0,0,0,118,0,0,0,0
zc,TA209,2012-06-21 09:04:54.737,7116.0000,455862,0,0.0000,8.0000,4,4,多换,B,7114.0000,0.0000,0.0000,0.0000,0.0000,7116.0000,0.0000,0.0000,0.0000,0.0000,96,0,0,0,0,124,0,0,0,0
zc,TA209,2012-06-21 09:04:55.237,7116.0000,455954,92,0.0000,192.0000,142,50,多开,B,7114.0000,0.0000,0.0000,0.0000,0.0000,7116.0000,0.0000,0.0000,0.0000,0.0000,94,0,0,0,0,97,0,0,0,0
zc,TA209,2012-06-21 09:04:55.737,7114.0000,455968,14,0.0000,250.0000,132,118,空开,S,7114.0000,0.0000,0.0000,0.0000,0.0000,7116.0000,0.0000,0.0000,0.0000,0.0000,30,0,0,0,0,101,0,0,0,0
zc,TA209,2012-06-21 09:04:56.457,7116.0000,455960,-8,0.0000,14.0000,3,11,空平,B,7114.0000,0.0000,0.0000,0.0000,0.0000,7116.0000,0.0000,0.0000,0.0000,0.0000,39,0,0,0,0,103,0,0,0,0
zc,TA209,2012-06-21 09:04:56.987,7116.0000,455994,34,0.0000,90.0000,62,28,多开,B,7114.0000,0.0000,0.0000,0.0000,0.0000,7116.0000,0.0000,0.0000,0.0000,0.0000,4,0,0,0,0,102,0,0,0,0
zc,TA209,2012-06-21 09:04:57.503,7114.0000,456004,10,0.0000,20.0000,15,5,空开,S,7114.0000,0.0000,0.0000,0.0000,0.0000,7116.0000,0.0000,0.0000,0.0000,0.0000,13,0,0,0,0,101,0,0,0,0
zc,TA209,2012-06-21 09:04:57.987,7116.0000,456064,60,0.0000,110.0000,85,25,多开,B,7112.0000,0.0000,0.0000,0.0000,0.0000,7114.0000,0.0000,0.0000,0.0000,0.0000,376,0,0,0,0,1,0,0,0,0
zc,TA209,2012-06-21 09:04:58.723,7114.0000,456100,36,0.0000,48.0000,42,6,空开,S,7112.0000,0.0000,0.0000,0.0000,0.0000,7114.0000,0.0000,0.0000,0.0000,0.0000,376,0,0,0,0,616,0,0,0,0
zc,TA209,2012-06-21 09:04:59.253,7114.0000,456122,22,0.0000,22.0000,22,0,双开,S,7112.0000,0.0000,0.0000,0.0000,0.0000,7114.0000,0.0000,0.0000,0.0000,0.0000,375,0,0,0,0,617,0,0,0,0
zc,TA209,2012-06-21 09:04:59.987,7112.0000,456138,16,0.0000,28.0000,22,6,空开,S,7112.0000,0.0000,0.0000,0.0000,0.0000,7114.0000,0.0000,0.0000,0.0000,0.0000,376,0,0,0,0,616,0,0,0,0
zc,TA209,2012-06-21 09:05:00.520,7112.0000,456584,446,0.0000,610.0000,528,82,空开,S,7112.0000,0.0000,0.0000,0.0000,0.0000,7114.0000,0.0000,0.0000,0.0000,0.0000,180,0,0,0,0,629,0,0,0,0
zc,TA209,2012-06-21 09:05:01.223,7110.0000,456768,184,0.0000,384.0000,284,100,空开,S,7110.0000,0.0000,0.0000,0.0000,0.0000,7112.0000,0.0000,0.0000,0.0000,0.0000,410,0,0,0,0,9,0,0,0,0
zc,TA209,2012-06-21 09:05:01.800,7112.0000,456844,76,0.0000,488.0000,282,206,多开,B,7110.0000,0.0000,0.0000,0.0000,0.0000,7112.0000,0.0000,0.0000,0.0000,0.0000,370,0,0,0,0,213,0,0,0,0
zc,TA209,2012-06-21 09:05:02.487,7110.0000,456838,-6,0.0000,48.0000,21,27,多平,S,7110.0000,0.0000,0.0000,0.0000,0.0000,7112.0000,0.0000,0.0000,0.0000,0.0000,350,0,0,0,0,235,0,0,0,0
zc,TA209,2012-06-21 09:05:03.003,7110.0000,456814,-24,0.0000,40.0000,8,32,多平,S,7110.0000,0.0000,0.0000,0.0000,0.0000,7112.0000,0.0000,0.0000,0.0000,0.0000,341,0,0,0,0,283,0,0,0,0
zc,TA209,2012-06-21 09:05:03.723,7110.0000,456232,-582,0.0000,902.0000,160,742,多平,S,7110.0000,0.0000,0.0000,0.0000,0.0000,7112.0000,0.0000,0.0000,0.0000,0.0000,307,0,0,0,0,22,0,0,0,0
zc,TA209,2012-06-21 09:05:04.253,7110.0000,456258,26,0.0000,176.0000,101,75,空开,S,7110.0000,0.0000,0.0000,0.0000,0.0000,7112.0000,0.0000,0.0000,0.0000,0.0000,228,0,0,0,0,16,0,0,0,0
zc,TA209,2012-06-21 09:05:04.753,7110.0000,456260,2,0.0000,26.0000,14,12,空开,S,7110.0000,0.0000,0.0000,0.0000,0.0000,7112.0000,0.0000,0.0000,0.0000,0.0000,223,0,0,0,0,21,0,0,0,0
zc,TA209,2012-06-21 09:05:05.473,7112.0000,456270,10,0.0000,62.0000,36,26,多开,B,7110.0000,0.0000,0.0000,0.0000,0.0000,7112.0000,0.0000,0.0000,0.0000,0.0000,211,0,0,0,0,35,0,0,0,0
zc,TA209,2012-06-21 09:05:05.957,7110.0000,456288,18,0.0000,48.0000,33,15,空开,S,7110.0000,0.0000,0.0000,0.0000,0.0000,7112.0000,0.0000,0.0000,0.0000,0.0000,196,0,0,0,0,27,0,0,0,0
zc,TA209,2012-06-21 09:05:06.033,7112.0000,456290,2,0.0000,14.0000,8,6,多开,B,7110.0000,0.0000,0.0000,0.0000,0.0000,7112.0000,0.0000,0.0000,0.0000,0.0000,204,0,0,0,0,24,0,0,0,0
zc,TA209,2012-06-21 09:05:06.737,7110.0000,456300,10,0.0000,30.0000,20,10,空开,S,7110.0000,0.0000,0.0000,0.0000,0.0000,7112.0000,0.0000,0.0000,0.0000,0.0000,191,0,0,0,0,146,0,0,0,0
zc,TA209,2012-06-21 09:05:07.237,7112.0000,456378,78,0.0000,110.0000,94,16,多开,B,7110.0000,0.0000,0.0000,0.0000,0.0000,7112.0000,0.0000,0.0000,0.0000,0.0000,145,0,0,0,0,145,0,0,0,0
