市场代码,合约代码,时间,最新,持仓,增仓,成交额,成交量,开仓,平仓,成交类型,方向,买一价,买二价,买三价,买四价,买五价,卖一价,卖二价,卖三价,卖四价,卖五价,买一量,买二量,买三量,买四量,买五量,卖一量,卖二量,卖三量,卖四量,卖五量
zc,WS209,2012-06-21 08:19:05.973,0.0000,219938,0,0.0000,0.0000,0,0,空换,S,0.0000,0.0000,0.0000,0.0000,0.0000,0.0000,0.0000,0.0000,0.0000,0.0000,0,0,0,0,0,0,0,0,0,0
zc,WS209,2012-06-21 08:31:05.957,0.0000,219938,0,0.0000,0.0000,0,0,空换,S,0.0000,0.0000,0.0000,0.0000,0.0000,0.0000,0.0000,0.0000,0.0000,0.0000,0,0,0,0,0,0,0,0,0,0
zc,WS209,2012-06-21 08:42:05.973,0.0000,219938,0,0.0000,0.0000,0,0,空换,S,0.0000,0.0000,0.0000,0.0000,0.0000,0.0000,0.0000,0.0000,0.0000,0.0000,0,0,0,0,0,0,0,0,0,0
zc,WS209,2012-06-21 08:48:05.973,0.0000,219938,0,0.0000,0.0000,0,0,空换,S,0.0000,0.0000,0.0000,0.0000,0.0000,0.0000,0.0000,0.0000,0.0000,0.0000,0,0,0,0,0,0,0,0,0,0
zc,WS209,2012-06-21 08:52:05.957,0.0000,219938,0,0.0000,0.0000,0,0,空换,S,0.0000,0.0000,0.0000,0.0000,0.0000,0.0000,0.0000,0.0000,0.0000,0.0000,0,0,0,0,0,0,0,0,0,0
zc,WS209,2012-06-21 08:54:05.957,0.0000,219938,0,0.0000,0.0000,0,0,空换,S,0.0000,0.0000,0.0000,0.0000,0.0000,0.0000,0.0000,0.0000,0.0000,0.0000,0,0,0,0,0,0,0,0,0,0
zc,WS209,2012-06-21 08:55:03.473,0.0000,219938,0,0.0000,0.0000,0,0,空换,S,0.0000,0.0000,0.0000,0.0000,0.0000,0.0000,0.0000,0.0000,0.0000,0.0000,0,0,0,0,0,0,0,0,0,0
zc,WS209,2012-06-21 08:57:05.190,0.0000,219938,0,0.0000,0.0000,0,0,空换,S,0.0000,0.0000,0.0000,0.0000,0.0000,0.0000,0.0000,0.0000,0.0000,0.0000,0,0,0,0,0,0,0,0,0,0
zc,WS209,2012-06-21 08:57:09.457,0.0000,219938,0,0.0000,0.0000,0,0,空换,S,0.0000,0.0000,0.0000,0.0000,0.0000,0.0000,0.0000,0.0000,0.0000,0.0000,0,0,0,0,0,0,0,0,0,0
zc,WS209,2012-06-21 08:57:19.707,0.0000,219938,0,0.0000,0.0000,0,0,空换,S,0.0000,0.0000,0.0000,0.0000,0.0000,0.0000,0.0000,0.0000,0.0000,0.0000,0,0,0,0,0,0,0,0,0,0
zc,WS209,2012-06-21 08:57:23.190,0.0000,219938,0,0.0000,0.0000,0,0,空换,S,0.0000,0.0000,0.0000,0.0000,0.0000,0.0000,0.0000,0.0000,0.0000,0.0000,0,0,0,0,0,0,0,0,0,0
zc,WS209,2012-06-21 08:57:25.190,0.0000,219938,0,0.0000,0.0000,0,0,空换,S,0.0000,0.0000,0.0000,0.0000,0.0000,0.0000,0.0000,0.0000,0.0000,0.0000,0,0,0,0,0,0,0,0,0,0
zc,WS209,2012-06-21 08:57:50.690,0.0000,219938,0,0.0000,0.0000,0,0,空换,S,0.0000,0.0000,0.0000,0.0000,0.0000,0.0000,0.0000,0.0000,0.0000,0.0000,0,0,0,0,0,0,0,0,0,0
zc,WS209,2012-06-21 08:57:56.707,0.0000,219938,0,0.0000,0.0000,0,0,空换,S,0.0000,0.0000,0.0000,0.0000,0.0000,0.0000,0.0000,0.0000,0.0000,0.0000,0,0,0,0,0,0,0,0,0,0
zc,WS209,2012-06-21 08:58:08.190,0.0000,219938,0,0.0000,0.0000,0,0,空换,S,0.0000,0.0000,0.0000,0.0000,0.0000,0.0000,0.0000,0.0000,0.0000,0.0000,0,0,0,0,0,0,0,0,0,0
zc,WS209,2012-06-21 08:58:13.940,0.0000,219938,0,0.0000,0.0000,0,0,空换,S,0.0000,0.0000,0.0000,0.0000,0.0000,0.0000,0.0000,0.0000,0.0000,0.0000,0,0,0,0,0,0,0,0,0,0
zc,WS209,2012-06-21 08:58:20.940,0.0000,219938,0,0.0000,0.0000,0,0,空换,S,0.0000,0.0000,0.0000,0.0000,0.0000,0.0000,0.0000,0.0000,0.0000,0.0000,0,0,0,0,0,0,0,0,0,0
zc,WS209,2012-06-21 08:58:27.940,0.0000,219938,0,0.0000,0.0000,0,0,空换,S,0.0000,0.0000,0.0000,0.0000,0.0000,0.0000,0.0000,0.0000,0.0000,0.0000,0,0,0,0,0,0,0,0,0,0
zc,WS209,2012-06-21 08:58:56.707,0.0000,219938,0,0.0000,0.0000,0,0,空换,S,0.0000,0.0000,0.0000,0.0000,0.0000,0.0000,0.0000,0.0000,0.0000,0.0000,0,0,0,0,0,0,0,0,0,0
zc,WS209,2012-06-21 09:00:00.377,2418.0000,220004,66,0.0000,94.0000,80,14,多开,B,2416.0000,0.0000,0.0000,0.0000,0.0000,2419.0000,0.0000,0.0000,0.0000,0.0000,14,0,0,0,0,38,0,0,0,0
zc,WS209,2012-06-21 09:00:01.113,2417.0000,220004,0,0.0000,76.0000,38,38,空换,S,2417.0000,0.0000,0.0000,0.0000,0.0000,2418.0000,0.0000,0.0000,0.0000,0.0000,8,0,0,0,0,26,0,0,0,0
zc,WS209,2012-06-21 09:00:02.190,2417.0000,220010,6,0.0000,32.0000,19,13,空开,S,2416.0000,0.0000,0.0000,0.0000,0.0000,2418.0000,0.0000,0.0000,0.0000,0.0000,9,0,0,0,0,3,0,0,0,0
zc,WS209,2012-06-21 09:00:04.177,2418.0000,220022,12,0.0000,16.0000,14,2,多开,B,2417.0000,0.0000,0.0000,0.0000,0.0000,2419.0000,0.0000,0.0000,0.0000,0.0000,6,0,0,0,0,123,0,0,0,0
zc,WS209,2012-06-21 09:00:05.363,2417.0000,220020,-2,0.0000,14.0000,6,8,多平,S,2416.0000,0.0000,0.0000,0.0000,0.0000,2417.0000,0.0000,0.0000,0.0000,0.0000,97,0,0,0,0,1,0,0,0,0
zc,WS209,2012-06-21 09:00:06.177,2417.0000,220020,0,0.0000,0.0000,0,0,空换,S,2416.0000,0.0000,0.0000,0.0000,0.0000,2417.0000,0.0000,0.0000,0.0000,0.0000,98,0,0,0,0,1,0,0,0,0
zc,WS209,2012-06-21 09:00:06.910,2418.0000,220016,-4,0.0000,4.0000,0,4,双平,B,2417.0000,0.0000,0.0000,0.0000,0.0000,2418.0000,0.0000,0.0000,0.0000,0.0000,3,0,0,0,0,29,0,0,0,0
zc,WS209,2012-06-21 09:00:07.660,2417.0000,220016,0,0.0000,6.0000,3,3,空换,S,2416.0000,0.0000,0.0000,0.0000,0.0000,2417.0000,0.0000,0.0000,0.0000,0.0000,8,0,0,0,0,16,0,0,0,0
zc,WS209,2012-06-21 09:00:08.080,2417.0000,220016,0,0.0000,2.0000,1,1,空换,S,2416.0000,0.0000,0.0000,0.0000,0.0000,2417.0000,0.0000,0.0000,0.0000,0.0000,8,0,0,0,0,20,0,0,0,0
zc,WS209,2012-06-21 09:00:08.863,2416.0000,220018,2,0.0000,16.0000,9,7,空开,S,2415.0000,0.0000,0.0000,0.0000,0.0000,2416.0000,0.0000,0.0000,0.0000,0.0000,3,0,0,0,0,12,0,0,0,0
zc,WS209,2012-06-21 09:00:10.613,2417.0000,220020,2,0.0000,62.0000,32,30,多开,B,2415.0000,0.0000,0.0000,0.0000,0.0000,2417.0000,0.0000,0.0000,0.0000,0.0000,2,0,0,0,0,5,0,0,0,0
zc,WS209,2012-06-21 09:00:11.143,2416.0000,220020,0,0.0000,6.0000,3,3,空换,S,2416.0000,0.0000,0.0000,0.0000,0.0000,2417.0000,0.0000,0.0000,0.0000,0.0000,7,0,0,0,0,5,0,0,0,0
zc,WS209,2012-06-21 09:00:11.627,2416.0000,220020,0,0.0000,6.0000,3,3,空换,S,2416.0000,0.0000,0.0000,0.0000,0.0000,2417.0000,0.0000,0.0000,0.0000,0.0000,5,0,0,0,0,11,0,0,0,0
zc,WS209,2012-06-21 09:00:12.393,2416.0000,220020,0,0.0000,14.0000,7,7,空换,S,2415.0000,0.0000,0.0000,0.0000,0.0000,2416.0000,0.0000,0.0000,0.0000,0.0000,3,0,0,0,0,2,0,0,0,0
zc,WS209,2012-06-21 09:00:13.080,2416.0000,220020,0,0.0000,0.0000,0,0,空换,S,2415.0000,0.0000,0.0000,0.0000,0.0000,2416.0000,0.0000,0.0000,0.0000,0.0000,3,0,0,0,0,13,0,0,0,0
zc,WS209,2012-06-21 09:00:13.580,2416.0000,220020,0,0.0000,0.0000,0,0,空换,S,2415.0000,0.0000,0.0000,0.0000,0.0000,2416.0000,0.0000,0.0000,0.0000,0.0000,3,0,0,0,0,68,0,0,0,0
zc,WS209,2012-06-21 09:00:14.113,2415.0000,220020,0,0.0000,6.0000,3,3,空换,S,2414.0000,0.0000,0.0000,0.0000,0.0000,2416.0000,0.0000,0.0000,0.0000,0.0000,8,0,0,0,0,67,0,0,0,0
zc,WS209,2012-06-21 09:00:15.317,2415.0000,220020,0,0.0000,0.0000,0,0,空换,S,2414.0000,0.0000,0.0000,0.0000,0.0000,2415.0000,0.0000,0.0000,0.0000,0.0000,8,0,0,0,0,1,0,0,0,0
zc,WS209,2012-06-21 09:00:16.627,2414.0000,220008,-12,0.0000,12.0000,0,12,双平,S,2414.0000,0.0000,0.0000,0.0000,0.0000,2415.0000,0.0000,0.0000,0.0000,0.0000,2,0,0,0,0,15,0,0,0,0
zc,WS209,2012-06-21 09:00:16.863,2414.0000,220004,-4,0.0000,4.0000,0,4,双平,S,2413.0000,0.0000,0.0000,0.0000,0.0000,2414.0000,0.0000,0.0000,0.0000,0.0000,5,0,0,0,0,5,0,0,0,0
zc,WS209,2012-06-21 09:00:17.893,2414.0000,220004,0,0.0000,0.0000,0,0,空换,S,2413.0000,0.0000,0.0000,0.0000,0.0000,2414.0000,0.0000,0.0000,0.0000,0.0000,5,0,0,0,0,13,0,0,0,0
zc,WS209,2012-06-21 09:00:18.330,2413.0000,220004,0,0.0000,6.0000,3,3,空换,S,2413.0000,0.0000,0.0000,0.0000,0.0000,2414.0000,0.0000,0.0000,0.0000,0.0000,3,0,0,0,0,12,0,0,0,0
zc,WS209,2012-06-21 09:00:18.877,2413.0000,220002,-2,0.0000,6.0000,2,4,多平,S,2412.0000,0.0000,0.0000,0.0000,0.0000,2414.0000,0.0000,0.0000,0.0000,0.0000,9,0,0,0,0,9,0,0,0,0
zc,WS209,2012-06-21 09:00:19.597,2413.0000,220002,0,0.0000,0.0000,0,0,空换,S,2412.0000,0.0000,0.0000,0.0000,0.0000,2413.0000,0.0000,0.0000,0.0000,0.0000,44,0,0,0,0,3,0,0,0,0
zc,WS209,2012-06-21 09:00:20.393,2412.0000,220004,2,0.0000,4.0000,3,1,空开,S,2412.0000,0.0000,0.0000,0.0000,0.0000,2413.0000,0.0000,0.0000,0.0000,0.0000,42,0,0,0,0,3,0,0,0,0
zc,WS209,2012-06-21 09:00:20.877,2413.0000,220002,-2,0.0000,6.0000,2,4,空平,B,2413.0000,0.0000,0.0000,0.0000,0.0000,2414.0000,0.0000,0.0000,0.0000,0.0000,2,0,0,0,0,9,0,0,0,0
zc,WS209,2012-06-21 09:00:21.863,2413.0000,220002,0,0.0000,6.0000,3,3,多换,B,2412.0000,0.0000,0.0000,0.0000,0.0000,2413.0000,0.0000,0.0000,0.0000,0.0000,6,0,0,0,0,3,0,0,0,0
zc,WS209,2012-06-21 09:00:22.330,2412.0000,219998,-4,0.0000,12.0000,4,8,多平,S,2411.0000,0.0000,0.0000,0.0000,0.0000,2412.0000,0.0000,0.0000,0.0000,0.0000,100,0,0,0,0,3,0,0,0,0
zc,WS209,2012-06-21 09:00:23.627,2412.0000,219998,0,0.0000,6.0000,3,3,空换,S,2412.0000,0.0000,0.0000,0.0000,0.0000,2413.0000,0.0000,0.0000,0.0000,0.0000,1,0,0,0,0,2,0,0,0,0
zc,WS209,2012-06-21 09:00:24.067,2413.0000,219996,-2,0.0000,6.0000,2,4,空平,B,2413.0000,0.0000,0.0000,0.0000,0.0000,2414.0000,0.0000,0.0000,0.0000,0.0000,8,0,0,0,0,2,0,0,0,0
zc,WS209,2012-06-21 09:00:24.830,2413.0000,219986,-10,0.0000,10.0000,0,10,双平,B,2413.0000,0.0000,0.0000,0.0000,0.0000,2414.0000,0.0000,0.0000,0.0000,0.0000,3,0,0,0,0,2,0,0,0,0
zc,WS209,2012-06-21 09:00:25.317,2414.0000,219988,2,0.0000,4.0000,3,1,多开,B,2413.0000,0.0000,0.0000,0.0000,0.0000,2414.0000,0.0000,0.0000,0.0000,0.0000,3,0,0,0,0,8,0,0,0,0
zc,WS209,2012-06-21 09:00:26.080,2413.0000,219986,-2,0.0000,2.0000,0,2,双平,S,2413.0000,0.0000,0.0000,0.0000,0.0000,2414.0000,0.0000,0.0000,0.0000,0.0000,4,0,0,0,0,8,0,0,0,0
zc,WS209,2012-06-21 09:00:26.627,2413.0000,219980,-6,0.0000,10.0000,2,8,多平,S,2412.0000,0.0000,0.0000,0.0000,0.0000,2413.0000,0.0000,0.0000,0.0000,0.0000,9,0,0,0,0,11,0,0,0,0
zc,WS209,2012-06-21 09:00:27.347,2413.0000,219980,0,0.0000,20.0000,10,10,空换,S,2412.0000,0.0000,0.0000,0.0000,0.0000,2413.0000,0.0000,0.0000,0.0000,0.0000,6,0,0,0,0,9,0,0,0,0
zc,WS209,2012-06-21 09:00:27.877,2412.0000,219994,14,0.0000,18.0000,16,2,空开,S,2411.0000,0.0000,0.0000,0.0000,0.0000,2412.0000,0.0000,0.0000,0.0000,0.0000,87,0,0,0,0,47,0,0,0,0
zc,WS209,2012-06-21 09:00:28.770,2412.0000,219996,2,0.0000,2.0000,2,0,双开,S,2411.0000,0.0000,0.0000,0.0000,0.0000,2412.0000,0.0000,0.0000,0.0000,0.0000,86,0,0,0,0,46,0,0,0,0
zc,WS209,2012-06-21 09:00:29.300,2412.0000,220014,18,0.0000,18.0000,18,0,双开,S,2411.0000,0.0000,0.0000,0.0000,0.0000,2412.0000,0.0000,0.0000,0.0000,0.0000,83,0,0,0,0,37,0,0,0,0
zc,WS209,2012-06-21 09:00:29.877,2412.0000,220044,30,0.0000,30.0000,30,0,双开,S,2411.0000,0.0000,0.0000,0.0000,0.0000,2412.0000,0.0000,0.0000,0.0000,0.0000,68,0,0,0,0,22,0,0,0,0
zc,WS209,2012-06-21 09:00:30.613,2412.0000,220088,44,0.0000,44.0000,44,0,双开,S,2411.0000,0.0000,0.0000,0.0000,0.0000,2413.0000,0.0000,0.0000,0.0000,0.0000,46,0,0,0,0,17,0,0,0,0
zc,WS209,2012-06-21 09:00:31.410,2412.0000,220088,0,0.0000,4.0000,2,2,空换,S,2412.0000,0.0000,0.0000,0.0000,0.0000,2413.0000,0.0000,0.0000,0.0000,0.0000,1,0,0,0,0,10,0,0,0,0
zc,WS209,2012-06-21 09:00:33.067,2412.0000,220088,0,0.0000,0.0000,0,0,空换,S,2412.0000,0.0000,0.0000,0.0000,0.0000,2413.0000,0.0000,0.0000,0.0000,0.0000,43,0,0,0,0,2,0,0,0,0
zc,WS209,2012-06-21 09:00:34.393,2412.0000,220090,2,0.0000,2.0000,2,0,双开,S,2412.0000,0.0000,0.0000,0.0000,0.0000,2413.0000,0.0000,0.0000,0.0000,0.0000,42,0,0,0,0,2,0,0,0,0
zc,WS209,2012-06-21 09:00:35.127,2413.0000,220090,0,0.0000,4.0000,2,2,多换,B,2412.0000,0.0000,0.0000,0.0000,0.0000,2414.0000,0.0000,0.0000,0.0000,0.0000,43,0,0,0,0,15,0,0,0,0
zc,WS209,2012-06-21 09:00:36.127,2412.0000,220092,2,0.0000,10.0000,6,4,空开,S,2412.0000,0.0000,0.0000,0.0000,0.0000,2414.0000,0.0000,0.0000,0.0000,0.0000,38,0,0,0,0,12,0,0,0,0
zc,WS209,2012-06-21 09:00:37.253,2412.0000,220092,0,0.0000,0.0000,0,0,空换,S,2412.0000,0.0000,0.0000,0.0000,0.0000,2414.0000,0.0000,0.0000,0.0000,0.0000,39,0,0,0,0,13,0,0,0,0
zc,WS209,2012-06-21 09:00:39.330,2412.0000,220092,0,0.0000,0.0000,0,0,空换,S,2412.0000,0.0000,0.0000,0.0000,0.0000,2414.0000,0.0000,0.0000,0.0000,0.0000,41,0,0,0,0,13,0,0,0,0
zc,WS209,2012-06-21 09:00:39.863,2412.0000,220092,0,0.0000,2.0000,1,1,空换,S,2412.0000,0.0000,0.0000,0.0000,0.0000,2414.0000,0.0000,0.0000,0.0000,0.0000,40,0,0,0,0,13,0,0,0,0
zc,WS209,2012-06-21 09:00:40.830,2414.0000,220094,2,0.0000,2.0000,2,0,双开,B,2412.0000,0.0000,0.0000,0.0000,0.0000,2414.0000,0.0000,0.0000,0.0000,0.0000,40,0,0,0,0,12,0,0,0,0
zc,WS209,2012-06-21 09:00:41.567,2414.0000,220094,0,0.0000,0.0000,0,0,多换,B,2413.0000,0.0000,0.0000,0.0000,0.0000,2414.0000,0.0000,0.0000,0.0000,0.0000,2,0,0,0,0,5,0,0,0,0
zc,WS209,2012-06-21 09:00:42.080,2414.0000,220102,8,0.0000,8.0000,8,0,双开,B,2413.0000,0.0000,0.0000,0.0000,0.0000,2414.0000,0.0000,0.0000,0.0000,0.0000,8,0,0,0,0,1,0,0,0,0
zc,WS209,2012-06-21 09:00:42.877,2413.0000,220102,0,0.0000,6.0000,3,3,空换,S,2413.0000,0.0000,0.0000,0.0000,0.0000,2414.0000,0.0000,0.0000,0.0000,0.0000,3,0,0,0,0,1,0,0,0,0
zc,WS209,2012-06-21 09:00:43.363,2414.0000,220102,0,0.0000,2.0000,1,1,多换,B,2413.0000,0.0000,0.0000,0.0000,0.0000,2414.0000,0.0000,0.0000,0.0000,0.0000,2,0,0,0,0,3,0,0,0,0
zc,WS209,2012-06-21 09:00:44.113,2414.0000,220102,0,0.0000,0.0000,0,0,多换,B,2413.0000,0.0000,0.0000,0.0000,0.0000,2414.0000,0.0000,0.0000,0.0000,0.0000,1,0,0,0,0,1,0,0,0,0
zc,WS209,2012-06-21 09:00:44.567,2414.0000,220104,2,0.0000,2.0000,2,0,双开,B,2413.0000,0.0000,0.0000,0.0000,0.0000,2414.0000,0.0000,0.0000,0.0000,0.0000,2,0,0,0,0,6,0,0,0,0
zc,WS209,2012-06-21 09:00:47.097,2414.0000,220104,0,0.0000,0.0000,0,0,多换,B,2413.0000,0.0000,0.0000,0.0000,0.0000,2414.0000,0.0000,0.0000,0.0000,0.0000,3,0,0,0,0,7,0,0,0,0
zc,WS209,2012-06-21 09:00:49.330,2414.0000,220106,2,0.0000,2.0000,2,0,双开,B,2413.0000,0.0000,0.0000,0.0000,0.0000,2415.0000,0.0000,0.0000,0.0000,0.0000,3,0,0,0,0,19,0,0,0,0
zc,WS209,2012-06-21 09:00:49.863,2414.0000,220106,0,0.0000,0.0000,0,0,多换,B,2413.0000,0.0000,0.0000,0.0000,0.0000,2415.0000,0.0000,0.0000,0.0000,0.0000,9,0,0,0,0,19,0,0,0,0
zc,WS209,2012-06-21 09:00:50.300,2414.0000,220106,0,0.0000,0.0000,0,0,多换,B,2413.0000,0.0000,0.0000,0.0000,0.0000,2415.0000,0.0000,0.0000,0.0000,0.0000,10,0,0,0,0,19,0,0,0,0
zc,WS209,2012-06-21 09:00:51.097,2414.0000,220106,0,0.0000,0.0000,0,0,多换,B,2413.0000,0.0000,0.0000,0.0000,0.0000,2415.0000,0.0000,0.0000,0.0000,0.0000,4,0,0,0,0,9,0,0,0,0
zc,WS209,2012-06-21 09:00:51.567,2414.0000,220106,0,0.0000,0.0000,0,0,多换,B,2413.0000,0.0000,0.0000,0.0000,0.0000,2415.0000,0.0000,0.0000,0.0000,0.0000,30,0,0,0,0,9,0,0,0,0
zc,WS209,2012-06-21 09:00:52.300,2413.0000,220106,0,0.0000,2.0000,1,1,空换,S,2413.0000,0.0000,0.0000,0.0000,0.0000,2415.0000,0.0000,0.0000,0.0000,0.0000,47,0,0,0,0,9,0,0,0,0
zc,WS209,2012-06-21 09:00:52.800,2413.0000,220106,0,0.0000,0.0000,0,0,空换,S,2413.0000,0.0000,0.0000,0.0000,0.0000,2414.0000,0.0000,0.0000,0.0000,0.0000,47,0,0,0,0,2,0,0,0,0
zc,WS209,2012-06-21 09:00:53.597,2414.0000,220106,0,0.0000,2.0000,1,1,多换,B,2413.0000,0.0000,0.0000,0.0000,0.0000,2414.0000,0.0000,0.0000,0.0000,0.0000,47,0,0,0,0,1,0,0,0,0
zc,WS209,2012-06-21 09:00:55.097,2414.0000,220106,0,0.0000,2.0000,1,1,多换,B,2413.0000,0.0000,0.0000,0.0000,0.0000,2415.0000,0.0000,0.0000,0.0000,0.0000,48,0,0,0,0,2,0,0,0,0
zc,WS209,2012-06-21 09:00:55.643,2413.0000,220106,0,0.0000,18.0000,9,9,空换,S,2413.0000,0.0000,0.0000,0.0000,0.0000,2415.0000,0.0000,0.0000,0.0000,0.0000,39,0,0,0,0,3,0,0,0,0
zc,WS209,2012-06-21 09:00:56.317,2415.0000,220102,-4,0.0000,6.0000,1,5,空平,B,2413.0000,0.0000,0.0000,0.0000,0.0000,2416.0000,0.0000,0.0000,0.0000,0.0000,39,0,0,0,0,7,0,0,0,0
zc,WS209,2012-06-21 09:00:56.800,2415.0000,220102,0,0.0000,0.0000,0,0,多换,B,2414.0000,0.0000,0.0000,0.0000,0.0000,2415.0000,0.0000,0.0000,0.0000,0.0000,5,0,0,0,0,1,0,0,0,0
zc,WS209,2012-06-21 09:00:57.613,2415.0000,220102,0,0.0000,0.0000,0,0,多换,B,2414.0000,0.0000,0.0000,0.0000,0.0000,2416.0000,0.0000,0.0000,0.0000,0.0000,9,0,0,0,0,8,0,0,0,0
zc,WS209,2012-06-21 09:00:58.080,2415.0000,220102,0,0.0000,0.0000,0,0,多换,B,2414.0000,0.0000,0.0000,0.0000,0.0000,2416.0000,0.0000,0.0000,0.0000,0.0000,10,0,0,0,0,8,0,0,0,0
zc,WS209,2012-06-21 09:00:58.830,2415.0000,220102,0,0.0000,0.0000,0,0,多换,B,2414.0000,0.0000,0.0000,0.0000,0.0000,2416.0000,0.0000,0.0000,0.0000,0.0000,11,0,0,0,0,8,0,0,0,0
zc,WS209,2012-06-21 09:01:00.067,2415.0000,220102,0,0.0000,0.0000,0,0,多换,B,2414.0000,0.0000,0.0000,0.0000,0.0000,2416.0000,0.0000,0.0000,0.0000,0.0000,12,0,0,0,0,8,0,0,0,0
zc,WS209,2012-06-21 09:01:00.253,2415.0000,220102,0,0.0000,0.0000,0,0,多换,B,2414.0000,0.0000,0.0000,0.0000,0.0000,2415.0000,0.0000,0.0000,0.0000,0.0000,10,0,0,0,0,15,0,0,0,0
zc,WS209,2012-06-21 09:01:01.830,2415.0000,220102,0,0.0000,0.0000,0,0,多换,B,2414.0000,0.0000,0.0000,0.0000,0.0000,2415.0000,0.0000,0.0000,0.0000,0.0000,10,0,0,0,0,20,0,0,0,0
zc,WS209,2012-06-21 09:01:02.580,2415.0000,220102,0,0.0000,0.0000,0,0,多换,B,2414.0000,0.0000,0.0000,0.0000,0.0000,2415.0000,0.0000,0.0000,0.0000,0.0000,13,0,0,0,0,20,0,0,0,0
zc,WS209,2012-06-21 09:01:03.847,2415.0000,220102,0,0.0000,0.0000,0,0,多换,B,2414.0000,0.0000,0.0000,0.0000,0.0000,2415.0000,0.0000,0.0000,0.0000,0.0000,14,0,0,0,0,20,0,0,0,0
zc,WS209,2012-06-21 09:01:04.363,2415.0000,220102,0,0.0000,0.0000,0,0,多换,B,2414.0000,0.0000,0.0000,0.0000,0.0000,2415.0000,0.0000,0.0000,0.0000,0.0000,24,0,0,0,0,20,0,0,0,0
zc,WS209,2012-06-21 09:01:05.067,2415.0000,220102,0,0.0000,0.0000,0,0,多换,B,2414.0000,0.0000,0.0000,0.0000,0.0000,2415.0000,0.0000,0.0000,0.0000,0.0000,26,0,0,0,0,20,0,0,0,0
zc,WS209,2012-06-21 09:01:06.097,2415.0000,220102,0,0.0000,0.0000,0,0,多换,B,2414.0000,0.0000,0.0000,0.0000,0.0000,2415.0000,0.0000,0.0000,0.0000,0.0000,20,0,0,0,0,20,0,0,0,0
zc,WS209,2012-06-21 09:01:06.597,2415.0000,220102,0,0.0000,2.0000,1,1,多换,B,2414.0000,0.0000,0.0000,0.0000,0.0000,2415.0000,0.0000,0.0000,0.0000,0.0000,21,0,0,0,0,21,0,0,0,0
zc,WS209,2012-06-21 09:01:07.067,2415.0000,220102,0,0.0000,6.0000,3,3,多换,B,2414.0000,0.0000,0.0000,0.0000,0.0000,2415.0000,0.0000,0.0000,0.0000,0.0000,16,0,0,0,0,18,0,0,0,0
zc,WS209,2012-06-21 09:01:08.067,2415.0000,220108,6,0.0000,18.0000,12,6,多开,B,2414.0000,0.0000,0.0000,0.0000,0.0000,2415.0000,0.0000,0.0000,0.0000,0.0000,14,0,0,0,0,15,0,0,0,0
zc,WS209,2012-06-21 09:01:08.300,2415.0000,220110,2,0.0000,2.0000,2,0,双开,B,2414.0000,0.0000,0.0000,0.0000,0.0000,2415.0000,0.0000,0.0000,0.0000,0.0000,14,0,0,0,0,14,0,0,0,0
zc,WS209,2012-06-21 09:01:09.080,2415.0000,220114,4,0.0000,4.0000,4,0,双开,B,2414.0000,0.0000,0.0000,0.0000,0.0000,2415.0000,0.0000,0.0000,0.0000,0.0000,14,0,0,0,0,19,0,0,0,0
zc,WS209,2012-06-21 09:01:09.580,2414.0000,220130,16,0.0000,16.0000,16,0,双开,S,2414.0000,0.0000,0.0000,0.0000,0.0000,2415.0000,0.0000,0.0000,0.0000,0.0000,8,0,0,0,0,18,0,0,0,0
zc,WS209,2012-06-21 09:01:10.317,2414.0000,220130,0,0.0000,0.0000,0,0,空换,S,2414.0000,0.0000,0.0000,0.0000,0.0000,2415.0000,0.0000,0.0000,0.0000,0.0000,8,0,0,0,0,19,0,0,0,0
zc,WS209,2012-06-21 09:01:10.770,2414.0000,220134,4,0.0000,4.0000,4,0,双开,S,2414.0000,0.0000,0.0000,0.0000,0.0000,2415.0000,0.0000,0.0000,0.0000,0.0000,6,0,0,0,0,16,0,0,0,0
zc,WS209,2012-06-21 09:01:11.580,2414.0000,220136,2,0.0000,2.0000,2,0,双开,S,2414.0000,0.0000,0.0000,0.0000,0.0000,2415.0000,0.0000,0.0000,0.0000,0.0000,13,0,0,0,0,14,0,0,0,0
zc,WS209,2012-06-21 09:01:12.020,2414.0000,220136,0,0.0000,0.0000,0,0,空换,S,2414.0000,0.0000,0.0000,0.0000,0.0000,2415.0000,0.0000,0.0000,0.0000,0.0000,8,0,0,0,0,14,0,0,0,0
zc,WS209,2012-06-21 09:01:12.597,2414.0000,220136,0,0.0000,2.0000,1,1,空换,S,2414.0000,0.0000,0.0000,0.0000,0.0000,2415.0000,0.0000,0.0000,0.0000,0.0000,8,0,0,0,0,14,0,0,0,0
zc,WS209,2012-06-21 09:01:13.800,2414.0000,220136,0,0.0000,0.0000,0,0,空换,S,2414.0000,0.0000,0.0000,0.0000,0.0000,2415.0000,0.0000,0.0000,0.0000,0.0000,5,0,0,0,0,23,0,0,0,0
zc,WS209,2012-06-21 09:01:15.050,2414.0000,220136,0,0.0000,4.0000,2,2,空换,S,2414.0000,0.0000,0.0000,0.0000,0.0000,2415.0000,0.0000,0.0000,0.0000,0.0000,3,0,0,0,0,22,0,0,0,0
zc,WS209,2012-06-21 09:01:16.080,2414.0000,220134,-2,0.0000,2.0000,0,2,双平,S,2414.0000,0.0000,0.0000,0.0000,0.0000,2415.0000,0.0000,0.0000,0.0000,0.0000,3,0,0,0,0,22,0,0,0,0
zc,WS209,2012-06-21 09:01:17.830,2414.0000,220136,2,0.0000,4.0000,3,1,空开,S,2414.0000,0.0000,0.0000,0.0000,0.0000,2415.0000,0.0000,0.0000,0.0000,0.0000,1,0,0,0,0,20,0,0,0,0
zc,WS209,2012-06-21 09:01:18.550,2414.0000,220138,2,0.0000,2.0000,2,0,双开,S,2414.0000,0.0000,0.0000,0.0000,0.0000,2415.0000,0.0000,0.0000,0.0000,0.0000,1,0,0,0,0,20,0,0,0,0
zc,WS209,2012-06-21 09:01:19.033,2414.0000,220138,0,0.0000,0.0000,0,0,空换,S,2414.0000,0.0000,0.0000,0.0000,0.0000,2415.0000,0.0000,0.0000,0.0000,0.0000,1,0,0,0,0,21,0,0,0,0
zc,WS209,2012-06-21 09:01:19.847,2414.0000,220136,-2,0.0000,4.0000,1,3,多平,S,2413.0000,0.0000,0.0000,0.0000,0.0000,2415.0000,0.0000,0.0000,0.0000,0.0000,41,0,0,0,0,20,0,0,0,0
zc,WS209,2012-06-21 09:01:20.300,2415.0000,220138,2,0.0000,6.0000,4,2,多开,B,2414.0000,0.0000,0.0000,0.0000,0.0000,2415.0000,0.0000,0.0000,0.0000,0.0000,13,0,0,0,0,16,0,0,0,0
zc,WS209,2012-06-21 09:01:23.770,2416.0000,220032,-106,0.0000,170.0000,32,138,空平,B,2414.0000,0.0000,0.0000,0.0000,0.0000,2416.0000,0.0000,0.0000,0.0000,0.0000,13,0,0,0,0,39,0,0,0,0
zc,WS209,2012-06-21 09:01:25.067,2414.0000,220032,0,0.0000,4.0000,2,2,空换,S,2414.0000,0.0000,0.0000,0.0000,0.0000,2416.0000,0.0000,0.0000,0.0000,0.0000,11,0,0,0,0,39,0,0,0,0
zc,WS209,2012-06-21 09:01:29.080,2414.0000,220032,0,0.0000,0.0000,0,0,空换,S,2414.0000,0.0000,0.0000,0.0000,0.0000,2416.0000,0.0000,0.0000,0.0000,0.0000,13,0,0,0,0,39,0,0,0,0
zc,WS209,2012-06-21 09:01:29.580,2414.0000,220032,0,0.0000,2.0000,1,1,空换,S,2415.0000,0.0000,0.0000,0.0000,0.0000,2416.0000,0.0000,0.0000,0.0000,0.0000,1,0,0,0,0,39,0,0,0,0
zc,WS209,2012-06-21 09:01:30.270,2413.0000,220048,16,0.0000,20.0000,18,2,空开,S,2414.0000,0.0000,0.0000,0.0000,0.0000,2415.0000,0.0000,0.0000,0.0000,0.0000,10,0,0,0,0,5,0,0,0,0
zc,WS209,2012-06-21 09:01:30.817,2413.0000,220048,0,0.0000,0.0000,0,0,空换,S,2414.0000,0.0000,0.0000,0.0000,0.0000,2415.0000,0.0000,0.0000,0.0000,0.0000,16,0,0,0,0,6,0,0,0,0
zc,WS209,2012-06-21 09:01:32.080,2414.0000,220048,0,0.0000,2.0000,1,1,多换,B,2414.0000,0.0000,0.0000,0.0000,0.0000,2415.0000,0.0000,0.0000,0.0000,0.0000,17,0,0,0,0,6,0,0,0,0
zc,WS209,2012-06-21 09:01:33.300,2414.0000,220050,2,0.0000,2.0000,2,0,双开,B,2414.0000,0.0000,0.0000,0.0000,0.0000,2415.0000,0.0000,0.0000,0.0000,0.0000,16,0,0,0,0,6,0,0,0,0
zc,WS209,2012-06-21 09:01:34.347,2414.0000,220060,10,0.0000,26.0000,18,8,多开,B,2414.0000,0.0000,0.0000,0.0000,0.0000,2416.0000,0.0000,0.0000,0.0000,0.0000,19,0,0,0,0,40,0,0,0,0
zc,WS209,2012-06-21 09:01:35.050,2414.0000,220062,2,0.0000,2.0000,2,0,双开,B,2414.0000,0.0000,0.0000,0.0000,0.0000,2416.0000,0.0000,0.0000,0.0000,0.0000,18,0,0,0,0,40,0,0,0,0
zc,WS209,2012-06-21 09:01:35.533,2414.0000,220072,10,0.0000,12.0000,11,1,多开,B,2414.0000,0.0000,0.0000,0.0000,0.0000,2415.0000,0.0000,0.0000,0.0000,0.0000,13,0,0,0,0,9,0,0,0,0
zc,WS209,2012-06-21 09:01:36.627,2414.0000,220072,0,0.0000,2.0000,1,1,多换,B,2414.0000,0.0000,0.0000,0.0000,0.0000,2415.0000,0.0000,0.0000,0.0000,0.0000,12,0,0,0,0,9,0,0,0,0
zc,WS209,2012-06-21 09:01:37.080,2415.0000,220072,0,0.0000,18.0000,9,9,多换,B,2415.0000,0.0000,0.0000,0.0000,0.0000,2416.0000,0.0000,0.0000,0.0000,0.0000,15,0,0,0,0,26,0,0,0,0
zc,WS209,2012-06-21 09:01:38.283,2416.0000,220074,2,0.0000,34.0000,18,16,多开,B,2415.0000,0.0000,0.0000,0.0000,0.0000,2416.0000,0.0000,0.0000,0.0000,0.0000,28,0,0,0,0,10,0,0,0,0
zc,WS209,2012-06-21 09:01:39.567,2416.0000,220074,0,0.0000,8.0000,4,4,多换,B,2415.0000,0.0000,0.0000,0.0000,0.0000,2416.0000,0.0000,0.0000,0.0000,0.0000,24,0,0,0,0,6,0,0,0,0
zc,WS209,2012-06-21 09:01:40.300,2416.0000,220074,0,0.0000,4.0000,2,2,多换,B,2415.0000,0.0000,0.0000,0.0000,0.0000,2416.0000,0.0000,0.0000,0.0000,0.0000,22,0,0,0,0,4,0,0,0,0
zc,WS209,2012-06-21 09:01:41.080,2416.0000,220074,0,0.0000,2.0000,1,1,多换,B,2415.0000,0.0000,0.0000,0.0000,0.0000,2416.0000,0.0000,0.0000,0.0000,0.0000,21,0,0,0,0,1,0,0,0,0
zc,WS209,2012-06-21 09:01:41.770,2416.0000,220076,2,0.0000,2.0000,2,0,双开,B,2415.0000,0.0000,0.0000,0.0000,0.0000,2417.0000,0.0000,0.0000,0.0000,0.0000,21,0,0,0,0,18,0,0,0,0
zc,WS209,2012-06-21 09:01:42.330,2416.0000,220076,0,0.0000,0.0000,0,0,多换,B,2416.0000,0.0000,0.0000,0.0000,0.0000,2417.0000,0.0000,0.0000,0.0000,0.0000,8,0,0,0,0,18,0,0,0,0
zc,WS209,2012-06-21 09:01:43.033,2417.0000,220078,2,0.0000,2.0000,2,0,双开,B,2416.0000,0.0000,0.0000,0.0000,0.0000,2417.0000,0.0000,0.0000,0.0000,0.0000,8,0,0,0,0,19,0,0,0,0
zc,WS209,2012-06-21 09:01:43.597,2417.0000,220078,0,0.0000,0.0000,0,0,多换,B,2416.0000,0.0000,0.0000,0.0000,0.0000,2417.0000,0.0000,0.0000,0.0000,0.0000,8,0,0,0,0,12,0,0,0,0
zc,WS209,2012-06-21 09:01:44.283,2417.0000,220078,0,0.0000,0.0000,0,0,多换,B,2416.0000,0.0000,0.0000,0.0000,0.0000,2417.0000,0.0000,0.0000,0.0000,0.0000,8,0,0,0,0,11,0,0,0,0
zc,WS209,2012-06-21 09:01:44.800,2417.0000,220078,0,0.0000,0.0000,0,0,多换,B,2416.0000,0.0000,0.0000,0.0000,0.0000,2417.0000,0.0000,0.0000,0.0000,0.0000,8,0,0,0,0,19,0,0,0,0
zc,WS209,2012-06-21 09:01:48.800,2417.0000,220078,0,0.0000,0.0000,0,0,多换,B,2416.0000,0.0000,0.0000,0.0000,0.0000,2417.0000,0.0000,0.0000,0.0000,0.0000,8,0,0,0,0,12,0,0,0,0
zc,WS209,2012-06-21 09:01:49.003,2417.0000,220078,0,0.0000,0.0000,0,0,多换,B,2416.0000,0.0000,0.0000,0.0000,0.0000,2417.0000,0.0000,0.0000,0.0000,0.0000,8,0,0,0,0,10,0,0,0,0
zc,WS209,2012-06-21 09:01:49.770,2417.0000,220080,2,0.0000,2.0000,2,0,双开,B,2416.0000,0.0000,0.0000,0.0000,0.0000,2417.0000,0.0000,0.0000,0.0000,0.0000,78,0,0,0,0,6,0,0,0,0
zc,WS209,2012-06-21 09:01:50.283,2417.0000,220080,0,0.0000,2.0000,1,1,多换,B,2416.0000,0.0000,0.0000,0.0000,0.0000,2417.0000,0.0000,0.0000,0.0000,0.0000,97,0,0,0,0,5,0,0,0,0
zc,WS209,2012-06-21 09:01:51.050,2417.0000,220080,0,0.0000,2.0000,1,1,多换,B,2416.0000,0.0000,0.0000,0.0000,0.0000,2417.0000,0.0000,0.0000,0.0000,0.0000,97,0,0,0,0,4,0,0,0,0
zc,WS209,2012-06-21 09:01:51.567,2417.0000,220080,0,0.0000,0.0000,0,0,多换,B,2416.0000,0.0000,0.0000,0.0000,0.0000,2417.0000,0.0000,0.0000,0.0000,0.0000,94,0,0,0,0,4,0,0,0,0
zc,WS209,2012-06-21 09:01:52.300,2417.0000,220080,0,0.0000,0.0000,0,0,多换,B,2416.0000,0.0000,0.0000,0.0000,0.0000,2417.0000,0.0000,0.0000,0.0000,0.0000,95,0,0,0,0,4,0,0,0,0
zc,WS209,2012-06-21 09:01:52.783,2417.0000,220080,0,0.0000,14.0000,7,7,多换,B,2417.0000,0.0000,0.0000,0.0000,0.0000,2418.0000,0.0000,0.0000,0.0000,0.0000,13,0,0,0,0,36,0,0,0,0
zc,WS209,2012-06-21 09:01:53.533,2417.0000,220080,0,0.0000,2.0000,1,1,多换,B,2417.0000,0.0000,0.0000,0.0000,0.0000,2418.0000,0.0000,0.0000,0.0000,0.0000,12,0,0,0,0,37,0,0,0,0
zc,WS209,2012-06-21 09:01:54.033,2417.0000,220080,0,0.0000,12.0000,6,6,多换,B,2417.0000,0.0000,0.0000,0.0000,0.0000,2418.0000,0.0000,0.0000,0.0000,0.0000,6,0,0,0,0,37,0,0,0,0
zc,WS209,2012-06-21 09:01:55.317,2417.0000,220080,0,0.0000,2.0000,1,1,多换,B,2417.0000,0.0000,0.0000,0.0000,0.0000,2418.0000,0.0000,0.0000,0.0000,0.0000,5,0,0,0,0,37,0,0,0,0
zc,WS209,2012-06-21 09:01:55.973,2417.0000,220084,4,0.0000,8.0000,6,2,多开,B,2417.0000,0.0000,0.0000,0.0000,0.0000,2418.0000,0.0000,0.0000,0.0000,0.0000,10,0,0,0,0,25,0,0,0,0
zc,WS209,2012-06-21 09:01:56.520,2417.0000,220084,0,0.0000,0.0000,0,0,多换,B,2417.0000,0.0000,0.0000,0.0000,0.0000,2418.0000,0.0000,0.0000,0.0000,0.0000,38,0,0,0,0,25,0,0,0,0
zc,WS209,2012-06-21 09:01:57.270,2417.0000,220084,0,0.0000,0.0000,0,0,多换,B,2417.0000,0.0000,0.0000,0.0000,0.0000,2418.0000,0.0000,0.0000,0.0000,0.0000,41,0,0,0,0,25,0,0,0,0
zc,WS209,2012-06-21 09:01:58.067,2418.0000,220084,0,0.0000,2.0000,1,1,多换,B,2417.0000,0.0000,0.0000,0.0000,0.0000,2418.0000,0.0000,0.0000,0.0000,0.0000,40,0,0,0,0,24,0,0,0,0
zc,WS209,2012-06-21 09:01:59.270,2417.0000,220086,2,0.0000,2.0000,2,0,双开,S,2417.0000,0.0000,0.0000,0.0000,0.0000,2418.0000,0.0000,0.0000,0.0000,0.0000,39,0,0,0,0,24,0,0,0,0
zc,WS209,2012-06-21 09:01:59.753,2418.0000,220090,4,0.0000,48.0000,26,22,多开,B,2418.0000,0.0000,0.0000,0.0000,0.0000,2419.0000,0.0000,0.0000,0.0000,0.0000,31,0,0,0,0,90,0,0,0,0
zc,WS209,2012-06-21 09:02:00.487,2418.0000,220090,0,0.0000,0.0000,0,0,多换,B,2418.0000,0.0000,0.0000,0.0000,0.0000,2419.0000,0.0000,0.0000,0.0000,0.0000,31,0,0,0,0,92,0,0,0,0
zc,WS209,2012-06-21 09:02:01.597,2418.0000,220104,14,0.0000,14.0000,14,0,双开,B,2418.0000,0.0000,0.0000,0.0000,0.0000,2419.0000,0.0000,0.0000,0.0000,0.0000,24,0,0,0,0,92,0,0,0,0
zc,WS209,2012-06-21 09:02:02.283,2419.0000,220104,0,0.0000,10.0000,5,5,多换,B,2418.0000,0.0000,0.0000,0.0000,0.0000,2419.0000,0.0000,0.0000,0.0000,0.0000,19,0,0,0,0,87,0,0,0,0
zc,WS209,2012-06-21 09:02:02.830,2419.0000,220074,-30,0.0000,174.0000,72,102,空平,B,2418.0000,0.0000,0.0000,0.0000,0.0000,2420.0000,0.0000,0.0000,0.0000,0.0000,12,0,0,0,0,25,0,0,0,0
zc,WS209,2012-06-21 09:02:03.317,2419.0000,220074,0,0.0000,0.0000,0,0,多换,B,2419.0000,0.0000,0.0000,0.0000,0.0000,2420.0000,0.0000,0.0000,0.0000,0.0000,1,0,0,0,0,25,0,0,0,0
zc,WS209,2012-06-21 09:02:04.050,2419.0000,220074,0,0.0000,0.0000,0,0,多换,B,2419.0000,0.0000,0.0000,0.0000,0.0000,2420.0000,0.0000,0.0000,0.0000,0.0000,6,0,0,0,0,16,0,0,0,0
zc,WS209,2012-06-21 09:02:04.550,2419.0000,220074,0,0.0000,0.0000,0,0,多换,B,2419.0000,0.0000,0.0000,0.0000,0.0000,2420.0000,0.0000,0.0000,0.0000,0.0000,1,0,0,0,0,16,0,0,0,0
zc,WS209,2012-06-21 09:02:05.317,2419.0000,220074,0,0.0000,0.0000,0,0,多换,B,2419.0000,0.0000,0.0000,0.0000,0.0000,2420.0000,0.0000,0.0000,0.0000,0.0000,2,0,0,0,0,16,0,0,0,0
zc,WS209,2012-06-21 09:02:06.160,2419.0000,220074,0,0.0000,0.0000,0,0,多换,B,2419.0000,0.0000,0.0000,0.0000,0.0000,2420.0000,0.0000,0.0000,0.0000,0.0000,3,0,0,0,0,26,0,0,0,0
zc,WS209,2012-06-21 09:02:06.863,2420.0000,220088,14,0.0000,20.0000,17,3,多开,B,2419.0000,0.0000,0.0000,0.0000,0.0000,2420.0000,0.0000,0.0000,0.0000,0.0000,3,0,0,0,0,5,0,0,0,0
zc,WS209,2012-06-21 09:02:07.317,2419.0000,220086,-2,0.0000,2.0000,0,2,双平,S,2418.0000,0.0000,0.0000,0.0000,0.0000,2419.0000,0.0000,0.0000,0.0000,0.0000,7,0,0,0,0,1,0,0,0,0
zc,WS209,2012-06-21 09:02:08.033,2419.0000,220072,-14,0.0000,18.0000,2,16,多平,S,2418.0000,0.0000,0.0000,0.0000,0.0000,2419.0000,0.0000,0.0000,0.0000,0.0000,8,0,0,0,0,2,0,0,0,0
zc,WS209,2012-06-21 09:02:08.627,2419.0000,220072,0,0.0000,6.0000,3,3,空换,S,2419.0000,0.0000,0.0000,0.0000,0.0000,2420.0000,0.0000,0.0000,0.0000,0.0000,17,0,0,0,0,16,0,0,0,0
zc,WS209,2012-06-21 09:02:12.330,2419.0000,220072,0,0.0000,0.0000,0,0,空换,S,2419.0000,0.0000,0.0000,0.0000,0.0000,2420.0000,0.0000,0.0000,0.0000,0.0000,17,0,0,0,0,17,0,0,0,0
zc,WS209,2012-06-21 09:02:13.020,2419.0000,220072,0,0.0000,0.0000,0,0,空换,S,2419.0000,0.0000,0.0000,0.0000,0.0000,2420.0000,0.0000,0.0000,0.0000,0.0000,20,0,0,0,0,17,0,0,0,0
zc,WS209,2012-06-21 09:02:14.877,2419.0000,220072,0,0.0000,0.0000,0,0,空换,S,2419.0000,0.0000,0.0000,0.0000,0.0000,2420.0000,0.0000,0.0000,0.0000,0.0000,20,0,0,0,0,18,0,0,0,0
zc,WS209,2012-06-21 09:02:15.270,2419.0000,220072,0,0.0000,0.0000,0,0,空换,S,2419.0000,0.0000,0.0000,0.0000,0.0000,2420.0000,0.0000,0.0000,0.0000,0.0000,20,0,0,0,0,32,0,0,0,0
zc,WS209,2012-06-21 09:02:16.020,2419.0000,220072,0,0.0000,0.0000,0,0,空换,S,2419.0000,0.0000,0.0000,0.0000,0.0000,2420.0000,0.0000,0.0000,0.0000,0.0000,20,0,0,0,0,33,0,0,0,0
zc,WS209,2012-06-21 09:02:16.533,2420.0000,220076,4,0.0000,4.0000,4,0,双开,B,2419.0000,0.0000,0.0000,0.0000,0.0000,2420.0000,0.0000,0.0000,0.0000,0.0000,24,0,0,0,0,21,0,0,0,0
zc,WS209,2012-06-21 09:02:17.253,2419.0000,220076,0,0.0000,16.0000,8,8,空换,S,2419.0000,0.0000,0.0000,0.0000,0.0000,2420.0000,0.0000,0.0000,0.0000,0.0000,16,0,0,0,0,21,0,0,0,0
zc,WS209,2012-06-21 09:02:19.020,2419.0000,220076,0,0.0000,0.0000,0,0,空换,S,2419.0000,0.0000,0.0000,0.0000,0.0000,2420.0000,0.0000,0.0000,0.0000,0.0000,11,0,0,0,0,32,0,0,0,0
zc,WS209,2012-06-21 09:02:20.270,2419.0000,220076,0,0.0000,0.0000,0,0,空换,S,2419.0000,0.0000,0.0000,0.0000,0.0000,2420.0000,0.0000,0.0000,0.0000,0.0000,12,0,0,0,0,32,0,0,0,0
zc,WS209,2012-06-21 09:02:20.783,2419.0000,220078,2,0.0000,2.0000,2,0,双开,S,2419.0000,0.0000,0.0000,0.0000,0.0000,2420.0000,0.0000,0.0000,0.0000,0.0000,11,0,0,0,0,36,0,0,0,0
zc,WS209,2012-06-21 09:02:21.550,2419.0000,220082,4,0.0000,4.0000,4,0,双开,S,2419.0000,0.0000,0.0000,0.0000,0.0000,2420.0000,0.0000,0.0000,0.0000,0.0000,9,0,0,0,0,36,0,0,0,0
zc,WS209,2012-06-21 09:02:22.033,2419.0000,220082,0,0.0000,4.0000,2,2,空换,S,2419.0000,0.0000,0.0000,0.0000,0.0000,2420.0000,0.0000,0.0000,0.0000,0.0000,26,0,0,0,0,44,0,0,0,0
zc,WS209,2012-06-21 09:02:22.830,2419.0000,220082,0,0.0000,4.0000,2,2,空换,S,2419.0000,0.0000,0.0000,0.0000,0.0000,2420.0000,0.0000,0.0000,0.0000,0.0000,24,0,0,0,0,43,0,0,0,0
zc,WS209,2012-06-21 09:02:23.283,2419.0000,220082,0,0.0000,0.0000,0,0,空换,S,2419.0000,0.0000,0.0000,0.0000,0.0000,2420.0000,0.0000,0.0000,0.0000,0.0000,25,0,0,0,0,43,0,0,0,0
zc,WS209,2012-06-21 09:02:24.050,2419.0000,220088,6,0.0000,6.0000,6,0,双开,S,2419.0000,0.0000,0.0000,0.0000,0.0000,2420.0000,0.0000,0.0000,0.0000,0.0000,22,0,0,0,0,45,0,0,0,0
zc,WS209,2012-06-21 09:02:24.317,2419.0000,220090,2,0.0000,2.0000,2,0,双开,S,2419.0000,0.0000,0.0000,0.0000,0.0000,2420.0000,0.0000,0.0000,0.0000,0.0000,21,0,0,0,0,45,0,0,0,0
zc,WS209,2012-06-21 09:02:25.580,2419.0000,220090,0,0.0000,18.0000,9,9,空换,S,2419.0000,0.0000,0.0000,0.0000,0.0000,2420.0000,0.0000,0.0000,0.0000,0.0000,12,0,0,0,0,59,0,0,0,0
zc,WS209,2012-06-21 09:02:26.317,2419.0000,220098,8,0.0000,32.0000,20,12,空开,S,2418.0000,0.0000,0.0000,0.0000,0.0000,2420.0000,0.0000,0.0000,0.0000,0.0000,13,0,0,0,0,55,0,0,0,0
zc,WS209,2012-06-21 09:02:26.800,2419.0000,220098,0,0.0000,0.0000,0,0,空换,S,2418.0000,0.0000,0.0000,0.0000,0.0000,2420.0000,0.0000,0.0000,0.0000,0.0000,13,0,0,0,0,56,0,0,0,0
zc,WS209,2012-06-21 09:02:27.567,2419.0000,220098,0,0.0000,0.0000,0,0,空换,S,2418.0000,0.0000,0.0000,0.0000,0.0000,2420.0000,0.0000,0.0000,0.0000,0.0000,12,0,0,0,0,59,0,0,0,0
zc,WS209,2012-06-21 09:02:28.080,2419.0000,220098,0,0.0000,10.0000,5,5,空换,S,2418.0000,0.0000,0.0000,0.0000,0.0000,2419.0000,0.0000,0.0000,0.0000,0.0000,6,0,0,0,0,2,0,0,0,0
zc,WS209,2012-06-21 09:02:28.800,2418.0000,220102,4,0.0000,12.0000,8,4,空开,S,2417.0000,0.0000,0.0000,0.0000,0.0000,2419.0000,0.0000,0.0000,0.0000,0.0000,57,0,0,0,0,17,0,0,0,0
zc,WS209,2012-06-21 09:02:29.597,2419.0000,220104,2,0.0000,2.0000,2,0,双开,B,2417.0000,0.0000,0.0000,0.0000,0.0000,2419.0000,0.0000,0.0000,0.0000,0.0000,57,0,0,0,0,16,0,0,0,0
zc,WS209,2012-06-21 09:02:30.033,2419.0000,220104,0,0.0000,0.0000,0,0,多换,B,2418.0000,0.0000,0.0000,0.0000,0.0000,2419.0000,0.0000,0.0000,0.0000,0.0000,5,0,0,0,0,1,0,0,0,0
zc,WS209,2012-06-21 09:02:30.753,2419.0000,220104,0,0.0000,0.0000,0,0,多换,B,2418.0000,0.0000,0.0000,0.0000,0.0000,2419.0000,0.0000,0.0000,0.0000,0.0000,6,0,0,0,0,10,0,0,0,0
zc,WS209,2012-06-21 09:02:31.550,2419.0000,220104,0,0.0000,0.0000,0,0,多换,B,2418.0000,0.0000,0.0000,0.0000,0.0000,2419.0000,0.0000,0.0000,0.0000,0.0000,6,0,0,0,0,11,0,0,0,0
zc,WS209,2012-06-21 09:02:32.050,2418.0000,220102,-2,0.0000,2.0000,0,2,双平,S,2418.0000,0.0000,0.0000,0.0000,0.0000,2419.0000,0.0000,0.0000,0.0000,0.0000,21,0,0,0,0,11,0,0,0,0
zc,WS209,2012-06-21 09:02:33.347,2418.0000,220102,0,0.0000,0.0000,0,0,空换,S,2418.0000,0.0000,0.0000,0.0000,0.0000,2419.0000,0.0000,0.0000,0.0000,0.0000,21,0,0,0,0,12,0,0,0,0
zc,WS209,2012-06-21 09:02:33.800,2419.0000,220100,-2,0.0000,8.0000,3,5,空平,B,2418.0000,0.0000,0.0000,0.0000,0.0000,2419.0000,0.0000,0.0000,0.0000,0.0000,19,0,0,0,0,8,0,0,0,0
zc,WS209,2012-06-21 09:02:34.533,2419.0000,220100,0,0.0000,0.0000,0,0,多换,B,2418.0000,0.0000,0.0000,0.0000,0.0000,2419.0000,0.0000,0.0000,0.0000,0.0000,17,0,0,0,0,23,0,0,0,0
zc,WS209,2012-06-21 09:02:35.050,2419.0000,220110,10,0.0000,16.0000,13,3,多开,B,2418.0000,0.0000,0.0000,0.0000,0.0000,2420.0000,0.0000,0.0000,0.0000,0.0000,41,0,0,0,0,68,0,0,0,0
zc,WS209,2012-06-21 09:02:36.050,2419.0000,220110,0,0.0000,0.0000,0,0,多换,B,2418.0000,0.0000,0.0000,0.0000,0.0000,2420.0000,0.0000,0.0000,0.0000,0.0000,41,0,0,0,0,69,0,0,0,0
zc,WS209,2012-06-21 09:02:37.783,2419.0000,220110,0,0.0000,0.0000,0,0,多换,B,2418.0000,0.0000,0.0000,0.0000,0.0000,2420.0000,0.0000,0.0000,0.0000,0.0000,41,0,0,0,0,70,0,0,0,0
zc,WS209,2012-06-21 09:02:38.580,2419.0000,220110,0,0.0000,0.0000,0,0,多换,B,2419.0000,0.0000,0.0000,0.0000,0.0000,2420.0000,0.0000,0.0000,0.0000,0.0000,1,0,0,0,0,71,0,0,0,0
zc,WS209,2012-06-21 09:02:39.520,2419.0000,220110,0,0.0000,0.0000,0,0,多换,B,2419.0000,0.0000,0.0000,0.0000,0.0000,2420.0000,0.0000,0.0000,0.0000,0.0000,6,0,0,0,0,71,0,0,0,0
zc,WS209,2012-06-21 09:02:42.050,2419.0000,220112,2,0.0000,2.0000,2,0,双开,B,2419.0000,0.0000,0.0000,0.0000,0.0000,2420.0000,0.0000,0.0000,0.0000,0.0000,5,0,0,0,0,71,0,0,0,0
zc,WS209,2012-06-21 09:02:43.283,2419.0000,220112,0,0.0000,0.0000,0,0,多换,B,2419.0000,0.0000,0.0000,0.0000,0.0000,2420.0000,0.0000,0.0000,0.0000,0.0000,6,0,0,0,0,72,0,0,0,0
zc,WS209,2012-06-21 09:02:43.800,2419.0000,220110,-2,0.0000,14.0000,6,8,空平,B,2418.0000,0.0000,0.0000,0.0000,0.0000,2420.0000,0.0000,0.0000,0.0000,0.0000,41,0,0,0,0,72,0,0,0,0
zc,WS209,2012-06-21 09:02:45.050,2420.0000,220112,2,0.0000,2.0000,2,0,双开,B,2418.0000,0.0000,0.0000,0.0000,0.0000,2420.0000,0.0000,0.0000,0.0000,0.0000,41,0,0,0,0,71,0,0,0,0
zc,WS209,2012-06-21 09:02:45.847,2420.0000,220112,0,0.0000,0.0000,0,0,多换,B,2419.0000,0.0000,0.0000,0.0000,0.0000,2420.0000,0.0000,0.0000,0.0000,0.0000,1,0,0,0,0,71,0,0,0,0
zc,WS209,2012-06-21 09:02:46.533,2419.0000,220114,2,0.0000,2.0000,2,0,双开,S,2418.0000,0.0000,0.0000,0.0000,0.0000,2420.0000,0.0000,0.0000,0.0000,0.0000,41,0,0,0,0,70,0,0,0,0
zc,WS209,2012-06-21 09:02:50.503,2420.0000,220116,2,0.0000,2.0000,2,0,双开,B,2418.0000,0.0000,0.0000,0.0000,0.0000,2420.0000,0.0000,0.0000,0.0000,0.0000,41,0,0,0,0,69,0,0,0,0
zc,WS209,2012-06-21 09:02:51.020,2420.0000,220116,0,0.0000,0.0000,0,0,多换,B,2418.0000,0.0000,0.0000,0.0000,0.0000,2420.0000,0.0000,0.0000,0.0000,0.0000,45,0,0,0,0,69,0,0,0,0
zc,WS209,2012-06-21 09:02:52.283,2420.0000,220116,0,0.0000,0.0000,0,0,多换,B,2418.0000,0.0000,0.0000,0.0000,0.0000,2420.0000,0.0000,0.0000,0.0000,0.0000,45,0,0,0,0,70,0,0,0,0
zc,WS209,2012-06-21 09:02:53.050,2420.0000,220116,0,0.0000,0.0000,0,0,多换,B,2418.0000,0.0000,0.0000,0.0000,0.0000,2420.0000,0.0000,0.0000,0.0000,0.0000,45,0,0,0,0,68,0,0,0,0
zc,WS209,2012-06-21 09:02:54.520,2420.0000,220116,0,0.0000,0.0000,0,0,多换,B,2418.0000,0.0000,0.0000,0.0000,0.0000,2420.0000,0.0000,0.0000,0.0000,0.0000,45,0,0,0,0,69,0,0,0,0
zc,WS209,2012-06-21 09:02:55.300,2420.0000,220116,0,0.0000,0.0000,0,0,多换,B,2418.0000,0.0000,0.0000,0.0000,0.0000,2420.0000,0.0000,0.0000,0.0000,0.0000,45,0,0,0,0,70,0,0,0,0
zc,WS209,2012-06-21 09:02:55.783,2419.0000,220116,0,0.0000,2.0000,1,1,空换,S,2418.0000,0.0000,0.0000,0.0000,0.0000,2419.0000,0.0000,0.0000,0.0000,0.0000,45,0,0,0,0,4,0,0,0,0
zc,WS209,2012-06-21 09:02:56.550,2419.0000,220116,0,0.0000,0.0000,0,0,空换,S,2418.0000,0.0000,0.0000,0.0000,0.0000,2419.0000,0.0000,0.0000,0.0000,0.0000,50,0,0,0,0,4,0,0,0,0
zc,WS209,2012-06-21 09:02:58.283,2419.0000,220116,0,0.0000,0.0000,0,0,空换,S,2418.0000,0.0000,0.0000,0.0000,0.0000,2419.0000,0.0000,0.0000,0.0000,0.0000,50,0,0,0,0,5,0,0,0,0
zc,WS209,2012-06-21 09:02:58.753,2419.0000,220116,0,0.0000,0.0000,0,0,空换,S,2418.0000,0.0000,0.0000,0.0000,0.0000,2419.0000,0.0000,0.0000,0.0000,0.0000,53,0,0,0,0,5,0,0,0,0
zc,WS209,2012-06-21 09:02:59.567,2419.0000,220118,2,0.0000,10.0000,6,4,空开,S,2419.0000,0.0000,0.0000,0.0000,0.0000,2420.0000,0.0000,0.0000,0.0000,0.0000,18,0,0,0,0,65,0,0,0,0
zc,WS209,2012-06-21 09:03:01.033,2419.0000,220118,0,0.0000,0.0000,0,0,空换,S,2419.0000,0.0000,0.0000,0.0000,0.0000,2420.0000,0.0000,0.0000,0.0000,0.0000,18,0,0,0,0,64,0,0,0,0
zc,WS209,2012-06-21 09:03:02.817,2420.0000,220120,2,0.0000,2.0000,2,0,双开,B,2419.0000,0.0000,0.0000,0.0000,0.0000,2420.0000,0.0000,0.0000,0.0000,0.0000,18,0,0,0,0,67,0,0,0,0
zc,WS209,2012-06-21 09:03:05.957,2420.0000,220120,0,0.0000,0.0000,0,0,多换,B,2419.0000,0.0000,0.0000,0.0000,0.0000,2420.0000,0.0000,0.0000,0.0000,0.0000,18,0,0,0,0,67,0,0,0,0
zc,WS209,2012-06-21 09:03:07.003,2419.0000,220120,0,0.0000,2.0000,1,1,空换,S,2419.0000,0.0000,0.0000,0.0000,0.0000,2420.0000,0.0000,0.0000,0.0000,0.0000,17,0,0,0,0,67,0,0,0,0
zc,WS209,2012-06-21 09:03:07.533,2419.0000,220120,0,0.0000,0.0000,0,0,空换,S,2419.0000,0.0000,0.0000,0.0000,0.0000,2420.0000,0.0000,0.0000,0.0000,0.0000,17,0,0,0,0,68,0,0,0,0
zc,WS209,2012-06-21 09:03:08.253,2419.0000,220120,0,0.0000,0.0000,0,0,空换,S,2419.0000,0.0000,0.0000,0.0000,0.0000,2420.0000,0.0000,0.0000,0.0000,0.0000,19,0,0,0,0,68,0,0,0,0
zc,WS209,2012-06-21 09:03:10.783,2420.0000,220110,-10,0.0000,40.0000,15,25,空平,B,2419.0000,0.0000,0.0000,0.0000,0.0000,2420.0000,0.0000,0.0000,0.0000,0.0000,19,0,0,0,0,47,0,0,0,0
zc,WS209,2012-06-21 09:03:11.723,2419.0000,220112,2,0.0000,2.0000,2,0,双开,S,2419.0000,0.0000,0.0000,0.0000,0.0000,2420.0000,0.0000,0.0000,0.0000,0.0000,18,0,0,0,0,47,0,0,0,0
zc,WS209,2012-06-21 09:03:13.783,2419.0000,220112,0,0.0000,0.0000,0,0,空换,S,2419.0000,0.0000,0.0000,0.0000,0.0000,2420.0000,0.0000,0.0000,0.0000,0.0000,18,0,0,0,0,48,0,0,0,0
zc,WS209,2012-06-21 09:03:15.317,2419.0000,220112,0,0.0000,0.0000,0,0,空换,S,2419.0000,0.0000,0.0000,0.0000,0.0000,2420.0000,0.0000,0.0000,0.0000,0.0000,23,0,0,0,0,48,0,0,0,0
zc,WS209,2012-06-21 09:03:16.050,2419.0000,220112,0,0.0000,0.0000,0,0,空换,S,2419.0000,0.0000,0.0000,0.0000,0.0000,2420.0000,0.0000,0.0000,0.0000,0.0000,24,0,0,0,0,48,0,0,0,0
zc,WS209,2012-06-21 09:03:16.783,2419.0000,220112,0,0.0000,2.0000,1,1,空换,S,2419.0000,0.0000,0.0000,0.0000,0.0000,2420.0000,0.0000,0.0000,0.0000,0.0000,23,0,0,0,0,48,0,0,0,0
zc,WS209,2012-06-21 09:03:17.283,2420.0000,220116,4,0.0000,22.0000,13,9,多开,B,2419.0000,0.0000,0.0000,0.0000,0.0000,2420.0000,0.0000,0.0000,0.0000,0.0000,12,0,0,0,0,37,0,0,0,0
zc,WS209,2012-06-21 09:03:18.003,2420.0000,220122,6,0.0000,14.0000,10,4,多开,B,2419.0000,0.0000,0.0000,0.0000,0.0000,2420.0000,0.0000,0.0000,0.0000,0.0000,9,0,0,0,0,36,0,0,0,0
zc,WS209,2012-06-21 09:03:18.253,2420.0000,220120,-2,0.0000,2.0000,0,2,双平,B,2419.0000,0.0000,0.0000,0.0000,0.0000,2420.0000,0.0000,0.0000,0.0000,0.0000,9,0,0,0,0,35,0,0,0,0
zc,WS209,2012-06-21 09:03:19.550,2420.0000,220120,0,0.0000,6.0000,3,3,多换,B,2419.0000,0.0000,0.0000,0.0000,0.0000,2420.0000,0.0000,0.0000,0.0000,0.0000,9,0,0,0,0,33,0,0,0,0
zc,WS209,2012-06-21 09:03:20.283,2420.0000,220084,-36,0.0000,66.0000,15,51,空平,B,2419.0000,0.0000,0.0000,0.0000,0.0000,2421.0000,0.0000,0.0000,0.0000,0.0000,16,0,0,0,0,88,0,0,0,0
zc,WS209,2012-06-21 09:03:21.503,2419.0000,220082,-2,0.0000,2.0000,0,2,双平,S,2419.0000,0.0000,0.0000,0.0000,0.0000,2421.0000,0.0000,0.0000,0.0000,0.0000,16,0,0,0,0,88,0,0,0,0
zc,WS209,2012-06-21 09:03:22.020,2419.0000,220082,0,0.0000,0.0000,0,0,空换,S,2419.0000,0.0000,0.0000,0.0000,0.0000,2421.0000,0.0000,0.0000,0.0000,0.0000,11,0,0,0,0,88,0,0,0,0
zc,WS209,2012-06-21 09:03:22.550,2419.0000,220082,0,0.0000,0.0000,0,0,空换,S,2419.0000,0.0000,0.0000,0.0000,0.0000,2421.0000,0.0000,0.0000,0.0000,0.0000,8,0,0,0,0,88,0,0,0,0
zc,WS209,2012-06-21 09:03:23.270,2419.0000,220082,0,0.0000,0.0000,0,0,空换,S,2419.0000,0.0000,0.0000,0.0000,0.0000,2421.0000,0.0000,0.0000,0.0000,0.0000,9,0,0,0,0,88,0,0,0,0
zc,WS209,2012-06-21 09:03:23.753,2420.0000,220082,0,0.0000,2.0000,1,1,多换,B,2419.0000,0.0000,0.0000,0.0000,0.0000,2421.0000,0.0000,0.0000,0.0000,0.0000,15,0,0,0,0,87,0,0,0,0
zc,WS209,2012-06-21 09:03:25.033,2420.0000,220082,0,0.0000,0.0000,0,0,多换,B,2419.0000,0.0000,0.0000,0.0000,0.0000,2421.0000,0.0000,0.0000,0.0000,0.0000,15,0,0,0,0,86,0,0,0,0
zc,WS209,2012-06-21 09:03:25.783,2420.0000,220082,0,0.0000,0.0000,0,0,多换,B,2419.0000,0.0000,0.0000,0.0000,0.0000,2421.0000,0.0000,0.0000,0.0000,0.0000,15,0,0,0,0,87,0,0,0,0
zc,WS209,2012-06-21 09:03:27.253,2420.0000,220082,0,0.0000,0.0000,0,0,多换,B,2419.0000,0.0000,0.0000,0.0000,0.0000,2421.0000,0.0000,0.0000,0.0000,0.0000,15,0,0,0,0,88,0,0,0,0
zc,WS209,2012-06-21 09:03:27.737,2419.0000,220072,-10,0.0000,12.0000,1,11,多平,S,2419.0000,0.0000,0.0000,0.0000,0.0000,2421.0000,0.0000,0.0000,0.0000,0.0000,10,0,0,0,0,88,0,0,0,0
zc,WS209,2012-06-21 09:03:28.270,2419.0000,220072,0,0.0000,0.0000,0,0,空换,S,2419.0000,0.0000,0.0000,0.0000,0.0000,2421.0000,0.0000,0.0000,0.0000,0.0000,10,0,0,0,0,76,0,0,0,0
zc,WS209,2012-06-21 09:03:28.817,2419.0000,220072,0,0.0000,0.0000,0,0,空换,S,2419.0000,0.0000,0.0000,0.0000,0.0000,2421.0000,0.0000,0.0000,0.0000,0.0000,15,0,0,0,0,76,0,0,0,0
zc,WS209,2012-06-21 09:03:29.847,2419.0000,220072,0,0.0000,0.0000,0,0,空换,S,2419.0000,0.0000,0.0000,0.0000,0.0000,2421.0000,0.0000,0.0000,0.0000,0.0000,15,0,0,0,0,77,0,0,0,0
zc,WS209,2012-06-21 09:03:30.020,2419.0000,220072,0,0.0000,0.0000,0,0,空换,S,2419.0000,0.0000,0.0000,0.0000,0.0000,2420.0000,0.0000,0.0000,0.0000,0.0000,15,0,0,0,0,1,0,0,0,0
zc,WS209,2012-06-21 09:03:30.783,2420.0000,220070,-2,0.0000,2.0000,0,2,双平,B,2419.0000,0.0000,0.0000,0.0000,0.0000,2421.0000,0.0000,0.0000,0.0000,0.0000,14,0,0,0,0,77,0,0,0,0
zc,WS209,2012-06-21 09:03:31.770,2420.0000,220070,0,0.0000,0.0000,0,0,多换,B,2419.0000,0.0000,0.0000,0.0000,0.0000,2421.0000,0.0000,0.0000,0.0000,0.0000,16,0,0,0,0,77,0,0,0,0
zc,WS209,2012-06-21 09:03:33.800,2420.0000,220070,0,0.0000,0.0000,0,0,多换,B,2420.0000,0.0000,0.0000,0.0000,0.0000,2421.0000,0.0000,0.0000,0.0000,0.0000,1,0,0,0,0,77,0,0,0,0
zc,WS209,2012-06-21 09:03:34.253,2420.0000,220070,0,0.0000,0.0000,0,0,多换,B,2420.0000,0.0000,0.0000,0.0000,0.0000,2421.0000,0.0000,0.0000,0.0000,0.0000,1,0,0,0,0,81,0,0,0,0
zc,WS209,2012-06-21 09:03:36.533,2420.0000,220070,0,0.0000,0.0000,0,0,多换,B,2419.0000,0.0000,0.0000,0.0000,0.0000,2421.0000,0.0000,0.0000,0.0000,0.0000,16,0,0,0,0,89,0,0,0,0
zc,WS209,2012-06-21 09:03:37.283,2420.0000,220072,2,0.0000,2.0000,2,0,双开,B,2419.0000,0.0000,0.0000,0.0000,0.0000,2420.0000,0.0000,0.0000,0.0000,0.0000,17,0,0,0,0,5,0,0,0,0
zc,WS209,2012-06-21 09:03:37.753,2420.0000,220080,8,0.0000,10.0000,9,1,多开,B,2420.0000,0.0000,0.0000,0.0000,0.0000,2421.0000,0.0000,0.0000,0.0000,0.0000,2,0,0,0,0,81,0,0,0,0
zc,WS209,2012-06-21 09:03:38.503,2420.0000,220080,0,0.0000,0.0000,0,0,多换,B,2420.0000,0.0000,0.0000,0.0000,0.0000,2421.0000,0.0000,0.0000,0.0000,0.0000,12,0,0,0,0,81,0,0,0,0
zc,WS209,2012-06-21 09:03:39.050,2420.0000,220080,0,0.0000,0.0000,0,0,多换,B,2420.0000,0.0000,0.0000,0.0000,0.0000,2421.0000,0.0000,0.0000,0.0000,0.0000,39,0,0,0,0,81,0,0,0,0
zc,WS209,2012-06-21 09:03:39.533,2420.0000,220080,0,0.0000,0.0000,0,0,多换,B,2420.0000,0.0000,0.0000,0.0000,0.0000,2421.0000,0.0000,0.0000,0.0000,0.0000,41,0,0,0,0,81,0,0,0,0
zc,WS209,2012-06-21 09:03:40.237,2420.0000,220080,0,0.0000,0.0000,0,0,多换,B,2420.0000,0.0000,0.0000,0.0000,0.0000,2421.0000,0.0000,0.0000,0.0000,0.0000,56,0,0,0,0,81,0,0,0,0
zc,WS209,2012-06-21 09:03:41.253,2420.0000,220080,0,0.0000,0.0000,0,0,多换,B,2420.0000,0.0000,0.0000,0.0000,0.0000,2421.0000,0.0000,0.0000,0.0000,0.0000,97,0,0,0,0,81,0,0,0,0
zc,WS209,2012-06-21 09:03:43.033,2421.0000,220080,0,0.0000,4.0000,2,2,多换,B,2420.0000,0.0000,0.0000,0.0000,0.0000,2421.0000,0.0000,0.0000,0.0000,0.0000,95,0,0,0,0,77,0,0,0,0
zc,WS209,2012-06-21 09:03:43.580,2421.0000,220080,0,0.0000,4.0000,2,2,多换,B,2420.0000,0.0000,0.0000,0.0000,0.0000,2421.0000,0.0000,0.0000,0.0000,0.0000,93,0,0,0,0,75,0,0,0,0
zc,WS209,2012-06-21 09:03:44.270,2421.0000,220080,0,0.0000,4.0000,2,2,多换,B,2420.0000,0.0000,0.0000,0.0000,0.0000,2421.0000,0.0000,0.0000,0.0000,0.0000,91,0,0,0,0,73,0,0,0,0
zc,WS209,2012-06-21 09:03:44.783,2421.0000,220080,0,0.0000,2.0000,1,1,多换,B,2420.0000,0.0000,0.0000,0.0000,0.0000,2421.0000,0.0000,0.0000,0.0000,0.0000,91,0,0,0,0,72,0,0,0,0
zc,WS209,2012-06-21 09:03:45.550,2421.0000,220080,0,0.0000,4.0000,2,2,多换,B,2420.0000,0.0000,0.0000,0.0000,0.0000,2421.0000,0.0000,0.0000,0.0000,0.0000,139,0,0,0,0,70,0,0,0,0
zc,WS209,2012-06-21 09:03:45.753,2421.0000,220080,0,0.0000,0.0000,0,0,多换,B,2420.0000,0.0000,0.0000,0.0000,0.0000,2421.0000,0.0000,0.0000,0.0000,0.0000,139,0,0,0,0,75,0,0,0,0
zc,WS209,2012-06-21 09:03:46.503,2421.0000,220132,52,0.0000,60.0000,56,4,多开,B,2420.0000,0.0000,0.0000,0.0000,0.0000,2421.0000,0.0000,0.0000,0.0000,0.0000,139,0,0,0,0,45,0,0,0,0
zc,WS209,2012-06-21 09:03:47.003,2421.0000,220146,14,0.0000,32.0000,23,9,多开,B,2420.0000,0.0000,0.0000,0.0000,0.0000,2421.0000,0.0000,0.0000,0.0000,0.0000,132,0,0,0,0,29,0,0,0,0
zc,WS209,2012-06-21 09:03:47.753,2421.0000,220148,2,0.0000,2.0000,2,0,双开,B,2420.0000,0.0000,0.0000,0.0000,0.0000,2421.0000,0.0000,0.0000,0.0000,0.0000,132,0,0,0,0,28,0,0,0,0
zc,WS209,2012-06-21 09:03:48.270,2421.0000,220160,12,0.0000,24.0000,18,6,多开,B,2420.0000,0.0000,0.0000,0.0000,0.0000,2421.0000,0.0000,0.0000,0.0000,0.0000,127,0,0,0,0,16,0,0,0,0
zc,WS209,2012-06-21 09:03:48.783,2421.0000,220174,14,0.0000,32.0000,23,9,多开,B,2421.0000,0.0000,0.0000,0.0000,0.0000,2422.0000,0.0000,0.0000,0.0000,0.0000,53,0,0,0,0,6,0,0,0,0
zc,WS209,2012-06-21 09:03:49.550,2421.0000,220174,0,0.0000,0.0000,0,0,多换,B,2421.0000,0.0000,0.0000,0.0000,0.0000,2422.0000,0.0000,0.0000,0.0000,0.0000,83,0,0,0,0,6,0,0,0,0
zc,WS209,2012-06-21 09:03:49.737,2421.0000,220174,0,0.0000,0.0000,0,0,多换,B,2421.0000,0.0000,0.0000,0.0000,0.0000,2422.0000,0.0000,0.0000,0.0000,0.0000,80,0,0,0,0,6,0,0,0,0
zc,WS209,2012-06-21 09:03:50.800,2421.0000,220174,0,0.0000,0.0000,0,0,多换,B,2421.0000,0.0000,0.0000,0.0000,0.0000,2422.0000,0.0000,0.0000,0.0000,0.0000,78,0,0,0,0,6,0,0,0,0
zc,WS209,2012-06-21 09:03:51.237,2421.0000,220174,0,0.0000,0.0000,0,0,多换,B,2421.0000,0.0000,0.0000,0.0000,0.0000,2422.0000,0.0000,0.0000,0.0000,0.0000,79,0,0,0,0,4,0,0,0,0
zc,WS209,2012-06-21 09:03:51.800,2422.0000,220174,0,0.0000,16.0000,8,8,多换,B,2422.0000,0.0000,0.0000,0.0000,0.0000,2423.0000,0.0000,0.0000,0.0000,0.0000,57,0,0,0,0,6,0,0,0,0
zc,WS209,2012-06-21 09:03:52.283,2423.0000,220176,2,0.0000,2.0000,2,0,双开,B,2422.0000,0.0000,0.0000,0.0000,0.0000,2423.0000,0.0000,0.0000,0.0000,0.0000,57,0,0,0,0,8,0,0,0,0
zc,WS209,2012-06-21 09:03:53.033,2423.0000,220174,-2,0.0000,2.0000,0,2,双平,B,2422.0000,0.0000,0.0000,0.0000,0.0000,2423.0000,0.0000,0.0000,0.0000,0.0000,49,0,0,0,0,7,0,0,0,0
zc,WS209,2012-06-21 09:03:53.580,2423.0000,220176,2,0.0000,16.0000,9,7,多开,B,2423.0000,0.0000,0.0000,0.0000,0.0000,2424.0000,0.0000,0.0000,0.0000,0.0000,12,0,0,0,0,41,0,0,0,0
zc,WS209,2012-06-21 09:03:54.020,2423.0000,220176,0,0.0000,0.0000,0,0,多换,B,2423.0000,0.0000,0.0000,0.0000,0.0000,2424.0000,0.0000,0.0000,0.0000,0.0000,13,0,0,0,0,36,0,0,0,0
zc,WS209,2012-06-21 09:03:56.067,2423.0000,220178,2,0.0000,2.0000,2,0,双开,B,2423.0000,0.0000,0.0000,0.0000,0.0000,2424.0000,0.0000,0.0000,0.0000,0.0000,15,0,0,0,0,24,0,0,0,0
zc,WS209,2012-06-21 09:03:56.550,2423.0000,220178,0,0.0000,0.0000,0,0,多换,B,2423.0000,0.0000,0.0000,0.0000,0.0000,2424.0000,0.0000,0.0000,0.0000,0.0000,16,0,0,0,0,24,0,0,0,0
zc,WS209,2012-06-21 09:03:57.317,2423.0000,220178,0,0.0000,22.0000,11,11,多换,B,2423.0000,0.0000,0.0000,0.0000,0.0000,2424.0000,0.0000,0.0000,0.0000,0.0000,17,0,0,0,0,12,0,0,0,0
zc,WS209,2012-06-21 09:03:57.520,2423.0000,220178,0,0.0000,0.0000,0,0,多换,B,2423.0000,0.0000,0.0000,0.0000,0.0000,2424.0000,0.0000,0.0000,0.0000,0.0000,51,0,0,0,0,12,0,0,0,0
zc,WS209,2012-06-21 09:03:58.317,2423.0000,220178,0,0.0000,0.0000,0,0,多换,B,2423.0000,0.0000,0.0000,0.0000,0.0000,2424.0000,0.0000,0.0000,0.0000,0.0000,79,0,0,0,0,12,0,0,0,0
zc,WS209,2012-06-21 09:03:58.783,2423.0000,220178,0,0.0000,0.0000,0,0,多换,B,2423.0000,0.0000,0.0000,0.0000,0.0000,2424.0000,0.0000,0.0000,0.0000,0.0000,78,0,0,0,0,12,0,0,0,0
zc,WS209,2012-06-21 09:03:59.567,2423.0000,220178,0,0.0000,0.0000,0,0,多换,B,2423.0000,0.0000,0.0000,0.0000,0.0000,2424.0000,0.0000,0.0000,0.0000,0.0000,80,0,0,0,0,12,0,0,0,0
zc,WS209,2012-06-21 09:04:00.533,2423.0000,220182,4,0.0000,4.0000,4,0,双开,B,2423.0000,0.0000,0.0000,0.0000,0.0000,2424.0000,0.0000,0.0000,0.0000,0.0000,78,0,0,0,0,12,0,0,0,0
zc,WS209,2012-06-21 09:04:01.817,2423.0000,220182,0,0.0000,0.0000,0,0,多换,B,2423.0000,0.0000,0.0000,0.0000,0.0000,2424.0000,0.0000,0.0000,0.0000,0.0000,75,0,0,0,0,12,0,0,0,0
zc,WS209,2012-06-21 09:04:02.503,2423.0000,220182,0,0.0000,0.0000,0,0,多换,B,2423.0000,0.0000,0.0000,0.0000,0.0000,2424.0000,0.0000,0.0000,0.0000,0.0000,75,0,0,0,0,13,0,0,0,0
zc,WS209,2012-06-21 09:04:03.067,2423.0000,220182,0,0.0000,0.0000,0,0,多换,B,2423.0000,0.0000,0.0000,0.0000,0.0000,2424.0000,0.0000,0.0000,0.0000,0.0000,78,0,0,0,0,13,0,0,0,0
zc,WS209,2012-06-21 09:04:03.723,2424.0000,220182,0,0.0000,2.0000,1,1,多换,B,2423.0000,0.0000,0.0000,0.0000,0.0000,2424.0000,0.0000,0.0000,0.0000,0.0000,78,0,0,0,0,73,0,0,0,0
zc,WS209,2012-06-21 09:04:04.300,2424.0000,220182,0,0.0000,0.0000,0,0,多换,B,2423.0000,0.0000,0.0000,0.0000,0.0000,2424.0000,0.0000,0.0000,0.0000,0.0000,78,0,0,0,0,74,0,0,0,0
zc,WS209,2012-06-21 09:04:05.080,2424.0000,220180,-2,0.0000,4.0000,1,3,空平,B,2423.0000,0.0000,0.0000,0.0000,0.0000,2424.0000,0.0000,0.0000,0.0000,0.0000,78,0,0,0,0,73,0,0,0,0
zc,WS209,2012-06-21 09:04:05.533,2424.0000,220180,0,0.0000,54.0000,27,27,多换,B,2423.0000,0.0000,0.0000,0.0000,0.0000,2424.0000,0.0000,0.0000,0.0000,0.0000,56,0,0,0,0,53,0,0,0,0
zc,WS209,2012-06-21 09:04:06.097,2424.0000,220180,0,0.0000,20.0000,10,10,多换,B,2423.0000,0.0000,0.0000,0.0000,0.0000,2424.0000,0.0000,0.0000,0.0000,0.0000,46,0,0,0,0,43,0,0,0,0
zc,WS209,2012-06-21 09:04:07.317,2424.0000,220180,0,0.0000,6.0000,3,3,多换,B,2423.0000,0.0000,0.0000,0.0000,0.0000,2424.0000,0.0000,0.0000,0.0000,0.0000,43,0,0,0,0,42,0,0,0,0
zc,WS209,2012-06-21 09:04:07.770,2424.0000,220180,0,0.0000,0.0000,0,0,多换,B,2423.0000,0.0000,0.0000,0.0000,0.0000,2424.0000,0.0000,0.0000,0.0000,0.0000,43,0,0,0,0,43,0,0,0,0
zc,WS209,2012-06-21 09:04:08.597,2424.0000,220180,0,0.0000,4.0000,2,2,多换,B,2423.0000,0.0000,0.0000,0.0000,0.0000,2424.0000,0.0000,0.0000,0.0000,0.0000,41,0,0,0,0,52,0,0,0,0
zc,WS209,2012-06-21 09:04:09.283,2423.0000,220188,8,0.0000,18.0000,13,5,空开,S,2423.0000,0.0000,0.0000,0.0000,0.0000,2424.0000,0.0000,0.0000,0.0000,0.0000,32,0,0,0,0,47,0,0,0,0
zc,WS209,2012-06-21 09:04:10.270,2424.0000,220188,0,0.0000,44.0000,22,22,多换,B,2423.0000,0.0000,0.0000,0.0000,0.0000,2424.0000,0.0000,0.0000,0.0000,0.0000,10,0,0,0,0,25,0,0,0,0
zc,WS209,2012-06-21 09:04:11.080,2423.0000,220188,0,0.0000,2.0000,1,1,空换,S,2423.0000,0.0000,0.0000,0.0000,0.0000,2424.0000,0.0000,0.0000,0.0000,0.0000,9,0,0,0,0,25,0,0,0,0
zc,WS209,2012-06-21 09:04:11.987,2423.0000,220188,0,0.0000,2.0000,1,1,空换,S,2423.0000,0.0000,0.0000,0.0000,0.0000,2424.0000,0.0000,0.0000,0.0000,0.0000,8,0,0,0,0,25,0,0,0,0
zc,WS209,2012-06-21 09:04:12.783,2424.0000,220188,0,0.0000,4.0000,2,2,多换,B,2423.0000,0.0000,0.0000,0.0000,0.0000,2424.0000,0.0000,0.0000,0.0000,0.0000,11,0,0,0,0,24,0,0,0,0
zc,WS209,2012-06-21 09:04:13.253,2424.0000,220188,0,0.0000,0.0000,0,0,多换,B,2423.0000,0.0000,0.0000,0.0000,0.0000,2424.0000,0.0000,0.0000,0.0000,0.0000,11,0,0,0,0,26,0,0,0,0
zc,WS209,2012-06-21 09:04:13.737,2424.0000,220188,0,0.0000,8.0000,4,4,多换,B,2423.0000,0.0000,0.0000,0.0000,0.0000,2424.0000,0.0000,0.0000,0.0000,0.0000,7,0,0,0,0,24,0,0,0,0
zc,WS209,2012-06-21 09:04:14.550,2424.0000,220188,0,0.0000,0.0000,0,0,多换,B,2423.0000,0.0000,0.0000,0.0000,0.0000,2424.0000,0.0000,0.0000,0.0000,0.0000,7,0,0,0,0,25,0,0,0,0
zc,WS209,2012-06-21 09:04:15.033,2424.0000,220188,0,0.0000,0.0000,0,0,多换,B,2423.0000,0.0000,0.0000,0.0000,0.0000,2424.0000,0.0000,0.0000,0.0000,0.0000,7,0,0,0,0,27,0,0,0,0
zc,WS209,2012-06-21 09:04:15.770,2423.0000,220188,0,0.0000,14.0000,7,7,空换,S,2421.0000,0.0000,0.0000,0.0000,0.0000,2423.0000,0.0000,0.0000,0.0000,0.0000,33,0,0,0,0,12,0,0,0,0
zc,WS209,2012-06-21 09:04:16.533,2423.0000,220188,0,0.0000,0.0000,0,0,空换,S,2421.0000,0.0000,0.0000,0.0000,0.0000,2423.0000,0.0000,0.0000,0.0000,0.0000,36,0,0,0,0,19,0,0,0,0
zc,WS209,2012-06-21 09:04:17.503,2423.0000,220188,0,0.0000,0.0000,0,0,空换,S,2421.0000,0.0000,0.0000,0.0000,0.0000,2423.0000,0.0000,0.0000,0.0000,0.0000,36,0,0,0,0,28,0,0,0,0
zc,WS209,2012-06-21 09:04:18.347,2423.0000,220188,0,0.0000,0.0000,0,0,空换,S,2421.0000,0.0000,0.0000,0.0000,0.0000,2423.0000,0.0000,0.0000,0.0000,0.0000,32,0,0,0,0,28,0,0,0,0
zc,WS209,2012-06-21 09:04:18.800,2423.0000,220188,0,0.0000,0.0000,0,0,空换,S,2421.0000,0.0000,0.0000,0.0000,0.0000,2423.0000,0.0000,0.0000,0.0000,0.0000,29,0,0,0,0,28,0,0,0,0
zc,WS209,2012-06-21 09:04:19.533,2423.0000,220188,0,0.0000,0.0000,0,0,空换,S,2421.0000,0.0000,0.0000,0.0000,0.0000,2423.0000,0.0000,0.0000,0.0000,0.0000,24,0,0,0,0,29,0,0,0,0
zc,WS209,2012-06-21 09:04:20.003,2423.0000,220178,-10,0.0000,10.0000,0,10,双平,S,2421.0000,0.0000,0.0000,0.0000,0.0000,2423.0000,0.0000,0.0000,0.0000,0.0000,21,0,0,0,0,24,0,0,0,0
zc,WS209,2012-06-21 09:04:21.020,2423.0000,220178,0,0.0000,0.0000,0,0,空换,S,2421.0000,0.0000,0.0000,0.0000,0.0000,2423.0000,0.0000,0.0000,0.0000,0.0000,19,0,0,0,0,25,0,0,0,0
zc,WS209,2012-06-21 09:04:21.567,2423.0000,220178,0,0.0000,0.0000,0,0,空换,S,2421.0000,0.0000,0.0000,0.0000,0.0000,2423.0000,0.0000,0.0000,0.0000,0.0000,25,0,0,0,0,18,0,0,0,0
zc,WS209,2012-06-21 09:04:22.317,2421.0000,220178,0,0.0000,14.0000,7,7,空换,S,2421.0000,0.0000,0.0000,0.0000,0.0000,2423.0000,0.0000,0.0000,0.0000,0.0000,15,0,0,0,0,19,0,0,0,0
zc,WS209,2012-06-21 09:04:22.770,2421.0000,220178,0,0.0000,0.0000,0,0,空换,S,2421.0000,0.0000,0.0000,0.0000,0.0000,2423.0000,0.0000,0.0000,0.0000,0.0000,17,0,0,0,0,20,0,0,0,0
zc,WS209,2012-06-21 09:04:23.300,2421.0000,220178,0,0.0000,0.0000,0,0,空换,S,2421.0000,0.0000,0.0000,0.0000,0.0000,2423.0000,0.0000,0.0000,0.0000,0.0000,22,0,0,0,0,20,0,0,0,0
zc,WS209,2012-06-21 09:04:24.550,2421.0000,220178,0,0.0000,0.0000,0,0,空换,S,2421.0000,0.0000,0.0000,0.0000,0.0000,2423.0000,0.0000,0.0000,0.0000,0.0000,26,0,0,0,0,63,0,0,0,0
zc,WS209,2012-06-21 09:04:25.050,2421.0000,220178,0,0.0000,0.0000,0,0,空换,S,2422.0000,0.0000,0.0000,0.0000,0.0000,2423.0000,0.0000,0.0000,0.0000,0.0000,20,0,0,0,0,65,0,0,0,0
zc,WS209,2012-06-21 09:04:25.533,2421.0000,220178,0,0.0000,0.0000,0,0,空换,S,2422.0000,0.0000,0.0000,0.0000,0.0000,2423.0000,0.0000,0.0000,0.0000,0.0000,20,0,0,0,0,70,0,0,0,0
zc,WS209,2012-06-21 09:04:26.300,2421.0000,220178,0,0.0000,0.0000,0,0,空换,S,2422.0000,0.0000,0.0000,0.0000,0.0000,2423.0000,0.0000,0.0000,0.0000,0.0000,20,0,0,0,0,71,0,0,0,0
zc,WS209,2012-06-21 09:04:27.753,2422.0000,220178,0,0.0000,2.0000,1,1,多换,B,2422.0000,0.0000,0.0000,0.0000,0.0000,2423.0000,0.0000,0.0000,0.0000,0.0000,20,0,0,0,0,83,0,0,0,0
zc,WS209,2012-06-21 09:04:30.237,2423.0000,220178,0,0.0000,10.0000,5,5,多换,B,2422.0000,0.0000,0.0000,0.0000,0.0000,2423.0000,0.0000,0.0000,0.0000,0.0000,15,0,0,0,0,78,0,0,0,0
zc,WS209,2012-06-21 09:04:31.033,2423.0000,220178,0,0.0000,0.0000,0,0,多换,B,2422.0000,0.0000,0.0000,0.0000,0.0000,2423.0000,0.0000,0.0000,0.0000,0.0000,15,0,0,0,0,79,0,0,0,0
zc,WS209,2012-06-21 09:04:33.270,2422.0000,220178,0,0.0000,40.0000,20,20,空换,S,2421.0000,0.0000,0.0000,0.0000,0.0000,2423.0000,0.0000,0.0000,0.0000,0.0000,29,0,0,0,0,79,0,0,0,0
zc,WS209,2012-06-21 09:04:33.723,2423.0000,220178,0,0.0000,2.0000,1,1,多换,B,2421.0000,0.0000,0.0000,0.0000,0.0000,2423.0000,0.0000,0.0000,0.0000,0.0000,29,0,0,0,0,83,0,0,0,0
zc,WS209,2012-06-21 09:04:35.520,2423.0000,220178,0,0.0000,0.0000,0,0,多换,B,2422.0000,0.0000,0.0000,0.0000,0.0000,2423.0000,0.0000,0.0000,0.0000,0.0000,4,0,0,0,0,83,0,0,0,0
zc,WS209,2012-06-21 09:04:36.253,2423.0000,220178,0,0.0000,0.0000,0,0,多换,B,2422.0000,0.0000,0.0000,0.0000,0.0000,2423.0000,0.0000,0.0000,0.0000,0.0000,1,0,0,0,0,83,0,0,0,0
zc,WS209,2012-06-21 09:04:36.753,2423.0000,220178,0,0.0000,0.0000,0,0,多换,B,2422.0000,0.0000,0.0000,0.0000,0.0000,2423.0000,0.0000,0.0000,0.0000,0.0000,2,0,0,0,0,84,0,0,0,0
zc,WS209,2012-06-21 09:04:37.223,2423.0000,220178,0,0.0000,0.0000,0,0,多换,B,2422.0000,0.0000,0.0000,0.0000,0.0000,2423.0000,0.0000,0.0000,0.0000,0.0000,2,0,0,0,0,75,0,0,0,0
zc,WS209,2012-06-21 09:04:38.067,2422.0000,220180,2,0.0000,2.0000,2,0,双开,S,2422.0000,0.0000,0.0000,0.0000,0.0000,2423.0000,0.0000,0.0000,0.0000,0.0000,1,0,0,0,0,75,0,0,0,0
zc,WS209,2012-06-21 09:04:39.253,2423.0000,220180,0,0.0000,2.0000,1,1,多换,B,2422.0000,0.0000,0.0000,0.0000,0.0000,2423.0000,0.0000,0.0000,0.0000,0.0000,10,0,0,0,0,74,0,0,0,0
zc,WS209,2012-06-21 09:04:39.783,2422.0000,220180,0,0.0000,8.0000,4,4,空换,S,2422.0000,0.0000,0.0000,0.0000,0.0000,2423.0000,0.0000,0.0000,0.0000,0.0000,6,0,0,0,0,75,0,0,0,0
zc,WS209,2012-06-21 09:04:41.533,2422.0000,220182,2,0.0000,2.0000,2,0,双开,S,2422.0000,0.0000,0.0000,0.0000,0.0000,2423.0000,0.0000,0.0000,0.0000,0.0000,11,0,0,0,0,77,0,0,0,0
zc,WS209,2012-06-21 09:04:42.020,2422.0000,220182,0,0.0000,4.0000,2,2,空换,S,2422.0000,0.0000,0.0000,0.0000,0.0000,2423.0000,0.0000,0.0000,0.0000,0.0000,9,0,0,0,0,77,0,0,0,0
zc,WS209,2012-06-21 09:04:42.737,2422.0000,220182,0,0.0000,0.0000,0,0,空换,S,2422.0000,0.0000,0.0000,0.0000,0.0000,2423.0000,0.0000,0.0000,0.0000,0.0000,9,0,0,0,0,82,0,0,0,0
zc,WS209,2012-06-21 09:04:43.253,2422.0000,220182,0,0.0000,2.0000,1,1,空换,S,2422.0000,0.0000,0.0000,0.0000,0.0000,2423.0000,0.0000,0.0000,0.0000,0.0000,8,0,0,0,0,82,0,0,0,0
zc,WS209,2012-06-21 09:04:44.533,2422.0000,220182,0,0.0000,0.0000,0,0,空换,S,2422.0000,0.0000,0.0000,0.0000,0.0000,2423.0000,0.0000,0.0000,0.0000,0.0000,7,0,0,0,0,82,0,0,0,0
zc,WS209,2012-06-21 09:04:45.020,2422.0000,220184,2,0.0000,2.0000,2,0,双开,S,2422.0000,0.0000,0.0000,0.0000,0.0000,2423.0000,0.0000,0.0000,0.0000,0.0000,6,0,0,0,0,82,0,0,0,0
zc,WS209,2012-06-21 09:04:45.753,2422.0000,220184,0,0.0000,6.0000,3,3,空换,S,2422.0000,0.0000,0.0000,0.0000,0.0000,2423.0000,0.0000,0.0000,0.0000,0.0000,3,0,0,0,0,83,0,0,0,0
zc,WS209,2012-06-21 09:04:46.987,2422.0000,220186,2,0.0000,2.0000,2,0,双开,S,2422.0000,0.0000,0.0000,0.0000,0.0000,2423.0000,0.0000,0.0000,0.0000,0.0000,2,0,0,0,0,84,0,0,0,0
zc,WS209,2012-06-21 09:04:49.330,2422.0000,220184,-2,0.0000,4.0000,1,3,多平,S,2421.0000,0.0000,0.0000,0.0000,0.0000,2422.0000,0.0000,0.0000,0.0000,0.0000,22,0,0,0,0,4,0,0,0,0
zc,WS209,2012-06-21 09:04:49.770,2422.0000,220184,0,0.0000,0.0000,0,0,空换,S,2421.0000,0.0000,0.0000,0.0000,0.0000,2422.0000,0.0000,0.0000,0.0000,0.0000,23,0,0,0,0,4,0,0,0,0
zc,WS209,2012-06-21 09:04:51.533,2422.0000,220184,0,0.0000,0.0000,0,0,空换,S,2421.0000,0.0000,0.0000,0.0000,0.0000,2422.0000,0.0000,0.0000,0.0000,0.0000,17,0,0,0,0,4,0,0,0,0
zc,WS209,2012-06-21 09:04:52.270,2422.0000,220184,0,0.0000,8.0000,4,4,空换,S,2422.0000,0.0000,0.0000,0.0000,0.0000,2423.0000,0.0000,0.0000,0.0000,0.0000,6,0,0,0,0,85,0,0,0,0
zc,WS209,2012-06-21 09:04:53.503,2422.0000,220184,0,0.0000,4.0000,2,2,空换,S,2422.0000,0.0000,0.0000,0.0000,0.0000,2423.0000,0.0000,0.0000,0.0000,0.0000,4,0,0,0,0,80,0,0,0,0
zc,WS209,2012-06-21 09:04:54.050,2422.0000,220192,8,0.0000,8.0000,8,0,双开,S,2421.0000,0.0000,0.0000,0.0000,0.0000,2422.0000,0.0000,0.0000,0.0000,0.0000,18,0,0,0,0,72,0,0,0,0
zc,WS209,2012-06-21 09:04:55.753,2422.0000,220202,10,0.0000,10.0000,10,0,双开,S,2421.0000,0.0000,0.0000,0.0000,0.0000,2422.0000,0.0000,0.0000,0.0000,0.0000,18,0,0,0,0,67,0,0,0,0
zc,WS209,2012-06-21 09:04:57.050,2422.0000,220202,0,0.0000,0.0000,0,0,空换,S,2421.0000,0.0000,0.0000,0.0000,0.0000,2422.0000,0.0000,0.0000,0.0000,0.0000,18,0,0,0,0,69,0,0,0,0
zc,WS209,2012-06-21 09:04:57.533,2422.0000,220338,136,0.0000,138.0000,137,1,空开,S,2421.0000,0.0000,0.0000,0.0000,0.0000,2423.0000,0.0000,0.0000,0.0000,0.0000,149,0,0,0,0,78,0,0,0,0
zc,WS209,2012-06-21 09:04:58.033,2422.0000,220338,0,0.0000,0.0000,0,0,空换,S,2422.0000,0.0000,0.0000,0.0000,0.0000,2423.0000,0.0000,0.0000,0.0000,0.0000,1,0,0,0,0,78,0,0,0,0
zc,WS209,2012-06-21 09:04:58.737,2422.0000,220338,0,0.0000,0.0000,0,0,空换,S,2422.0000,0.0000,0.0000,0.0000,0.0000,2423.0000,0.0000,0.0000,0.0000,0.0000,1,0,0,0,0,77,0,0,0,0
zc,WS209,2012-06-21 09:05:00.003,2422.0000,220338,0,0.0000,10.0000,5,5,空换,S,2421.0000,0.0000,0.0000,0.0000,0.0000,2423.0000,0.0000,0.0000,0.0000,0.0000,145,0,0,0,0,77,0,0,0,0
zc,WS209,2012-06-21 09:05:00.567,2422.0000,220338,0,0.0000,0.0000,0,0,空换,S,2422.0000,0.0000,0.0000,0.0000,0.0000,2423.0000,0.0000,0.0000,0.0000,0.0000,121,0,0,0,0,77,0,0,0,0
zc,WS209,2012-06-21 09:05:01.270,2422.0000,220338,0,0.0000,0.0000,0,0,空换,S,2422.0000,0.0000,0.0000,0.0000,0.0000,2423.0000,0.0000,0.0000,0.0000,0.0000,111,0,0,0,0,77,0,0,0,0
zc,WS209,2012-06-21 09:05:01.830,2422.0000,220338,0,0.0000,0.0000,0,0,空换,S,2422.0000,0.0000,0.0000,0.0000,0.0000,2423.0000,0.0000,0.0000,0.0000,0.0000,128,0,0,0,0,77,0,0,0,0
zc,WS209,2012-06-21 09:05:02.503,2422.0000,220338,0,0.0000,2.0000,1,1,空换,S,2422.0000,0.0000,0.0000,0.0000,0.0000,2423.0000,0.0000,0.0000,0.0000,0.0000,127,0,0,0,0,77,0,0,0,0
zc,WS209,2012-06-21 09:05:03.020,2422.0000,220342,4,0.0000,4.0000,4,0,双开,S,2422.0000,0.0000,0.0000,0.0000,0.0000,2423.0000,0.0000,0.0000,0.0000,0.0000,125,0,0,0,0,77,0,0,0,0
zc,WS209,2012-06-21 09:05:04.783,2422.0000,220342,0,0.0000,92.0000,46,46,空换,S,2422.0000,0.0000,0.0000,0.0000,0.0000,2423.0000,0.0000,0.0000,0.0000,0.0000,80,0,0,0,0,77,0,0,0,0
zc,WS209,2012-06-21 09:05:05.503,2422.0000,220342,0,0.0000,0.0000,0,0,空换,S,2422.0000,0.0000,0.0000,0.0000,0.0000,2423.0000,0.0000,0.0000,0.0000,0.0000,100,0,0,0,0,77,0,0,0,0
zc,WS209,2012-06-21 09:05:06.050,2422.0000,220342,0,0.0000,0.0000,0,0,空换,S,2422.0000,0.0000,0.0000,0.0000,0.0000,2423.0000,0.0000,0.0000,0.0000,0.0000,100,0,0,0,0,76,0,0,0,0
zc,WS209,2012-06-21 09:05:06.753,2422.0000,220342,0,0.0000,40.0000,20,20,空换,S,2422.0000,0.0000,0.0000,0.0000,0.0000,2423.0000,0.0000,0.0000,0.0000,0.0000,80,0,0,0,0,76,0,0,0,0
zc,WS209,2012-06-21 09:05:07.237,2423.0000,220344,2,0.0000,2.0000,2,0,双开,B,2422.0000,0.0000,0.0000,0.0000,0.0000,2423.0000,0.0000,0.0000,0.0000,0.0000,80,0,0,0,0,75,0,0,0,0
zc,WS209,2012-06-21 09:05:10.580,2423.0000,220344,0,0.0000,0.0000,0,0,多换,B,2422.0000,0.0000,0.0000,0.0000,0.0000,2423.0000,0.0000,0.0000,0.0000,0.0000,80,0,0,0,0,77,0,0,0,0
zc,WS209,2012-06-21 09:05:11.033,2423.0000,220344,0,0.0000,0.0000,0,0,多换,B,2422.0000,0.0000,0.0000,0.0000,0.0000,2423.0000,0.0000,0.0000,0.0000,0.0000,81,0,0,0,0,78,0,0,0,0
zc,WS209,2012-06-21 09:05:14.783,2423.0000,220344,0,0.0000,0.0000,0,0,多换,B,2422.0000,0.0000,0.0000,0.0000,0.0000,2423.0000,0.0000,0.0000,0.0000,0.0000,82,0,0,0,0,78,0,0,0,0
zc,WS209,2012-06-21 09:05:16.270,2422.0000,220344,0,0.0000,2.0000,1,1,空换,S,2422.0000,0.0000,0.0000,0.0000,0.0000,2423.0000,0.0000,0.0000,0.0000,0.0000,81,0,0,0,0,78,0,0,0,0
zc,WS209,2012-06-21 09:05:17.003,2422.0000,220396,52,0.0000,166.0000,109,57,空开,S,2422.0000,0.0000,0.0000,0.0000,0.0000,2424.0000,0.0000,0.0000,0.0000,0.0000,98,0,0,0,0,33,0,0,0,0
zc,WS209,2012-06-21 09:05:17.503,2422.0000,220396,0,0.0000,0.0000,0,0,空换,S,2422.0000,0.0000,0.0000,0.0000,0.0000,2424.0000,0.0000,0.0000,0.0000,0.0000,98,0,0,0,0,35,0,0,0,0
zc,WS209,2012-06-21 09:05:18.783,2423.0000,220396,0,0.0000,2.0000,1,1,多换,B,2423.0000,0.0000,0.0000,0.0000,0.0000,2424.0000,0.0000,0.0000,0.0000,0.0000,75,0,0,0,0,35,0,0,0,0
zc,WS209,2012-06-21 09:05:19.567,2423.0000,220396,0,0.0000,6.0000,3,3,多换,B,2423.0000,0.0000,0.0000,0.0000,0.0000,2424.0000,0.0000,0.0000,0.0000,0.0000,72,0,0,0,0,35,0,0,0,0
zc,WS209,2012-06-21 09:05:20.003,2424.0000,220412,16,0.0000,18.0000,17,1,多开,B,2423.0000,0.0000,0.0000,0.0000,0.0000,2424.0000,0.0000,0.0000,0.0000,0.0000,63,0,0,0,0,26,0,0,0,0
zc,WS209,2012-06-21 09:05:21.300,2424.0000,220428,16,0.0000,52.0000,34,18,多开,B,2424.0000,0.0000,0.0000,0.0000,0.0000,2425.0000,0.0000,0.0000,0.0000,0.0000,37,0,0,0,0,68,0,0,0,0
zc,WS209,2012-06-21 09:05:21.783,2424.0000,220428,0,0.0000,0.0000,0,0,多换,B,2424.0000,0.0000,0.0000,0.0000,0.0000,2425.0000,0.0000,0.0000,0.0000,0.0000,37,0,0,0,0,69,0,0,0,0
zc,WS209,2012-06-21 09:05:22.533,2424.0000,220428,0,0.0000,0.0000,0,0,多换,B,2424.0000,0.0000,0.0000,0.0000,0.0000,2425.0000,0.0000,0.0000,0.0000,0.0000,37,0,0,0,0,70,0,0,0,0
zc,WS209,2012-06-21 09:05:22.973,2425.0000,220430,2,0.0000,2.0000,2,0,双开,B,2424.0000,0.0000,0.0000,0.0000,0.0000,2425.0000,0.0000,0.0000,0.0000,0.0000,36,0,0,0,0,68,0,0,0,0
zc,WS209,2012-06-21 09:05:23.737,2425.0000,220430,0,0.0000,32.0000,16,16,多换,B,2424.0000,0.0000,0.0000,0.0000,0.0000,2425.0000,0.0000,0.0000,0.0000,0.0000,21,0,0,0,0,54,0,0,0,0
zc,WS209,2012-06-21 09:05:24.300,2425.0000,220428,-2,0.0000,8.0000,3,5,空平,B,2424.0000,0.0000,0.0000,0.0000,0.0000,2425.0000,0.0000,0.0000,0.0000,0.0000,18,0,0,0,0,50,0,0,0,0
zc,WS209,2012-06-21 09:05:25.020,2425.0000,220426,-2,0.0000,6.0000,2,4,空平,B,2424.0000,0.0000,0.0000,0.0000,0.0000,2425.0000,0.0000,0.0000,0.0000,0.0000,16,0,0,0,0,47,0,0,0,0
zc,WS209,2012-06-21 09:05:25.503,2425.0000,220428,2,0.0000,68.0000,35,33,多开,B,2424.0000,0.0000,0.0000,0.0000,0.0000,2425.0000,0.0000,0.0000,0.0000,0.0000,1,0,0,0,0,13,0,0,0,0
zc,WS209,2012-06-21 09:05:26.330,2425.0000,220428,0,0.0000,14.0000,7,7,多换,B,2424.0000,0.0000,0.0000,0.0000,0.0000,2425.0000,0.0000,0.0000,0.0000,0.0000,2,0,0,0,0,6,0,0,0,0
zc,WS209,2012-06-21 09:05:26.753,2425.0000,220430,2,0.0000,12.0000,7,5,多开,B,2424.0000,0.0000,0.0000,0.0000,0.0000,2426.0000,0.0000,0.0000,0.0000,0.0000,8,0,0,0,0,83,0,0,0,0
zc,WS209,2012-06-21 09:05:27.503,2425.0000,220430,0,0.0000,0.0000,0,0,多换,B,2424.0000,0.0000,0.0000,0.0000,0.0000,2426.0000,0.0000,0.0000,0.0000,0.0000,9,0,0,0,0,85,0,0,0,0
zc,WS209,2012-06-21 09:05:28.737,2425.0000,220430,0,0.0000,0.0000,0,0,多换,B,2424.0000,0.0000,0.0000,0.0000,0.0000,2426.0000,0.0000,0.0000,0.0000,0.0000,9,0,0,0,0,86,0,0,0,0
zc,WS209,2012-06-21 09:05:29.783,2425.0000,220430,0,0.0000,0.0000,0,0,多换,B,2424.0000,0.0000,0.0000,0.0000,0.0000,2426.0000,0.0000,0.0000,0.0000,0.0000,29,0,0,0,0,86,0,0,0,0
zc,WS209,2012-06-21 09:05:30.503,2425.0000,220430,0,0.0000,0.0000,0,0,多换,B,2424.0000,0.0000,0.0000,0.0000,0.0000,2426.0000,0.0000,0.0000,0.0000,0.0000,30,0,0,0,0,86,0,0,0,0
zc,WS209,2012-06-21 09:05:31.050,2425.0000,220430,0,0.0000,0.0000,0,0,多换,B,2424.0000,0.0000,0.0000,0.0000,0.0000,2426.0000,0.0000,0.0000,0.0000,0.0000,31,0,0,0,0,86,0,0,0,0
zc,WS209,2012-06-21 09:05:32.237,2425.0000,220430,0,0.0000,0.0000,0,0,多换,B,2424.0000,0.0000,0.0000,0.0000,0.0000,2425.0000,0.0000,0.0000,0.0000,0.0000,31,0,0,0,0,9,0,0,0,0
zc,WS209,2012-06-21 09:05:33.003,2425.0000,220450,20,0.0000,20.0000,20,0,双开,B,2424.0000,0.0000,0.0000,0.0000,0.0000,2425.0000,0.0000,0.0000,0.0000,0.0000,71,0,0,0,0,50,0,0,0,0
zc,WS209,2012-06-21 09:05:33.533,2425.0000,220496,46,0.0000,46.0000,46,0,双开,B,2424.0000,0.0000,0.0000,0.0000,0.0000,2425.0000,0.0000,0.0000,0.0000,0.0000,49,0,0,0,0,27,0,0,0,0
zc,WS209,2012-06-21 09:05:34.003,2425.0000,220522,26,0.0000,26.0000,26,0,双开,B,2424.0000,0.0000,0.0000,0.0000,0.0000,2425.0000,0.0000,0.0000,0.0000,0.0000,37,0,0,0,0,14,0,0,0,0
zc,WS209,2012-06-21 09:05:34.503,2425.0000,220550,28,0.0000,28.0000,28,0,双开,B,2424.0000,0.0000,0.0000,0.0000,0.0000,2426.0000,0.0000,0.0000,0.0000,0.0000,30,0,0,0,0,87,0,0,0,0
zc,WS209,2012-06-21 09:05:35.253,2425.0000,220550,0,0.0000,0.0000,0,0,多换,B,2424.0000,0.0000,0.0000,0.0000,0.0000,2425.0000,0.0000,0.0000,0.0000,0.0000,30,0,0,0,0,1,0,0,0,0
zc,WS209,2012-06-21 09:05:36.783,2425.0000,220548,-2,0.0000,2.0000,0,2,双平,B,2424.0000,0.0000,0.0000,0.0000,0.0000,2425.0000,0.0000,0.0000,0.0000,0.0000,30,0,0,0,0,2,0,0,0,0
zc,WS209,2012-06-21 09:05:37.270,2425.0000,220548,0,0.0000,0.0000,0,0,多换,B,2424.0000,0.0000,0.0000,0.0000,0.0000,2425.0000,0.0000,0.0000,0.0000,0.0000,30,0,0,0,0,4,0,0,0,0
zc,WS209,2012-06-21 09:05:38.050,2425.0000,220548,0,0.0000,0.0000,0,0,多换,B,2424.0000,0.0000,0.0000,0.0000,0.0000,2425.0000,0.0000,0.0000,0.0000,0.0000,29,0,0,0,0,4,0,0,0,0
zc,WS209,2012-06-21 09:05:38.503,2425.0000,220548,0,0.0000,0.0000,0,0,多换,B,2424.0000,0.0000,0.0000,0.0000,0.0000,2425.0000,0.0000,0.0000,0.0000,0.0000,29,0,0,0,0,5,0,0,0,0
zc,WS209,2012-06-21 09:05:39.050,2425.0000,220548,0,0.0000,0.0000,0,0,多换,B,2424.0000,0.0000,0.0000,0.0000,0.0000,2425.0000,0.0000,0.0000,0.0000,0.0000,29,0,0,0,0,6,0,0,0,0
zc,WS209,2012-06-21 09:05:39.753,2425.0000,220554,6,0.0000,26.0000,16,10,多开,B,2424.0000,0.0000,0.0000,0.0000,0.0000,2426.0000,0.0000,0.0000,0.0000,0.0000,66,0,0,0,0,123,0,0,0,0
zc,WS209,2012-06-21 09:05:40.253,2425.0000,220554,0,0.0000,0.0000,0,0,多换,B,2425.0000,0.0000,0.0000,0.0000,0.0000,2426.0000,0.0000,0.0000,0.0000,0.0000,1,0,0,0,0,123,0,0,0,0
zc,WS209,2012-06-21 09:05:40.987,2425.0000,220556,2,0.0000,2.0000,2,0,双开,B,2424.0000,0.0000,0.0000,0.0000,0.0000,2425.0000,0.0000,0.0000,0.0000,0.0000,67,0,0,0,0,1,0,0,0,0
zc,WS209,2012-06-21 09:05:41.533,2425.0000,220568,12,0.0000,12.0000,12,0,双开,B,2424.0000,0.0000,0.0000,0.0000,0.0000,2425.0000,0.0000,0.0000,0.0000,0.0000,61,0,0,0,0,46,0,0,0,0
zc,WS209,2012-06-21 09:05:42.237,2425.0000,220576,8,0.0000,8.0000,8,0,双开,B,2424.0000,0.0000,0.0000,0.0000,0.0000,2425.0000,0.0000,0.0000,0.0000,0.0000,57,0,0,0,0,42,0,0,0,0
zc,WS209,2012-06-21 09:05:42.533,2425.0000,220610,34,0.0000,34.0000,34,0,双开,B,2424.0000,0.0000,0.0000,0.0000,0.0000,2425.0000,0.0000,0.0000,0.0000,0.0000,40,0,0,0,0,29,0,0,0,0
zc,WS209,2012-06-21 09:05:43.330,2425.0000,220668,58,0.0000,60.0000,59,1,多开,B,2425.0000,0.0000,0.0000,0.0000,0.0000,2426.0000,0.0000,0.0000,0.0000,0.0000,68,0,0,0,0,103,0,0,0,0
zc,WS209,2012-06-21 09:05:43.817,2425.0000,220668,0,0.0000,0.0000,0,0,多换,B,2425.0000,0.0000,0.0000,0.0000,0.0000,2426.0000,0.0000,0.0000,0.0000,0.0000,130,0,0,0,0,103,0,0,0,0
zc,WS209,2012-06-21 09:05:44.550,2425.0000,220668,0,0.0000,0.0000,0,0,多换,B,2425.0000,0.0000,0.0000,0.0000,0.0000,2426.0000,0.0000,0.0000,0.0000,0.0000,122,0,0,0,0,103,0,0,0,0
zc,WS209,2012-06-21 09:05:45.550,2426.0000,220668,0,0.0000,4.0000,2,2,多换,B,2425.0000,0.0000,0.0000,0.0000,0.0000,2426.0000,0.0000,0.0000,0.0000,0.0000,142,0,0,0,0,101,0,0,0,0
zc,WS209,2012-06-21 09:05:46.330,2426.0000,220668,0,0.0000,0.0000,0,0,多换,B,2425.0000,0.0000,0.0000,0.0000,0.0000,2426.0000,0.0000,0.0000,0.0000,0.0000,141,0,0,0,0,102,0,0,0,0
zc,WS209,2012-06-21 09:05:46.737,2426.0000,220670,2,0.0000,52.0000,27,25,多开,B,2425.0000,0.0000,0.0000,0.0000,0.0000,2426.0000,0.0000,0.0000,0.0000,0.0000,141,0,0,0,0,76,0,0,0,0
zc,WS209,2012-06-21 09:05:47.520,2426.0000,220676,6,0.0000,156.0000,81,75,多开,B,2426.0000,0.0000,0.0000,0.0000,0.0000,2427.0000,0.0000,0.0000,0.0000,0.0000,88,0,0,0,0,23,0,0,0,0
zc,WS209,2012-06-21 09:05:48.503,2427.0000,220676,0,0.0000,46.0000,23,23,多换,B,2426.0000,0.0000,0.0000,0.0000,0.0000,2427.0000,0.0000,0.0000,0.0000,0.0000,66,0,0,0,0,2,0,0,0,0
zc,WS209,2012-06-21 09:05:49.003,2426.0000,220682,6,0.0000,10.0000,8,2,空开,S,2426.0000,0.0000,0.0000,0.0000,0.0000,2427.0000,0.0000,0.0000,0.0000,0.0000,63,0,0,0,0,1,0,0,0,0
zc,WS209,2012-06-21 09:05:49.817,2427.0000,220682,0,0.0000,2.0000,1,1,多换,B,2426.0000,0.0000,0.0000,0.0000,0.0000,2428.0000,0.0000,0.0000,0.0000,0.0000,62,0,0,0,0,26,0,0,0,0
zc,WS209,2012-06-21 09:05:50.550,2428.0000,220682,0,0.0000,6.0000,3,3,多换,B,2427.0000,0.0000,0.0000,0.0000,0.0000,2428.0000,0.0000,0.0000,0.0000,0.0000,2,0,0,0,0,4,0,0,0,0
zc,WS209,2012-06-21 09:05:51.330,2428.0000,220684,2,0.0000,8.0000,5,3,多开,B,2427.0000,0.0000,0.0000,0.0000,0.0000,2429.0000,0.0000,0.0000,0.0000,0.0000,3,0,0,0,0,35,0,0,0,0
zc,WS209,2012-06-21 09:05:51.817,2427.0000,220684,0,0.0000,6.0000,3,3,空换,S,2427.0000,0.0000,0.0000,0.0000,0.0000,2429.0000,0.0000,0.0000,0.0000,0.0000,52,0,0,0,0,35,0,0,0,0
zc,WS209,2012-06-21 09:05:52.283,2428.0000,220682,-2,0.0000,4.0000,1,3,空平,B,2427.0000,0.0000,0.0000,0.0000,0.0000,2429.0000,0.0000,0.0000,0.0000,0.0000,51,0,0,0,0,36,0,0,0,0
zc,WS209,2012-06-21 09:05:52.800,2427.0000,220682,0,0.0000,16.0000,8,8,空换,S,2427.0000,0.0000,0.0000,0.0000,0.0000,2429.0000,0.0000,0.0000,0.0000,0.0000,43,0,0,0,0,36,0,0,0,0
zc,WS209,2012-06-21 09:05:54.253,2427.0000,220682,0,0.0000,2.0000,1,1,空换,S,2427.0000,0.0000,0.0000,0.0000,0.0000,2429.0000,0.0000,0.0000,0.0000,0.0000,42,0,0,0,0,36,0,0,0,0
zc,WS209,2012-06-21 09:05:54.503,2427.0000,220682,0,0.0000,0.0000,0,0,空换,S,2427.0000,0.0000,0.0000,0.0000,0.0000,2429.0000,0.0000,0.0000,0.0000,0.0000,27,0,0,0,0,36,0,0,0,0
zc,WS209,2012-06-21 09:05:55.253,2429.0000,220680,-2,0.0000,2.0000,0,2,双平,B,2427.0000,0.0000,0.0000,0.0000,0.0000,2429.0000,0.0000,0.0000,0.0000,0.0000,44,0,0,0,0,35,0,0,0,0
zc,WS209,2012-06-21 09:05:55.753,2429.0000,220680,0,0.0000,0.0000,0,0,多换,B,2427.0000,0.0000,0.0000,0.0000,0.0000,2428.0000,0.0000,0.0000,0.0000,0.0000,26,0,0,0,0,1,0,0,0,0
zc,WS209,2012-06-21 09:05:56.533,2429.0000,220680,0,0.0000,2.0000,1,1,多换,B,2427.0000,0.0000,0.0000,0.0000,0.0000,2429.0000,0.0000,0.0000,0.0000,0.0000,26,0,0,0,0,36,0,0,0,0
zc,WS209,2012-06-21 09:05:56.800,2429.0000,220680,0,0.0000,0.0000,0,0,多换,B,2427.0000,0.0000,0.0000,0.0000,0.0000,2429.0000,0.0000,0.0000,0.0000,0.0000,22,0,0,0,0,36,0,0,0,0
zc,WS209,2012-06-21 09:05:57.520,2427.0000,220780,100,0.0000,100.0000,100,0,双开,S,2427.0000,0.0000,0.0000,0.0000,0.0000,2429.0000,0.0000,0.0000,0.0000,0.0000,9,0,0,0,0,36,0,0,0,0
zc,WS209,2012-06-21 09:05:58.020,2427.0000,220780,0,0.0000,6.0000,3,3,空换,S,2427.0000,0.0000,0.0000,0.0000,0.0000,2429.0000,0.0000,0.0000,0.0000,0.0000,7,0,0,0,0,36,0,0,0,0
zc,WS209,2012-06-21 09:05:58.753,2427.0000,220780,0,0.0000,0.0000,0,0,空换,S,2428.0000,0.0000,0.0000,0.0000,0.0000,2429.0000,0.0000,0.0000,0.0000,0.0000,1,0,0,0,0,37,0,0,0,0
zc,WS209,2012-06-21 09:05:59.580,2428.0000,220782,2,0.0000,2.0000,2,0,双开,B,2427.0000,0.0000,0.0000,0.0000,0.0000,2428.0000,0.0000,0.0000,0.0000,0.0000,7,0,0,0,0,2,0,0,0,0
zc,WS209,2012-06-21 09:06:00.770,2428.0000,220782,0,0.0000,0.0000,0,0,多换,B,2427.0000,0.0000,0.0000,0.0000,0.0000,2428.0000,0.0000,0.0000,0.0000,0.0000,1,0,0,0,0,22,0,0,0,0
zc,WS209,2012-06-21 09:06:01.427,2428.0000,220782,0,0.0000,0.0000,0,0,多换,B,2427.0000,0.0000,0.0000,0.0000,0.0000,2428.0000,0.0000,0.0000,0.0000,0.0000,2,0,0,0,0,26,0,0,0,0
zc,WS209,2012-06-21 09:06:01.800,2427.0000,220782,0,0.0000,2.0000,1,1,空换,S,2427.0000,0.0000,0.0000,0.0000,0.0000,2428.0000,0.0000,0.0000,0.0000,0.0000,1,0,0,0,0,26,0,0,0,0
zc,WS209,2012-06-21 09:06:02.253,2427.0000,220782,0,0.0000,0.0000,0,0,空换,S,2427.0000,0.0000,0.0000,0.0000,0.0000,2428.0000,0.0000,0.0000,0.0000,0.0000,3,0,0,0,0,27,0,0,0,0
zc,WS209,2012-06-21 09:06:03.487,2427.0000,220782,0,0.0000,0.0000,0,0,空换,S,2427.0000,0.0000,0.0000,0.0000,0.0000,2428.0000,0.0000,0.0000,0.0000,0.0000,10,0,0,0,0,27,0,0,0,0
zc,WS209,2012-06-21 09:06:04.033,2428.0000,220778,-4,0.0000,4.0000,0,4,双平,B,2427.0000,0.0000,0.0000,0.0000,0.0000,2428.0000,0.0000,0.0000,0.0000,0.0000,11,0,0,0,0,30,0,0,0,0
zc,WS209,2012-06-21 09:06:04.783,2428.0000,220778,0,0.0000,2.0000,1,1,多换,B,2427.0000,0.0000,0.0000,0.0000,0.0000,2428.0000,0.0000,0.0000,0.0000,0.0000,11,0,0,0,0,29,0,0,0,0
zc,WS209,2012-06-21 09:06:05.253,2428.0000,220778,0,0.0000,2.0000,1,1,多换,B,2427.0000,0.0000,0.0000,0.0000,0.0000,2428.0000,0.0000,0.0000,0.0000,0.0000,11,0,0,0,0,15,0,0,0,0
zc,WS209,2012-06-21 09:06:06.003,2428.0000,220784,6,0.0000,6.0000,6,0,双开,B,2427.0000,0.0000,0.0000,0.0000,0.0000,2428.0000,0.0000,0.0000,0.0000,0.0000,17,0,0,0,0,10,0,0,0,0
zc,WS209,2012-06-21 09:06:06.487,2428.0000,220780,-4,0.0000,22.0000,9,13,空平,B,2427.0000,0.0000,0.0000,0.0000,0.0000,2428.0000,0.0000,0.0000,0.0000,0.0000,16,0,0,0,0,42,0,0,0,0
zc,WS209,2012-06-21 09:06:07.253,2428.0000,220780,0,0.0000,2.0000,1,1,多换,B,2427.0000,0.0000,0.0000,0.0000,0.0000,2428.0000,0.0000,0.0000,0.0000,0.0000,11,0,0,0,0,61,0,0,0,0
zc,WS209,2012-06-21 09:06:08.223,2427.0000,220778,-2,0.0000,8.0000,3,5,多平,S,2427.0000,0.0000,0.0000,0.0000,0.0000,2428.0000,0.0000,0.0000,0.0000,0.0000,7,0,0,0,0,61,0,0,0,0
zc,WS209,2012-06-21 09:06:08.723,2427.0000,220778,0,0.0000,0.0000,0,0,空换,S,2427.0000,0.0000,0.0000,0.0000,0.0000,2428.0000,0.0000,0.0000,0.0000,0.0000,7,0,0,0,0,62,0,0,0,0
zc,WS209,2012-06-21 09:06:09.487,2427.0000,220784,6,0.0000,8.0000,7,1,空开,S,2427.0000,0.0000,0.0000,0.0000,0.0000,2428.0000,0.0000,0.0000,0.0000,0.0000,3,0,0,0,0,81,0,0,0,0
zc,WS209,2012-06-21 09:06:10.020,2427.0000,220794,10,0.0000,10.0000,10,0,双开,S,2426.0000,0.0000,0.0000,0.0000,0.0000,2427.0000,0.0000,0.0000,0.0000,0.0000,13,0,0,0,0,15,0,0,0,0
zc,WS209,2012-06-21 09:06:10.770,2427.0000,220854,60,0.0000,60.0000,60,0,双开,S,2426.0000,0.0000,0.0000,0.0000,0.0000,2428.0000,0.0000,0.0000,0.0000,0.0000,28,0,0,0,0,82,0,0,0,0
zc,WS209,2012-06-21 09:06:11.270,2427.0000,220854,0,0.0000,2.0000,1,1,空换,S,2426.0000,0.0000,0.0000,0.0000,0.0000,2428.0000,0.0000,0.0000,0.0000,0.0000,28,0,0,0,0,87,0,0,0,0
zc,WS209,2012-06-21 09:06:12.020,2427.0000,220854,0,0.0000,0.0000,0,0,空换,S,2426.0000,0.0000,0.0000,0.0000,0.0000,2428.0000,0.0000,0.0000,0.0000,0.0000,28,0,0,0,0,94,0,0,0,0
zc,WS209,2012-06-21 09:06:12.520,2427.0000,220854,0,0.0000,6.0000,3,3,空换,S,2426.0000,0.0000,0.0000,0.0000,0.0000,2427.0000,0.0000,0.0000,0.0000,0.0000,28,0,0,0,0,52,0,0,0,0
zc,WS209,2012-06-21 09:06:13.737,2426.0000,220854,0,0.0000,4.0000,2,2,空换,S,2426.0000,0.0000,0.0000,0.0000,0.0000,2427.0000,0.0000,0.0000,0.0000,0.0000,26,0,0,0,0,53,0,0,0,0
zc,WS209,2012-06-21 09:06:14.253,2427.0000,220888,34,0.0000,40.0000,37,3,多开,B,2426.0000,0.0000,0.0000,0.0000,0.0000,2427.0000,0.0000,0.0000,0.0000,0.0000,37,0,0,0,0,33,0,0,0,0
zc,WS209,2012-06-21 09:06:15.003,2427.0000,220952,64,0.0000,66.0000,65,1,多开,B,2426.0000,0.0000,0.0000,0.0000,0.0000,2428.0000,0.0000,0.0000,0.0000,0.0000,34,0,0,0,0,126,0,0,0,0
zc,WS209,2012-06-21 09:06:15.533,2427.0000,220952,0,0.0000,0.0000,0,0,多换,B,2426.0000,0.0000,0.0000,0.0000,0.0000,2428.0000,0.0000,0.0000,0.0000,0.0000,34,0,0,0,0,96,0,0,0,0
zc,WS209,2012-06-21 09:06:16.270,2427.0000,220954,2,0.0000,2.0000,2,0,双开,B,2426.0000,0.0000,0.0000,0.0000,0.0000,2428.0000,0.0000,0.0000,0.0000,0.0000,33,0,0,0,0,96,0,0,0,0
zc,WS209,2012-06-21 09:06:17.520,2427.0000,220954,0,0.0000,0.0000,0,0,多换,B,2426.0000,0.0000,0.0000,0.0000,0.0000,2428.0000,0.0000,0.0000,0.0000,0.0000,34,0,0,0,0,96,0,0,0,0
zc,WS209,2012-06-21 09:06:18.003,2427.0000,220954,0,0.0000,0.0000,0,0,多换,B,2426.0000,0.0000,0.0000,0.0000,0.0000,2427.0000,0.0000,0.0000,0.0000,0.0000,34,0,0,0,0,20,0,0,0,0
zc,WS209,2012-06-21 09:06:18.753,2427.0000,220954,0,0.0000,0.0000,0,0,多换,B,2426.0000,0.0000,0.0000,0.0000,0.0000,2427.0000,0.0000,0.0000,0.0000,0.0000,34,0,0,0,0,22,0,0,0,0
zc,WS209,2012-06-21 09:06:18.987,2426.0000,220954,0,0.0000,46.0000,23,23,空换,S,2426.0000,0.0000,0.0000,0.0000,0.0000,2427.0000,0.0000,0.0000,0.0000,0.0000,11,0,0,0,0,1,0,0,0,0
zc,WS209,2012-06-21 09:06:19.737,2427.0000,220956,2,0.0000,2.0000,2,0,双开,B,2426.0000,0.0000,0.0000,0.0000,0.0000,2428.0000,0.0000,0.0000,0.0000,0.0000,10,0,0,0,0,88,0,0,0,0
zc,WS209,2012-06-21 09:06:20.487,2427.0000,220956,0,0.0000,2.0000,1,1,多换,B,2426.0000,0.0000,0.0000,0.0000,0.0000,2427.0000,0.0000,0.0000,0.0000,0.0000,12,0,0,0,0,1,0,0,0,0
zc,WS209,2012-06-21 09:06:21.020,2427.0000,220956,0,0.0000,128.0000,64,64,多换,B,2427.0000,0.0000,0.0000,0.0000,0.0000,2428.0000,0.0000,0.0000,0.0000,0.0000,1,0,0,0,0,92,0,0,0,0
zc,WS209,2012-06-21 09:06:21.770,2427.0000,220956,0,0.0000,2.0000,1,1,多换,B,2426.0000,0.0000,0.0000,0.0000,0.0000,2428.0000,0.0000,0.0000,0.0000,0.0000,24,0,0,0,0,92,0,0,0,0
zc,WS209,2012-06-21 09:06:22.237,2427.0000,220956,0,0.0000,10.0000,5,5,多换,B,2427.0000,0.0000,0.0000,0.0000,0.0000,2428.0000,0.0000,0.0000,0.0000,0.0000,14,0,0,0,0,92,0,0,0,0
zc,WS209,2012-06-21 09:06:23.033,2427.0000,220986,30,0.0000,38.0000,34,4,多开,B,2426.0000,0.0000,0.0000,0.0000,0.0000,2427.0000,0.0000,0.0000,0.0000,0.0000,6,0,0,0,0,11,0,0,0,0
zc,WS209,2012-06-21 09:06:23.253,2427.0000,220986,0,0.0000,4.0000,2,2,多换,B,2426.0000,0.0000,0.0000,0.0000,0.0000,2427.0000,0.0000,0.0000,0.0000,0.0000,14,0,0,0,0,10,0,0,0,0
zc,WS209,2012-06-21 09:06:24.033,2427.0000,220986,0,0.0000,10.0000,5,5,多换,B,2426.0000,0.0000,0.0000,0.0000,0.0000,2427.0000,0.0000,0.0000,0.0000,0.0000,9,0,0,0,0,5,0,0,0,0
zc,WS209,2012-06-21 09:06:24.533,2427.0000,220984,-2,0.0000,12.0000,5,7,空平,B,2427.0000,0.0000,0.0000,0.0000,0.0000,2428.0000,0.0000,0.0000,0.0000,0.0000,54,0,0,0,0,88,0,0,0,0
zc,WS209,2012-06-21 09:06:27.237,2427.0000,220978,-6,0.0000,10.0000,2,8,空平,B,2427.0000,0.0000,0.0000,0.0000,0.0000,2428.0000,0.0000,0.0000,0.0000,0.0000,49,0,0,0,0,88,0,0,0,0
zc,WS209,2012-06-21 09:06:28.363,2427.0000,220936,-42,0.0000,70.0000,14,56,空平,B,2427.0000,0.0000,0.0000,0.0000,0.0000,2428.0000,0.0000,0.0000,0.0000,0.0000,15,0,0,0,0,421,0,0,0,0
zc,WS209,2012-06-21 09:06:29.067,2427.0000,220936,0,0.0000,0.0000,0,0,多换,B,2427.0000,0.0000,0.0000,0.0000,0.0000,2428.0000,0.0000,0.0000,0.0000,0.0000,15,0,0,0,0,422,0,0,0,0
zc,WS209,2012-06-21 09:06:29.533,2427.0000,220936,0,0.0000,4.0000,2,2,多换,B,2427.0000,0.0000,0.0000,0.0000,0.0000,2428.0000,0.0000,0.0000,0.0000,0.0000,13,0,0,0,0,422,0,0,0,0
zc,WS209,2012-06-21 09:06:30.753,2427.0000,220928,-8,0.0000,8.0000,0,8,双平,B,2427.0000,0.0000,0.0000,0.0000,0.0000,2428.0000,0.0000,0.0000,0.0000,0.0000,10,0,0,0,0,422,0,0,0,0
zc,WS209,2012-06-21 09:06:31.253,2427.0000,220922,-6,0.0000,6.0000,0,6,双平,B,2427.0000,0.0000,0.0000,0.0000,0.0000,2428.0000,0.0000,0.0000,0.0000,0.0000,7,0,0,0,0,423,0,0,0,0
zc,WS209,2012-06-21 09:06:32.020,2428.0000,220916,-6,0.0000,36.0000,15,21,空平,B,2427.0000,0.0000,0.0000,0.0000,0.0000,2428.0000,0.0000,0.0000,0.0000,0.0000,4,0,0,0,0,428,0,0,0,0
zc,WS209,2012-06-21 09:06:32.487,2427.0000,220912,-4,0.0000,8.0000,2,6,多平,S,2426.0000,0.0000,0.0000,0.0000,0.0000,2427.0000,0.0000,0.0000,0.0000,0.0000,15,0,0,0,0,6,0,0,0,0
zc,WS209,2012-06-21 09:06:33.253,2427.0000,220912,0,0.0000,0.0000,0,0,空换,S,2426.0000,0.0000,0.0000,0.0000,0.0000,2427.0000,0.0000,0.0000,0.0000,0.0000,15,0,0,0,0,72,0,0,0,0
zc,WS209,2012-06-21 09:06:33.550,2427.0000,220912,0,0.0000,0.0000,0,0,空换,S,2426.0000,0.0000,0.0000,0.0000,0.0000,2427.0000,0.0000,0.0000,0.0000,0.0000,6,0,0,0,0,94,0,0,0,0
zc,WS209,2012-06-21 09:06:34.283,2427.0000,220912,0,0.0000,0.0000,0,0,空换,S,2426.0000,0.0000,0.0000,0.0000,0.0000,2427.0000,0.0000,0.0000,0.0000,0.0000,6,0,0,0,0,144,0,0,0,0
zc,WS209,2012-06-21 09:06:35.567,2427.0000,220912,0,0.0000,0.0000,0,0,空换,S,2426.0000,0.0000,0.0000,0.0000,0.0000,2427.0000,0.0000,0.0000,0.0000,0.0000,6,0,0,0,0,145,0,0,0,0
zc,WS209,2012-06-21 09:06:36.033,2426.0000,220912,0,0.0000,2.0000,1,1,空换,S,2426.0000,0.0000,0.0000,0.0000,0.0000,2427.0000,0.0000,0.0000,0.0000,0.0000,5,0,0,0,0,146,0,0,0,0
zc,WS209,2012-06-21 09:06:36.567,2426.0000,220912,0,0.0000,10.0000,5,5,空换,S,2426.0000,0.0000,0.0000,0.0000,0.0000,2427.0000,0.0000,0.0000,0.0000,0.0000,9,0,0,0,0,126,0,0,0,0
zc,WS209,2012-06-21 09:06:37.300,2426.0000,220912,0,0.0000,0.0000,0,0,空换,S,2426.0000,0.0000,0.0000,0.0000,0.0000,2427.0000,0.0000,0.0000,0.0000,0.0000,7,0,0,0,0,128,0,0,0,0
zc,WS209,2012-06-21 09:06:37.737,2426.0000,220912,0,0.0000,4.0000,2,2,空换,S,2426.0000,0.0000,0.0000,0.0000,0.0000,2427.0000,0.0000,0.0000,0.0000,0.0000,7,0,0,0,0,126,0,0,0,0
zc,WS209,2012-06-21 09:06:38.503,2426.0000,220908,-4,0.0000,18.0000,7,11,多平,S,2425.0000,0.0000,0.0000,0.0000,0.0000,2426.0000,0.0000,0.0000,0.0000,0.0000,9,0,0,0,0,1,0,0,0,0
zc,WS209,2012-06-21 09:06:38.753,2426.0000,220906,-2,0.0000,4.0000,1,3,多平,S,2426.0000,0.0000,0.0000,0.0000,0.0000,2427.0000,0.0000,0.0000,0.0000,0.0000,3,0,0,0,0,151,0,0,0,0
zc,WS209,2012-06-21 09:06:39.520,2426.0000,220904,-2,0.0000,2.0000,0,2,双平,S,2426.0000,0.0000,0.0000,0.0000,0.0000,2427.0000,0.0000,0.0000,0.0000,0.0000,2,0,0,0,0,151,0,0,0,0
zc,WS209,2012-06-21 09:06:39.973,2426.0000,220900,-4,0.0000,4.0000,0,4,双平,S,2426.0000,0.0000,0.0000,0.0000,0.0000,2427.0000,0.0000,0.0000,0.0000,0.0000,5,0,0,0,0,151,0,0,0,0
zc,WS209,2012-06-21 09:06:41.487,2426.0000,220920,20,0.0000,20.0000,20,0,双开,S,2426.0000,0.0000,0.0000,0.0000,0.0000,2427.0000,0.0000,0.0000,0.0000,0.0000,68,0,0,0,0,151,0,0,0,0
zc,WS209,2012-06-21 09:06:41.957,2427.0000,220916,-4,0.0000,4.0000,0,4,双平,B,2426.0000,0.0000,0.0000,0.0000,0.0000,2427.0000,0.0000,0.0000,0.0000,0.0000,228,0,0,0,0,149,0,0,0,0
zc,WS209,2012-06-21 09:06:42.800,2427.0000,220916,0,0.0000,0.0000,0,0,多换,B,2426.0000,0.0000,0.0000,0.0000,0.0000,2427.0000,0.0000,0.0000,0.0000,0.0000,190,0,0,0,0,149,0,0,0,0
zc,WS209,2012-06-21 09:06:43.020,2427.0000,220916,0,0.0000,12.0000,6,6,多换,B,2426.0000,0.0000,0.0000,0.0000,0.0000,2427.0000,0.0000,0.0000,0.0000,0.0000,185,0,0,0,0,143,0,0,0,0
zc,WS209,2012-06-21 09:06:43.783,2427.0000,220916,0,0.0000,0.0000,0,0,多换,B,2426.0000,0.0000,0.0000,0.0000,0.0000,2427.0000,0.0000,0.0000,0.0000,0.0000,190,0,0,0,0,105,0,0,0,0
zc,WS209,2012-06-21 09:06:44.270,2427.0000,220916,0,0.0000,6.0000,3,3,多换,B,2426.0000,0.0000,0.0000,0.0000,0.0000,2427.0000,0.0000,0.0000,0.0000,0.0000,198,0,0,0,0,102,0,0,0,0
zc,WS209,2012-06-21 09:06:45.020,2427.0000,220916,0,0.0000,2.0000,1,1,多换,B,2426.0000,0.0000,0.0000,0.0000,0.0000,2427.0000,0.0000,0.0000,0.0000,0.0000,197,0,0,0,0,142,0,0,0,0
zc,WS209,2012-06-21 09:06:45.270,2427.0000,220916,0,0.0000,6.0000,3,3,多换,B,2426.0000,0.0000,0.0000,0.0000,0.0000,2427.0000,0.0000,0.0000,0.0000,0.0000,206,0,0,0,0,140,0,0,0,0
zc,WS209,2012-06-21 09:06:46.003,2427.0000,220916,0,0.0000,42.0000,21,21,多换,B,2426.0000,0.0000,0.0000,0.0000,0.0000,2427.0000,0.0000,0.0000,0.0000,0.0000,195,0,0,0,0,129,0,0,0,0
zc,WS209,2012-06-21 09:06:46.567,2427.0000,221016,100,0.0000,110.0000,105,5,多开,B,2426.0000,0.0000,0.0000,0.0000,0.0000,2427.0000,0.0000,0.0000,0.0000,0.0000,145,0,0,0,0,124,0,0,0,0
zc,WS209,2012-06-21 09:06:47.270,2427.0000,221070,54,0.0000,58.0000,56,2,多开,B,2426.0000,0.0000,0.0000,0.0000,0.0000,2427.0000,0.0000,0.0000,0.0000,0.0000,142,0,0,0,0,95,0,0,0,0
zc,WS209,2012-06-21 09:06:48.003,2427.0000,221076,6,0.0000,8.0000,7,1,多开,B,2426.0000,0.0000,0.0000,0.0000,0.0000,2427.0000,0.0000,0.0000,0.0000,0.0000,142,0,0,0,0,92,0,0,0,0
zc,WS209,2012-06-21 09:06:48.237,2427.0000,221078,2,0.0000,2.0000,2,0,双开,B,2426.0000,0.0000,0.0000,0.0000,0.0000,2427.0000,0.0000,0.0000,0.0000,0.0000,143,0,0,0,0,91,0,0,0,0
zc,WS209,2012-06-21 09:06:49.020,2427.0000,221086,8,0.0000,8.0000,8,0,双开,B,2426.0000,0.0000,0.0000,0.0000,0.0000,2427.0000,0.0000,0.0000,0.0000,0.0000,139,0,0,0,0,88,0,0,0,0
zc,WS209,2012-06-21 09:06:49.567,2427.0000,221102,16,0.0000,16.0000,16,0,双开,B,2426.0000,0.0000,0.0000,0.0000,0.0000,2427.0000,0.0000,0.0000,0.0000,0.0000,158,0,0,0,0,80,0,0,0,0
zc,WS209,2012-06-21 09:06:50.207,2427.0000,221102,0,0.0000,2.0000,1,1,多换,B,2426.0000,0.0000,0.0000,0.0000,0.0000,2427.0000,0.0000,0.0000,0.0000,0.0000,158,0,0,0,0,80,0,0,0,0
zc,WS209,2012-06-21 09:06:50.533,2427.0000,221116,14,0.0000,26.0000,20,6,多开,B,2426.0000,0.0000,0.0000,0.0000,0.0000,2427.0000,0.0000,0.0000,0.0000,0.0000,145,0,0,0,0,118,0,0,0,0
zc,WS209,2012-06-21 09:06:51.223,2427.0000,221116,0,0.0000,6.0000,3,3,多换,B,2426.0000,0.0000,0.0000,0.0000,0.0000,2427.0000,0.0000,0.0000,0.0000,0.0000,107,0,0,0,0,116,0,0,0,0
zc,WS209,2012-06-21 09:06:52.003,2427.0000,221208,92,0.0000,206.0000,149,57,多开,B,2426.0000,0.0000,0.0000,0.0000,0.0000,2427.0000,0.0000,0.0000,0.0000,0.0000,40,0,0,0,0,15,0,0,0,0
zc,WS209,2012-06-21 09:06:52.520,2427.0000,221208,0,0.0000,8.0000,4,4,多换,B,2426.0000,0.0000,0.0000,0.0000,0.0000,2427.0000,0.0000,0.0000,0.0000,0.0000,42,0,0,0,0,18,0,0,0,0
zc,WS209,2012-06-21 09:06:52.987,2427.0000,221206,-2,0.0000,2.0000,0,2,双平,B,2426.0000,0.0000,0.0000,0.0000,0.0000,2427.0000,0.0000,0.0000,0.0000,0.0000,42,0,0,0,0,17,0,0,0,0
zc,WS209,2012-06-21 09:06:53.533,2427.0000,221220,14,0.0000,34.0000,24,10,多开,B,2427.0000,0.0000,0.0000,0.0000,0.0000,2428.0000,0.0000,0.0000,0.0000,0.0000,3,0,0,0,0,390,0,0,0,0
zc,WS209,2012-06-21 09:06:54.253,2427.0000,221220,0,0.0000,6.0000,3,3,多换,B,2427.0000,0.0000,0.0000,0.0000,0.0000,2428.0000,0.0000,0.0000,0.0000,0.0000,1,0,0,0,0,387,0,0,0,0
zc,WS209,2012-06-21 09:06:54.770,2426.0000,221300,80,0.0000,80.0000,80,0,双开,S,2426.0000,0.0000,0.0000,0.0000,0.0000,2428.0000,0.0000,0.0000,0.0000,0.0000,80,0,0,0,0,387,0,0,0,0
zc,WS209,2012-06-21 09:06:55.597,2426.0000,221300,0,0.0000,0.0000,0,0,空换,S,2427.0000,0.0000,0.0000,0.0000,0.0000,2428.0000,0.0000,0.0000,0.0000,0.0000,4,0,0,0,0,387,0,0,0,0
zc,WS209,2012-06-21 09:06:56.080,2427.0000,221300,0,0.0000,2.0000,1,1,多换,B,2427.0000,0.0000,0.0000,0.0000,0.0000,2428.0000,0.0000,0.0000,0.0000,0.0000,25,0,0,0,0,386,0,0,0,0
zc,WS209,2012-06-21 09:06:56.783,2427.0000,221300,0,0.0000,2.0000,1,1,多换,B,2427.0000,0.0000,0.0000,0.0000,0.0000,2428.0000,0.0000,0.0000,0.0000,0.0000,24,0,0,0,0,385,0,0,0,0
zc,WS209,2012-06-21 09:06:57.237,2427.0000,221298,-2,0.0000,4.0000,1,3,空平,B,2427.0000,0.0000,0.0000,0.0000,0.0000,2428.0000,0.0000,0.0000,0.0000,0.0000,23,0,0,0,0,384,0,0,0,0
zc,WS209,2012-06-21 09:06:58.020,2427.0000,221298,0,0.0000,2.0000,1,1,多换,B,2427.0000,0.0000,0.0000,0.0000,0.0000,2428.0000,0.0000,0.0000,0.0000,0.0000,22,0,0,0,0,384,0,0,0,0
zc,WS209,2012-06-21 09:06:58.503,2427.0000,221298,0,0.0000,2.0000,1,1,多换,B,2427.0000,0.0000,0.0000,0.0000,0.0000,2428.0000,0.0000,0.0000,0.0000,0.0000,21,0,0,0,0,384,0,0,0,0
zc,WS209,2012-06-21 09:06:59.020,2427.0000,221300,2,0.0000,42.0000,22,20,多开,B,2426.0000,0.0000,0.0000,0.0000,0.0000,2428.0000,0.0000,0.0000,0.0000,0.0000,79,0,0,0,0,384,0,0,0,0
zc,WS209,2012-06-21 09:06:59.817,2427.0000,221300,0,0.0000,0.0000,0,0,多换,B,2427.0000,0.0000,0.0000,0.0000,0.0000,2428.0000,0.0000,0.0000,0.0000,0.0000,76,0,0,0,0,370,0,0,0,0
zc,WS209,2012-06-21 09:07:00.283,2428.0000,221306,6,0.0000,202.0000,104,98,多开,B,2427.0000,0.0000,0.0000,0.0000,0.0000,2428.0000,0.0000,0.0000,0.0000,0.0000,8,0,0,0,0,272,0,0,0,0
zc,WS209,2012-06-21 09:07:00.987,2428.0000,221306,0,0.0000,14.0000,7,7,多换,B,2427.0000,0.0000,0.0000,0.0000,0.0000,2428.0000,0.0000,0.0000,0.0000,0.0000,2,0,0,0,0,265,0,0,0,0
zc,WS209,2012-06-21 09:07:01.270,2427.0000,221298,-8,0.0000,12.0000,2,10,多平,S,2427.0000,0.0000,0.0000,0.0000,0.0000,2428.0000,0.0000,0.0000,0.0000,0.0000,26,0,0,0,0,263,0,0,0,0
zc,WS209,2012-06-21 09:07:02.270,2428.0000,221242,-56,0.0000,228.0000,86,142,空平,B,2427.0000,0.0000,0.0000,0.0000,0.0000,2428.0000,0.0000,0.0000,0.0000,0.0000,101,0,0,0,0,149,0,0,0,0
zc,WS209,2012-06-21 09:07:02.770,2428.0000,221250,8,0.0000,158.0000,83,75,多开,B,2427.0000,0.0000,0.0000,0.0000,0.0000,2428.0000,0.0000,0.0000,0.0000,0.0000,22,0,0,0,0,75,0,0,0,0
zc,WS209,2012-06-21 09:07:03.270,2428.0000,221252,2,0.0000,150.0000,76,74,多开,B,2427.0000,0.0000,0.0000,0.0000,0.0000,2429.0000,0.0000,0.0000,0.0000,0.0000,7,0,0,0,0,75,0,0,0,0
zc,WS209,2012-06-21 09:07:04.487,2427.0000,221252,0,0.0000,2.0000,1,1,空换,S,2427.0000,0.0000,0.0000,0.0000,0.0000,2429.0000,0.0000,0.0000,0.0000,0.0000,8,0,0,0,0,76,0,0,0,0
zc,WS209,2012-06-21 09:07:04.973,2427.0000,221252,0,0.0000,4.0000,2,2,空换,S,2427.0000,0.0000,0.0000,0.0000,0.0000,2429.0000,0.0000,0.0000,0.0000,0.0000,6,0,0,0,0,76,0,0,0,0
zc,WS209,2012-06-21 09:07:05.503,2427.0000,221252,0,0.0000,0.0000,0,0,空换,S,2428.0000,0.0000,0.0000,0.0000,0.0000,2429.0000,0.0000,0.0000,0.0000,0.0000,3,0,0,0,0,62,0,0,0,0
zc,WS209,2012-06-21 09:07:06.237,2427.0000,221252,0,0.0000,0.0000,0,0,空换,S,2427.0000,0.0000,0.0000,0.0000,0.0000,2429.0000,0.0000,0.0000,0.0000,0.0000,7,0,0,0,0,76,0,0,0,0
zc,WS209,2012-06-21 09:07:07.520,2427.0000,221248,-4,0.0000,12.0000,4,8,多平,S,2427.0000,0.0000,0.0000,0.0000,0.0000,2429.0000,0.0000,0.0000,0.0000,0.0000,1,0,0,0,0,76,0,0,0,0
zc,WS209,2012-06-21 09:07:08.520,2427.0000,221246,-2,0.0000,2.0000,0,2,双平,S,2426.0000,0.0000,0.0000,0.0000,0.0000,2427.0000,0.0000,0.0000,0.0000,0.0000,104,0,0,0,0,2,0,0,0,0
zc,WS209,2012-06-21 09:07:09.003,2427.0000,221248,2,0.0000,42.0000,22,20,空开,S,2426.0000,0.0000,0.0000,0.0000,0.0000,2427.0000,0.0000,0.0000,0.0000,0.0000,84,0,0,0,0,19,0,0,0,0
zc,WS209,2012-06-21 09:07:09.770,2427.0000,221248,0,0.0000,36.0000,18,18,空换,S,2426.0000,0.0000,0.0000,0.0000,0.0000,2427.0000,0.0000,0.0000,0.0000,0.0000,67,0,0,0,0,19,0,0,0,0
zc,WS209,2012-06-21 09:07:10.283,2427.0000,221248,0,0.0000,8.0000,4,4,空换,S,2426.0000,0.0000,0.0000,0.0000,0.0000,2427.0000,0.0000,0.0000,0.0000,0.0000,64,0,0,0,0,15,0,0,0,0
zc,WS209,2012-06-21 09:07:11.003,2427.0000,221248,0,0.0000,12.0000,6,6,空换,S,2426.0000,0.0000,0.0000,0.0000,0.0000,2427.0000,0.0000,0.0000,0.0000,0.0000,58,0,0,0,0,9,0,0,0,0
zc,WS209,2012-06-21 09:07:11.487,2427.0000,221248,0,0.0000,18.0000,9,9,空换,S,2426.0000,0.0000,0.0000,0.0000,0.0000,2428.0000,0.0000,0.0000,0.0000,0.0000,50,0,0,0,0,6,0,0,0,0
zc,WS209,2012-06-21 09:07:12.237,2427.0000,221248,0,0.0000,0.0000,0,0,空换,S,2426.0000,0.0000,0.0000,0.0000,0.0000,2427.0000,0.0000,0.0000,0.0000,0.0000,50,0,0,0,0,1,0,0,0,0
zc,WS209,2012-06-21 09:07:13.020,2427.0000,221250,2,0.0000,2.0000,2,0,双开,S,2427.0000,0.0000,0.0000,0.0000,0.0000,2428.0000,0.0000,0.0000,0.0000,0.0000,1,0,0,0,0,7,0,0,0,0
zc,WS209,2012-06-21 09:07:13.550,2427.0000,221250,0,0.0000,4.0000,2,2,空换,S,2426.0000,0.0000,0.0000,0.0000,0.0000,2428.0000,0.0000,0.0000,0.0000,0.0000,50,0,0,0,0,7,0,0,0,0
zc,WS209,2012-06-21 09:07:14.050,2428.0000,221250,0,0.0000,2.0000,1,1,多换,B,2426.0000,0.0000,0.0000,0.0000,0.0000,2428.0000,0.0000,0.0000,0.0000,0.0000,50,0,0,0,0,6,0,0,0,0
zc,WS209,2012-06-21 09:07:15.033,2428.0000,221236,-14,0.0000,14.0000,0,14,双平,B,2428.0000,0.0000,0.0000,0.0000,0.0000,2429.0000,0.0000,0.0000,0.0000,0.0000,61,0,0,0,0,97,0,0,0,0
zc,WS209,2012-06-21 09:07:16.817,2428.0000,221236,0,0.0000,8.0000,4,4,多换,B,2428.0000,0.0000,0.0000,0.0000,0.0000,2429.0000,0.0000,0.0000,0.0000,0.0000,57,0,0,0,0,97,0,0,0,0
zc,WS209,2012-06-21 09:07:17.503,2428.0000,221234,-2,0.0000,2.0000,0,2,双平,B,2428.0000,0.0000,0.0000,0.0000,0.0000,2429.0000,0.0000,0.0000,0.0000,0.0000,56,0,0,0,0,97,0,0,0,0
zc,WS209,2012-06-21 09:07:18.283,2428.0000,221234,0,0.0000,0.0000,0,0,多换,B,2428.0000,0.0000,0.0000,0.0000,0.0000,2429.0000,0.0000,0.0000,0.0000,0.0000,56,0,0,0,0,92,0,0,0,0
zc,WS209,2012-06-21 09:07:18.783,2428.0000,221230,-4,0.0000,4.0000,0,4,双平,B,2428.0000,0.0000,0.0000,0.0000,0.0000,2429.0000,0.0000,0.0000,0.0000,0.0000,54,0,0,0,0,92,0,0,0,0
zc,WS209,2012-06-21 09:07:19.503,2428.0000,221204,-26,0.0000,26.0000,0,26,双平,B,2428.0000,0.0000,0.0000,0.0000,0.0000,2429.0000,0.0000,0.0000,0.0000,0.0000,41,0,0,0,0,79,0,0,0,0
zc,WS209,2012-06-21 09:07:20.580,2428.0000,221198,-6,0.0000,6.0000,0,6,双平,B,2428.0000,0.0000,0.0000,0.0000,0.0000,2429.0000,0.0000,0.0000,0.0000,0.0000,38,0,0,0,0,79,0,0,0,0
zc,WS209,2012-06-21 09:07:21.033,2428.0000,221190,-8,0.0000,8.0000,0,8,双平,B,2428.0000,0.0000,0.0000,0.0000,0.0000,2429.0000,0.0000,0.0000,0.0000,0.0000,34,0,0,0,0,79,0,0,0,0
zc,WS209,2012-06-21 09:07:21.973,2428.0000,221186,-4,0.0000,4.0000,0,4,双平,B,2428.0000,0.0000,0.0000,0.0000,0.0000,2429.0000,0.0000,0.0000,0.0000,0.0000,32,0,0,0,0,98,0,0,0,0
zc,WS209,2012-06-21 09:07:22.770,2428.0000,221182,-4,0.0000,4.0000,0,4,双平,B,2428.0000,0.0000,0.0000,0.0000,0.0000,2429.0000,0.0000,0.0000,0.0000,0.0000,38,0,0,0,0,96,0,0,0,0
zc,WS209,2012-06-21 09:07:23.503,2429.0000,221180,-2,0.0000,2.0000,0,2,双平,B,2428.0000,0.0000,0.0000,0.0000,0.0000,2429.0000,0.0000,0.0000,0.0000,0.0000,38,0,0,0,0,95,0,0,0,0
zc,WS209,2012-06-21 09:07:24.003,2428.0000,221176,-4,0.0000,4.0000,0,4,双平,S,2428.0000,0.0000,0.0000,0.0000,0.0000,2429.0000,0.0000,0.0000,0.0000,0.0000,36,0,0,0,0,93,0,0,0,0
zc,WS209,2012-06-21 09:07:24.473,2428.0000,221176,0,0.0000,0.0000,0,0,空换,S,2428.0000,0.0000,0.0000,0.0000,0.0000,2429.0000,0.0000,0.0000,0.0000,0.0000,36,0,0,0,0,94,0,0,0,0
zc,WS209,2012-06-21 09:07:26.300,2428.0000,221176,0,0.0000,0.0000,0,0,空换,S,2428.0000,0.0000,0.0000,0.0000,0.0000,2429.0000,0.0000,0.0000,0.0000,0.0000,36,0,0,0,0,95,0,0,0,0
zc,WS209,2012-06-21 09:07:27.020,2428.0000,221176,0,0.0000,0.0000,0,0,空换,S,2428.0000,0.0000,0.0000,0.0000,0.0000,2429.0000,0.0000,0.0000,0.0000,0.0000,36,0,0,0,0,97,0,0,0,0
zc,WS209,2012-06-21 09:07:27.580,2428.0000,221166,-10,0.0000,12.0000,1,11,多平,S,2428.0000,0.0000,0.0000,0.0000,0.0000,2429.0000,0.0000,0.0000,0.0000,0.0000,30,0,0,0,0,97,0,0,0,0
zc,WS209,2012-06-21 09:07:28.317,2428.0000,221154,-12,0.0000,22.0000,5,17,多平,S,2428.0000,0.0000,0.0000,0.0000,0.0000,2429.0000,0.0000,0.0000,0.0000,0.0000,25,0,0,0,0,86,0,0,0,0
zc,WS209,2012-06-21 09:07:28.800,2429.0000,221154,0,0.0000,2.0000,1,1,多换,B,2428.0000,0.0000,0.0000,0.0000,0.0000,2429.0000,0.0000,0.0000,0.0000,0.0000,25,0,0,0,0,85,0,0,0,0
zc,WS209,2012-06-21 09:07:29.300,2428.0000,221152,-2,0.0000,2.0000,0,2,双平,S,2428.0000,0.0000,0.0000,0.0000,0.0000,2429.0000,0.0000,0.0000,0.0000,0.0000,24,0,0,0,0,79,0,0,0,0
zc,WS209,2012-06-21 09:07:30.050,2428.0000,221152,0,0.0000,0.0000,0,0,空换,S,2428.0000,0.0000,0.0000,0.0000,0.0000,2429.0000,0.0000,0.0000,0.0000,0.0000,32,0,0,0,0,76,0,0,0,0
zc,WS209,2012-06-21 09:07:31.347,2428.0000,221152,0,0.0000,4.0000,2,2,空换,S,2428.0000,0.0000,0.0000,0.0000,0.0000,2429.0000,0.0000,0.0000,0.0000,0.0000,22,0,0,0,0,84,0,0,0,0
zc,WS209,2012-06-21 09:07:31.473,2428.0000,221150,-2,0.0000,2.0000,0,2,双平,S,2428.0000,0.0000,0.0000,0.0000,0.0000,2429.0000,0.0000,0.0000,0.0000,0.0000,21,0,0,0,0,83,0,0,0,0
zc,WS209,2012-06-21 09:07:32.270,2428.0000,221148,-2,0.0000,2.0000,0,2,双平,S,2428.0000,0.0000,0.0000,0.0000,0.0000,2429.0000,0.0000,0.0000,0.0000,0.0000,20,0,0,0,0,82,0,0,0,0
zc,WS209,2012-06-21 09:07:32.770,2428.0000,221146,-2,0.0000,2.0000,0,2,双平,S,2428.0000,0.0000,0.0000,0.0000,0.0000,2429.0000,0.0000,0.0000,0.0000,0.0000,19,0,0,0,0,83,0,0,0,0
zc,WS209,2012-06-21 09:07:33.520,2428.0000,221130,-16,0.0000,16.0000,0,16,双平,S,2428.0000,0.0000,0.0000,0.0000,0.0000,2429.0000,0.0000,0.0000,0.0000,0.0000,12,0,0,0,0,84,0,0,0,0
zc,WS209,2012-06-21 09:07:34.020,2428.0000,221128,-2,0.0000,12.0000,5,7,多平,S,2428.0000,0.0000,0.0000,0.0000,0.0000,2429.0000,0.0000,0.0000,0.0000,0.0000,6,0,0,0,0,83,0,0,0,0
zc,WS209,2012-06-21 09:07:34.520,2428.0000,221128,0,0.0000,8.0000,4,4,空换,S,2428.0000,0.0000,0.0000,0.0000,0.0000,2429.0000,0.0000,0.0000,0.0000,0.0000,2,0,0,0,0,82,0,0,0,0
zc,WS209,2012-06-21 09:07:35.283,2428.0000,221128,0,0.0000,4.0000,2,2,空换,S,2428.0000,0.0000,0.0000,0.0000,0.0000,2429.0000,0.0000,0.0000,0.0000,0.0000,9,0,0,0,0,79,0,0,0,0
zc,WS209,2012-06-21 09:07:35.753,2428.0000,221126,-2,0.0000,2.0000,0,2,双平,S,2428.0000,0.0000,0.0000,0.0000,0.0000,2429.0000,0.0000,0.0000,0.0000,0.0000,8,0,0,0,0,79,0,0,0,0
zc,WS209,2012-06-21 09:07:36.503,2428.0000,221126,0,0.0000,2.0000,1,1,空换,S,2428.0000,0.0000,0.0000,0.0000,0.0000,2429.0000,0.0000,0.0000,0.0000,0.0000,1,0,0,0,0,83,0,0,0,0
zc,WS209,2012-06-21 09:07:37.003,2428.0000,221126,0,0.0000,0.0000,0,0,空换,S,2428.0000,0.0000,0.0000,0.0000,0.0000,2429.0000,0.0000,0.0000,0.0000,0.0000,1,0,0,0,0,85,0,0,0,0
