市场代码,合约代码,时间,最新,持仓,增仓,成交额,成交量,开仓,平仓,成交类型,方向,买一价,买二价,买三价,买四价,买五价,卖一价,卖二价,卖三价,卖四价,卖五价,买一量,买二量,买三量,买四量,买五量,卖一量,卖二量,卖三量,卖四量,卖五量
zc,WS305,2012-06-21 07:43:23.910,0.0000,54270,0,0.0000,0.0000,0,0,空换,S,0.0000,0.0000,0.0000,0.0000,0.0000,0.0000,0.0000,0.0000,0.0000,0.0000,0,0,0,0,0,0,0,0,0,0
zc,WS305,2012-06-21 08:02:05.987,0.0000,54270,0,0.0000,0.0000,0,0,空换,S,0.0000,0.0000,0.0000,0.0000,0.0000,0.0000,0.0000,0.0000,0.0000,0.0000,0,0,0,0,0,0,0,0,0,0
zc,WS305,2012-06-21 08:04:05.987,0.0000,54270,0,0.0000,0.0000,0,0,空换,S,0.0000,0.0000,0.0000,0.0000,0.0000,0.0000,0.0000,0.0000,0.0000,0.0000,0,0,0,0,0,0,0,0,0,0
zc,WS305,2012-06-21 08:10:05.973,0.0000,54270,0,0.0000,0.0000,0,0,空换,S,0.0000,0.0000,0.0000,0.0000,0.0000,0.0000,0.0000,0.0000,0.0000,0.0000,0,0,0,0,0,0,0,0,0,0
zc,WS305,2012-06-21 08:12:05.973,0.0000,54270,0,0.0000,0.0000,0,0,空换,S,0.0000,0.0000,0.0000,0.0000,0.0000,0.0000,0.0000,0.0000,0.0000,0.0000,0,0,0,0,0,0,0,0,0,0
zc,WS305,2012-06-21 08:14:05.973,0.0000,54270,0,0.0000,0.0000,0,0,空换,S,0.0000,0.0000,0.0000,0.0000,0.0000,0.0000,0.0000,0.0000,0.0000,0.0000,0,0,0,0,0,0,0,0,0,0
zc,WS305,2012-06-21 08:39:05.957,0.0000,54270,0,0.0000,0.0000,0,0,空换,S,0.0000,0.0000,0.0000,0.0000,0.0000,0.0000,0.0000,0.0000,0.0000,0.0000,0,0,0,0,0,0,0,0,0,0
zc,WS305,2012-06-21 08:41:05.957,0.0000,54270,0,0.0000,0.0000,0,0,空换,S,0.0000,0.0000,0.0000,0.0000,0.0000,0.0000,0.0000,0.0000,0.0000,0.0000,0,0,0,0,0,0,0,0,0,0
zc,WS305,2012-06-21 08:53:05.987,0.0000,54270,0,0.0000,0.0000,0,0,空换,S,0.0000,0.0000,0.0000,0.0000,0.0000,0.0000,0.0000,0.0000,0.0000,0.0000,0,0,0,0,0,0,0,0,0,0
zc,WS305,2012-06-21 08:55:31.940,0.0000,54270,0,0.0000,0.0000,0,0,空换,S,0.0000,0.0000,0.0000,0.0000,0.0000,0.0000,0.0000,0.0000,0.0000,0.0000,0,0,0,0,0,0,0,0,0,0
zc,WS305,2012-06-21 08:57:32.190,0.0000,54270,0,0.0000,0.0000,0,0,空换,S,0.0000,0.0000,0.0000,0.0000,0.0000,0.0000,0.0000,0.0000,0.0000,0.0000,0,0,0,0,0,0,0,0,0,0
zc,WS305,2012-06-21 08:58:09.190,0.0000,54270,0,0.0000,0.0000,0,0,空换,S,0.0000,0.0000,0.0000,0.0000,0.0000,0.0000,0.0000,0.0000,0.0000,0.0000,0,0,0,0,0,0,0,0,0,0
zc,WS305,2012-06-21 09:00:00.377,2608.0000,54268,-2,0.0000,628.0000,313,315,空平,B,2606.0000,0.0000,0.0000,0.0000,0.0000,2608.0000,0.0000,0.0000,0.0000,0.0000,11,0,0,0,0,110,0,0,0,0
zc,WS305,2012-06-21 09:00:01.127,2608.0000,54268,0,0.0000,0.0000,0,0,多换,B,2607.0000,0.0000,0.0000,0.0000,0.0000,2608.0000,0.0000,0.0000,0.0000,0.0000,8,0,0,0,0,107,0,0,0,0
zc,WS305,2012-06-21 09:00:04.190,2607.0000,54038,-230,0.0000,232.0000,1,231,多平,S,2607.0000,0.0000,0.0000,0.0000,0.0000,2609.0000,0.0000,0.0000,0.0000,0.0000,5,0,0,0,0,29,0,0,0,0
zc,WS305,2012-06-21 09:00:05.393,2607.0000,54036,-2,0.0000,2.0000,0,2,双平,S,2606.0000,0.0000,0.0000,0.0000,0.0000,2607.0000,0.0000,0.0000,0.0000,0.0000,6,0,0,0,0,1,0,0,0,0
zc,WS305,2012-06-21 09:00:07.690,2607.0000,54014,-22,0.0000,24.0000,1,23,多平,S,2606.0000,0.0000,0.0000,0.0000,0.0000,2607.0000,0.0000,0.0000,0.0000,0.0000,4,0,0,0,0,16,0,0,0,0
zc,WS305,2012-06-21 09:00:08.097,2607.0000,54014,0,0.0000,0.0000,0,0,空换,S,2606.0000,0.0000,0.0000,0.0000,0.0000,2607.0000,0.0000,0.0000,0.0000,0.0000,4,0,0,0,0,67,0,0,0,0
zc,WS305,2012-06-21 09:00:08.893,2606.0000,54014,0,0.0000,2.0000,1,1,空换,S,2605.0000,0.0000,0.0000,0.0000,0.0000,2606.0000,0.0000,0.0000,0.0000,0.0000,3,0,0,0,0,20,0,0,0,0
zc,WS305,2012-06-21 09:00:09.347,2606.0000,54014,0,0.0000,0.0000,0,0,空换,S,2605.0000,0.0000,0.0000,0.0000,0.0000,2606.0000,0.0000,0.0000,0.0000,0.0000,3,0,0,0,0,66,0,0,0,0
zc,WS305,2012-06-21 09:00:10.643,2606.0000,54014,0,0.0000,2.0000,1,1,空换,S,2605.0000,0.0000,0.0000,0.0000,0.0000,2606.0000,0.0000,0.0000,0.0000,0.0000,2,0,0,0,0,65,0,0,0,0
zc,WS305,2012-06-21 09:00:11.160,2606.0000,54008,-6,0.0000,6.0000,0,6,双平,S,2605.0000,0.0000,0.0000,0.0000,0.0000,2606.0000,0.0000,0.0000,0.0000,0.0000,7,0,0,0,0,62,0,0,0,0
zc,WS305,2012-06-21 09:00:11.643,2606.0000,54008,0,0.0000,0.0000,0,0,空换,S,2605.0000,0.0000,0.0000,0.0000,0.0000,2606.0000,0.0000,0.0000,0.0000,0.0000,5,0,0,0,0,62,0,0,0,0
zc,WS305,2012-06-21 09:00:12.427,2606.0000,54008,0,0.0000,0.0000,0,0,空换,S,2604.0000,0.0000,0.0000,0.0000,0.0000,2605.0000,0.0000,0.0000,0.0000,0.0000,3,0,0,0,0,2,0,0,0,0
zc,WS305,2012-06-21 09:00:13.113,2606.0000,54008,0,0.0000,0.0000,0,0,空换,S,2604.0000,0.0000,0.0000,0.0000,0.0000,2605.0000,0.0000,0.0000,0.0000,0.0000,3,0,0,0,0,13,0,0,0,0
zc,WS305,2012-06-21 09:00:13.597,2606.0000,54008,0,0.0000,0.0000,0,0,空换,S,2604.0000,0.0000,0.0000,0.0000,0.0000,2605.0000,0.0000,0.0000,0.0000,0.0000,3,0,0,0,0,62,0,0,0,0
zc,WS305,2012-06-21 09:00:14.127,2606.0000,54008,0,0.0000,0.0000,0,0,空换,S,2603.0000,0.0000,0.0000,0.0000,0.0000,2605.0000,0.0000,0.0000,0.0000,0.0000,9,0,0,0,0,62,0,0,0,0
zc,WS305,2012-06-21 09:00:14.847,2605.0000,54008,0,0.0000,2.0000,1,1,空换,S,2603.0000,0.0000,0.0000,0.0000,0.0000,2605.0000,0.0000,0.0000,0.0000,0.0000,9,0,0,0,0,61,0,0,0,0
zc,WS305,2012-06-21 09:00:15.910,2605.0000,54008,0,0.0000,0.0000,0,0,空换,S,2604.0000,0.0000,0.0000,0.0000,0.0000,2605.0000,0.0000,0.0000,0.0000,0.0000,1,0,0,0,0,61,0,0,0,0
zc,WS305,2012-06-21 09:00:16.660,2604.0000,54006,-2,0.0000,2.0000,0,2,双平,S,2603.0000,0.0000,0.0000,0.0000,0.0000,2605.0000,0.0000,0.0000,0.0000,0.0000,2,0,0,0,0,60,0,0,0,0
zc,WS305,2012-06-21 09:00:16.893,2604.0000,54006,0,0.0000,0.0000,0,0,空换,S,2602.0000,0.0000,0.0000,0.0000,0.0000,2604.0000,0.0000,0.0000,0.0000,0.0000,6,0,0,0,0,4,0,0,0,0
zc,WS305,2012-06-21 09:00:17.910,2604.0000,54006,0,0.0000,4.0000,2,2,空换,S,2602.0000,0.0000,0.0000,0.0000,0.0000,2604.0000,0.0000,0.0000,0.0000,0.0000,6,0,0,0,0,40,0,0,0,0
zc,WS305,2012-06-21 09:00:18.347,2604.0000,54006,0,0.0000,0.0000,0,0,空换,S,2602.0000,0.0000,0.0000,0.0000,0.0000,2604.0000,0.0000,0.0000,0.0000,0.0000,4,0,0,0,0,49,0,0,0,0
zc,WS305,2012-06-21 09:00:18.910,2604.0000,54006,0,0.0000,0.0000,0,0,空换,S,2602.0000,0.0000,0.0000,0.0000,0.0000,2604.0000,0.0000,0.0000,0.0000,0.0000,1,0,0,0,0,50,0,0,0,0
zc,WS305,2012-06-21 09:00:19.613,2602.0000,54014,8,0.0000,14.0000,11,3,空开,S,2602.0000,0.0000,0.0000,0.0000,0.0000,2604.0000,0.0000,0.0000,0.0000,0.0000,4,0,0,0,0,50,0,0,0,0
zc,WS305,2012-06-21 09:00:20.410,2602.0000,54014,0,0.0000,0.0000,0,0,空换,S,2602.0000,0.0000,0.0000,0.0000,0.0000,2604.0000,0.0000,0.0000,0.0000,0.0000,4,0,0,0,0,49,0,0,0,0
zc,WS305,2012-06-21 09:00:20.893,2602.0000,54014,0,0.0000,0.0000,0,0,空换,S,2602.0000,0.0000,0.0000,0.0000,0.0000,2604.0000,0.0000,0.0000,0.0000,0.0000,3,0,0,0,0,50,0,0,0,0
zc,WS305,2012-06-21 09:00:21.877,2603.0000,54014,0,0.0000,4.0000,2,2,多换,B,2601.0000,0.0000,0.0000,0.0000,0.0000,2603.0000,0.0000,0.0000,0.0000,0.0000,12,0,0,0,0,12,0,0,0,0
zc,WS305,2012-06-21 09:00:22.347,2603.0000,54014,0,0.0000,0.0000,0,0,多换,B,2601.0000,0.0000,0.0000,0.0000,0.0000,2603.0000,0.0000,0.0000,0.0000,0.0000,6,0,0,0,0,22,0,0,0,0
zc,WS305,2012-06-21 09:00:23.660,2603.0000,54014,0,0.0000,0.0000,0,0,多换,B,2603.0000,0.0000,0.0000,0.0000,0.0000,2604.0000,0.0000,0.0000,0.0000,0.0000,1,0,0,0,0,40,0,0,0,0
zc,WS305,2012-06-21 09:00:24.080,2603.0000,54014,0,0.0000,2.0000,1,1,多换,B,2602.0000,0.0000,0.0000,0.0000,0.0000,2604.0000,0.0000,0.0000,0.0000,0.0000,12,0,0,0,0,41,0,0,0,0
zc,WS305,2012-06-21 09:00:24.847,2603.0000,54014,0,0.0000,0.0000,0,0,多换,B,2602.0000,0.0000,0.0000,0.0000,0.0000,2604.0000,0.0000,0.0000,0.0000,0.0000,7,0,0,0,0,39,0,0,0,0
zc,WS305,2012-06-21 09:00:25.347,2603.0000,54014,0,0.0000,0.0000,0,0,多换,B,2602.0000,0.0000,0.0000,0.0000,0.0000,2604.0000,0.0000,0.0000,0.0000,0.0000,7,0,0,0,0,25,0,0,0,0
zc,WS305,2012-06-21 09:00:26.080,2602.0000,54014,0,0.0000,6.0000,3,3,空换,S,2602.0000,0.0000,0.0000,0.0000,0.0000,2604.0000,0.0000,0.0000,0.0000,0.0000,5,0,0,0,0,23,0,0,0,0
zc,WS305,2012-06-21 09:00:26.627,2603.0000,54012,-2,0.0000,2.0000,0,2,双平,B,2602.0000,0.0000,0.0000,0.0000,0.0000,2603.0000,0.0000,0.0000,0.0000,0.0000,1,0,0,0,0,14,0,0,0,0
zc,WS305,2012-06-21 09:00:27.363,2602.0000,54012,0,0.0000,2.0000,1,1,空换,S,2601.0000,0.0000,0.0000,0.0000,0.0000,2602.0000,0.0000,0.0000,0.0000,0.0000,7,0,0,0,0,14,0,0,0,0
zc,WS305,2012-06-21 09:00:27.910,2602.0000,54010,-2,0.0000,2.0000,0,2,双平,S,2601.0000,0.0000,0.0000,0.0000,0.0000,2602.0000,0.0000,0.0000,0.0000,0.0000,1,0,0,0,0,18,0,0,0,0
zc,WS305,2012-06-21 09:00:30.627,2602.0000,53988,-22,0.0000,22.0000,0,22,双平,S,2601.0000,0.0000,0.0000,0.0000,0.0000,2602.0000,0.0000,0.0000,0.0000,0.0000,40,0,0,0,0,7,0,0,0,0
zc,WS305,2012-06-21 09:00:31.410,2602.0000,53984,-4,0.0000,14.0000,5,9,多平,S,2601.0000,0.0000,0.0000,0.0000,0.0000,2603.0000,0.0000,0.0000,0.0000,0.0000,34,0,0,0,0,35,0,0,0,0
zc,WS305,2012-06-21 09:00:31.910,2602.0000,53984,0,0.0000,0.0000,0,0,空换,S,2602.0000,0.0000,0.0000,0.0000,0.0000,2603.0000,0.0000,0.0000,0.0000,0.0000,1,0,0,0,0,35,0,0,0,0
zc,WS305,2012-06-21 09:00:32.613,2603.0000,53984,0,0.0000,20.0000,10,10,多换,B,2602.0000,0.0000,0.0000,0.0000,0.0000,2603.0000,0.0000,0.0000,0.0000,0.0000,1,0,0,0,0,25,0,0,0,0
zc,WS305,2012-06-21 09:00:33.080,2603.0000,53984,0,0.0000,0.0000,0,0,多换,B,2602.0000,0.0000,0.0000,0.0000,0.0000,2603.0000,0.0000,0.0000,0.0000,0.0000,234,0,0,0,0,4,0,0,0,0
zc,WS305,2012-06-21 09:00:33.830,2602.0000,53982,-2,0.0000,2.0000,0,2,双平,S,2602.0000,0.0000,0.0000,0.0000,0.0000,2603.0000,0.0000,0.0000,0.0000,0.0000,233,0,0,0,0,4,0,0,0,0
zc,WS305,2012-06-21 09:00:34.410,2603.0000,53980,-2,0.0000,2.0000,0,2,双平,B,2602.0000,0.0000,0.0000,0.0000,0.0000,2603.0000,0.0000,0.0000,0.0000,0.0000,233,0,0,0,0,3,0,0,0,0
zc,WS305,2012-06-21 09:00:36.143,2603.0000,53974,-6,0.0000,6.0000,0,6,双平,B,2602.0000,0.0000,0.0000,0.0000,0.0000,2604.0000,0.0000,0.0000,0.0000,0.0000,230,0,0,0,0,19,0,0,0,0
zc,WS305,2012-06-21 09:00:36.580,2603.0000,53974,0,0.0000,0.0000,0,0,多换,B,2602.0000,0.0000,0.0000,0.0000,0.0000,2604.0000,0.0000,0.0000,0.0000,0.0000,230,0,0,0,0,16,0,0,0,0
zc,WS305,2012-06-21 09:00:37.847,2603.0000,53974,0,0.0000,0.0000,0,0,多换,B,2603.0000,0.0000,0.0000,0.0000,0.0000,2604.0000,0.0000,0.0000,0.0000,0.0000,5,0,0,0,0,17,0,0,0,0
zc,WS305,2012-06-21 09:00:38.597,2603.0000,53974,0,0.0000,0.0000,0,0,多换,B,2603.0000,0.0000,0.0000,0.0000,0.0000,2604.0000,0.0000,0.0000,0.0000,0.0000,5,0,0,0,0,20,0,0,0,0
zc,WS305,2012-06-21 09:00:39.347,2603.0000,53974,0,0.0000,0.0000,0,0,多换,B,2603.0000,0.0000,0.0000,0.0000,0.0000,2604.0000,0.0000,0.0000,0.0000,0.0000,5,0,0,0,0,16,0,0,0,0
zc,WS305,2012-06-21 09:00:39.893,2603.0000,53974,0,0.0000,0.0000,0,0,多换,B,2603.0000,0.0000,0.0000,0.0000,0.0000,2604.0000,0.0000,0.0000,0.0000,0.0000,5,0,0,0,0,13,0,0,0,0
zc,WS305,2012-06-21 09:00:40.643,2603.0000,53974,0,0.0000,0.0000,0,0,多换,B,2603.0000,0.0000,0.0000,0.0000,0.0000,2604.0000,0.0000,0.0000,0.0000,0.0000,5,0,0,0,0,14,0,0,0,0
zc,WS305,2012-06-21 09:00:40.863,2603.0000,53974,0,0.0000,0.0000,0,0,多换,B,2603.0000,0.0000,0.0000,0.0000,0.0000,2604.0000,0.0000,0.0000,0.0000,0.0000,5,0,0,0,0,13,0,0,0,0
zc,WS305,2012-06-21 09:00:41.597,2603.0000,53974,0,0.0000,0.0000,0,0,多换,B,2603.0000,0.0000,0.0000,0.0000,0.0000,2605.0000,0.0000,0.0000,0.0000,0.0000,7,0,0,0,0,47,0,0,0,0
zc,WS305,2012-06-21 09:00:42.097,2603.0000,53974,0,0.0000,0.0000,0,0,多换,B,2603.0000,0.0000,0.0000,0.0000,0.0000,2605.0000,0.0000,0.0000,0.0000,0.0000,13,0,0,0,0,47,0,0,0,0
zc,WS305,2012-06-21 09:00:42.893,2603.0000,53974,0,0.0000,0.0000,0,0,多换,B,2603.0000,0.0000,0.0000,0.0000,0.0000,2605.0000,0.0000,0.0000,0.0000,0.0000,8,0,0,0,0,47,0,0,0,0
zc,WS305,2012-06-21 09:00:43.393,2604.0000,53974,0,0.0000,110.0000,55,55,多换,B,2604.0000,0.0000,0.0000,0.0000,0.0000,2605.0000,0.0000,0.0000,0.0000,0.0000,45,0,0,0,0,3,0,0,0,0
zc,WS305,2012-06-21 09:00:44.127,2604.0000,53974,0,0.0000,0.0000,0,0,多换,B,2604.0000,0.0000,0.0000,0.0000,0.0000,2605.0000,0.0000,0.0000,0.0000,0.0000,45,0,0,0,0,1,0,0,0,0
zc,WS305,2012-06-21 09:00:44.580,2604.0000,53974,0,0.0000,0.0000,0,0,多换,B,2604.0000,0.0000,0.0000,0.0000,0.0000,2605.0000,0.0000,0.0000,0.0000,0.0000,45,0,0,0,0,72,0,0,0,0
zc,WS305,2012-06-21 09:00:45.317,2604.0000,53974,0,0.0000,0.0000,0,0,多换,B,2604.0000,0.0000,0.0000,0.0000,0.0000,2605.0000,0.0000,0.0000,0.0000,0.0000,45,0,0,0,0,71,0,0,0,0
zc,WS305,2012-06-21 09:00:45.847,2604.0000,53974,0,0.0000,0.0000,0,0,多换,B,2604.0000,0.0000,0.0000,0.0000,0.0000,2605.0000,0.0000,0.0000,0.0000,0.0000,45,0,0,0,0,70,0,0,0,0
zc,WS305,2012-06-21 09:00:46.627,2604.0000,53974,0,0.0000,0.0000,0,0,多换,B,2604.0000,0.0000,0.0000,0.0000,0.0000,2605.0000,0.0000,0.0000,0.0000,0.0000,45,0,0,0,0,24,0,0,0,0
zc,WS305,2012-06-21 09:00:47.113,2604.0000,53974,0,0.0000,0.0000,0,0,多换,B,2604.0000,0.0000,0.0000,0.0000,0.0000,2605.0000,0.0000,0.0000,0.0000,0.0000,45,0,0,0,0,23,0,0,0,0
zc,WS305,2012-06-21 09:00:48.127,2604.0000,53974,0,0.0000,0.0000,0,0,多换,B,2604.0000,0.0000,0.0000,0.0000,0.0000,2605.0000,0.0000,0.0000,0.0000,0.0000,45,0,0,0,0,19,0,0,0,0
zc,WS305,2012-06-21 09:00:48.283,2604.0000,53974,0,0.0000,0.0000,0,0,多换,B,2604.0000,0.0000,0.0000,0.0000,0.0000,2605.0000,0.0000,0.0000,0.0000,0.0000,45,0,0,0,0,18,0,0,0,0
zc,WS305,2012-06-21 09:00:49.363,2604.0000,53974,0,0.0000,0.0000,0,0,多换,B,2604.0000,0.0000,0.0000,0.0000,0.0000,2606.0000,0.0000,0.0000,0.0000,0.0000,45,0,0,0,0,28,0,0,0,0
zc,WS305,2012-06-21 09:00:49.893,2604.0000,53974,0,0.0000,0.0000,0,0,多换,B,2604.0000,0.0000,0.0000,0.0000,0.0000,2606.0000,0.0000,0.0000,0.0000,0.0000,45,0,0,0,0,22,0,0,0,0
zc,WS305,2012-06-21 09:00:50.317,2604.0000,53974,0,0.0000,0.0000,0,0,多换,B,2604.0000,0.0000,0.0000,0.0000,0.0000,2606.0000,0.0000,0.0000,0.0000,0.0000,46,0,0,0,0,23,0,0,0,0
zc,WS305,2012-06-21 09:00:51.097,2606.0000,53970,-4,0.0000,4.0000,0,4,双平,B,2604.0000,0.0000,0.0000,0.0000,0.0000,2606.0000,0.0000,0.0000,0.0000,0.0000,46,0,0,0,0,29,0,0,0,0
zc,WS305,2012-06-21 09:00:52.317,2606.0000,53970,0,0.0000,0.0000,0,0,多换,B,2604.0000,0.0000,0.0000,0.0000,0.0000,2606.0000,0.0000,0.0000,0.0000,0.0000,46,0,0,0,0,35,0,0,0,0
zc,WS305,2012-06-21 09:00:52.817,2606.0000,53968,-2,0.0000,2.0000,0,2,双平,B,2604.0000,0.0000,0.0000,0.0000,0.0000,2606.0000,0.0000,0.0000,0.0000,0.0000,46,0,0,0,0,35,0,0,0,0
zc,WS305,2012-06-21 09:00:54.113,2606.0000,53968,0,0.0000,0.0000,0,0,多换,B,2604.0000,0.0000,0.0000,0.0000,0.0000,2606.0000,0.0000,0.0000,0.0000,0.0000,46,0,0,0,0,34,0,0,0,0
zc,WS305,2012-06-21 09:00:55.113,2606.0000,53968,0,0.0000,0.0000,0,0,多换,B,2604.0000,0.0000,0.0000,0.0000,0.0000,2607.0000,0.0000,0.0000,0.0000,0.0000,46,0,0,0,0,94,0,0,0,0
zc,WS305,2012-06-21 09:00:55.660,2606.0000,53968,0,0.0000,0.0000,0,0,多换,B,2604.0000,0.0000,0.0000,0.0000,0.0000,2606.0000,0.0000,0.0000,0.0000,0.0000,46,0,0,0,0,1,0,0,0,0
zc,WS305,2012-06-21 09:00:56.347,2606.0000,53968,0,0.0000,0.0000,0,0,多换,B,2604.0000,0.0000,0.0000,0.0000,0.0000,2607.0000,0.0000,0.0000,0.0000,0.0000,46,0,0,0,0,92,0,0,0,0
zc,WS305,2012-06-21 09:00:56.830,2606.0000,53968,0,0.0000,0.0000,0,0,多换,B,2605.0000,0.0000,0.0000,0.0000,0.0000,2606.0000,0.0000,0.0000,0.0000,0.0000,5,0,0,0,0,1,0,0,0,0
zc,WS305,2012-06-21 09:00:57.627,2606.0000,53968,0,0.0000,0.0000,0,0,多换,B,2605.0000,0.0000,0.0000,0.0000,0.0000,2607.0000,0.0000,0.0000,0.0000,0.0000,6,0,0,0,0,222,0,0,0,0
zc,WS305,2012-06-21 09:01:00.080,2606.0000,53968,0,0.0000,0.0000,0,0,多换,B,2605.0000,0.0000,0.0000,0.0000,0.0000,2607.0000,0.0000,0.0000,0.0000,0.0000,6,0,0,0,0,221,0,0,0,0
zc,WS305,2012-06-21 09:01:00.283,2606.0000,53968,0,0.0000,0.0000,0,0,多换,B,2605.0000,0.0000,0.0000,0.0000,0.0000,2606.0000,0.0000,0.0000,0.0000,0.0000,5,0,0,0,0,16,0,0,0,0
zc,WS305,2012-06-21 09:01:01.847,2606.0000,53968,0,0.0000,0.0000,0,0,多换,B,2605.0000,0.0000,0.0000,0.0000,0.0000,2606.0000,0.0000,0.0000,0.0000,0.0000,5,0,0,0,0,27,0,0,0,0
zc,WS305,2012-06-21 09:01:02.613,2606.0000,53968,0,0.0000,0.0000,0,0,多换,B,2605.0000,0.0000,0.0000,0.0000,0.0000,2606.0000,0.0000,0.0000,0.0000,0.0000,5,0,0,0,0,9,0,0,0,0
zc,WS305,2012-06-21 09:01:03.113,2606.0000,53968,0,0.0000,0.0000,0,0,多换,B,2605.0000,0.0000,0.0000,0.0000,0.0000,2606.0000,0.0000,0.0000,0.0000,0.0000,5,0,0,0,0,13,0,0,0,0
zc,WS305,2012-06-21 09:01:04.377,2606.0000,53968,0,0.0000,0.0000,0,0,多换,B,2605.0000,0.0000,0.0000,0.0000,0.0000,2606.0000,0.0000,0.0000,0.0000,0.0000,6,0,0,0,0,1,0,0,0,0
zc,WS305,2012-06-21 09:01:06.113,2606.0000,53968,0,0.0000,0.0000,0,0,多换,B,2605.0000,0.0000,0.0000,0.0000,0.0000,2607.0000,0.0000,0.0000,0.0000,0.0000,6,0,0,0,0,212,0,0,0,0
zc,WS305,2012-06-21 09:01:08.080,2606.0000,53968,0,0.0000,0.0000,0,0,多换,B,2605.0000,0.0000,0.0000,0.0000,0.0000,2606.0000,0.0000,0.0000,0.0000,0.0000,5,0,0,0,0,4,0,0,0,0
zc,WS305,2012-06-21 09:01:08.317,2606.0000,53968,0,0.0000,0.0000,0,0,多换,B,2605.0000,0.0000,0.0000,0.0000,0.0000,2606.0000,0.0000,0.0000,0.0000,0.0000,5,0,0,0,0,8,0,0,0,0
zc,WS305,2012-06-21 09:01:09.097,2606.0000,53968,0,0.0000,0.0000,0,0,多换,B,2605.0000,0.0000,0.0000,0.0000,0.0000,2606.0000,0.0000,0.0000,0.0000,0.0000,5,0,0,0,0,6,0,0,0,0
zc,WS305,2012-06-21 09:01:09.613,2605.0000,53968,0,0.0000,10.0000,5,5,空换,S,2604.0000,0.0000,0.0000,0.0000,0.0000,2606.0000,0.0000,0.0000,0.0000,0.0000,48,0,0,0,0,5,0,0,0,0
zc,WS305,2012-06-21 09:01:10.330,2605.0000,53968,0,0.0000,0.0000,0,0,空换,S,2604.0000,0.0000,0.0000,0.0000,0.0000,2606.0000,0.0000,0.0000,0.0000,0.0000,49,0,0,0,0,5,0,0,0,0
zc,WS305,2012-06-21 09:01:10.800,2605.0000,53968,0,0.0000,0.0000,0,0,空换,S,2604.0000,0.0000,0.0000,0.0000,0.0000,2606.0000,0.0000,0.0000,0.0000,0.0000,49,0,0,0,0,2,0,0,0,0
zc,WS305,2012-06-21 09:01:11.597,2605.0000,53968,0,0.0000,0.0000,0,0,空换,S,2605.0000,0.0000,0.0000,0.0000,0.0000,2607.0000,0.0000,0.0000,0.0000,0.0000,1,0,0,0,0,214,0,0,0,0
zc,WS305,2012-06-21 09:01:12.033,2605.0000,53966,-2,0.0000,2.0000,0,2,双平,S,2604.0000,0.0000,0.0000,0.0000,0.0000,2607.0000,0.0000,0.0000,0.0000,0.0000,51,0,0,0,0,214,0,0,0,0
zc,WS305,2012-06-21 09:01:13.817,2605.0000,53966,0,0.0000,0.0000,0,0,空换,S,2604.0000,0.0000,0.0000,0.0000,0.0000,2606.0000,0.0000,0.0000,0.0000,0.0000,48,0,0,0,0,14,0,0,0,0
zc,WS305,2012-06-21 09:01:15.050,2604.0000,53966,0,0.0000,12.0000,6,6,空换,S,2604.0000,0.0000,0.0000,0.0000,0.0000,2606.0000,0.0000,0.0000,0.0000,0.0000,47,0,0,0,0,14,0,0,0,0
zc,WS305,2012-06-21 09:01:16.113,2604.0000,53966,0,0.0000,0.0000,0,0,空换,S,2605.0000,0.0000,0.0000,0.0000,0.0000,2606.0000,0.0000,0.0000,0.0000,0.0000,1,0,0,0,0,24,0,0,0,0
zc,WS305,2012-06-21 09:01:16.567,2605.0000,53966,0,0.0000,2.0000,1,1,多换,B,2604.0000,0.0000,0.0000,0.0000,0.0000,2606.0000,0.0000,0.0000,0.0000,0.0000,47,0,0,0,0,24,0,0,0,0
zc,WS305,2012-06-21 09:01:17.847,2605.0000,53966,0,0.0000,0.0000,0,0,多换,B,2604.0000,0.0000,0.0000,0.0000,0.0000,2606.0000,0.0000,0.0000,0.0000,0.0000,47,0,0,0,0,19,0,0,0,0
zc,WS305,2012-06-21 09:01:18.567,2606.0000,53966,0,0.0000,16.0000,8,8,多换,B,2604.0000,0.0000,0.0000,0.0000,0.0000,2606.0000,0.0000,0.0000,0.0000,0.0000,47,0,0,0,0,16,0,0,0,0
zc,WS305,2012-06-21 09:01:20.330,2606.0000,53966,0,0.0000,0.0000,0,0,多换,B,2604.0000,0.0000,0.0000,0.0000,0.0000,2607.0000,0.0000,0.0000,0.0000,0.0000,86,0,0,0,0,219,0,0,0,0
zc,WS305,2012-06-21 09:01:20.817,2606.0000,53966,0,0.0000,0.0000,0,0,多换,B,2605.0000,0.0000,0.0000,0.0000,0.0000,2607.0000,0.0000,0.0000,0.0000,0.0000,1,0,0,0,0,219,0,0,0,0
zc,WS305,2012-06-21 09:01:23.783,2606.0000,53966,0,0.0000,0.0000,0,0,多换,B,2605.0000,0.0000,0.0000,0.0000,0.0000,2607.0000,0.0000,0.0000,0.0000,0.0000,1,0,0,0,0,150,0,0,0,0
zc,WS305,2012-06-21 09:01:24.503,2606.0000,53966,0,0.0000,0.0000,0,0,多换,B,2605.0000,0.0000,0.0000,0.0000,0.0000,2607.0000,0.0000,0.0000,0.0000,0.0000,1,0,0,0,0,149,0,0,0,0
zc,WS305,2012-06-21 09:01:25.080,2606.0000,53966,0,0.0000,0.0000,0,0,多换,B,2605.0000,0.0000,0.0000,0.0000,0.0000,2607.0000,0.0000,0.0000,0.0000,0.0000,1,0,0,0,0,148,0,0,0,0
zc,WS305,2012-06-21 09:01:26.067,2606.0000,53966,0,0.0000,0.0000,0,0,多换,B,2605.0000,0.0000,0.0000,0.0000,0.0000,2607.0000,0.0000,0.0000,0.0000,0.0000,1,0,0,0,0,147,0,0,0,0
zc,WS305,2012-06-21 09:01:26.533,2606.0000,53966,0,0.0000,0.0000,0,0,多换,B,2605.0000,0.0000,0.0000,0.0000,0.0000,2607.0000,0.0000,0.0000,0.0000,0.0000,1,0,0,0,0,146,0,0,0,0
zc,WS305,2012-06-21 09:01:27.067,2606.0000,53966,0,0.0000,0.0000,0,0,多换,B,2605.0000,0.0000,0.0000,0.0000,0.0000,2607.0000,0.0000,0.0000,0.0000,0.0000,1,0,0,0,0,145,0,0,0,0
zc,WS305,2012-06-21 09:01:27.830,2606.0000,53966,0,0.0000,0.0000,0,0,多换,B,2605.0000,0.0000,0.0000,0.0000,0.0000,2607.0000,0.0000,0.0000,0.0000,0.0000,1,0,0,0,0,144,0,0,0,0
zc,WS305,2012-06-21 09:01:28.330,2606.0000,53966,0,0.0000,0.0000,0,0,多换,B,2605.0000,0.0000,0.0000,0.0000,0.0000,2607.0000,0.0000,0.0000,0.0000,0.0000,1,0,0,0,0,132,0,0,0,0
zc,WS305,2012-06-21 09:01:29.080,2606.0000,53966,0,0.0000,0.0000,0,0,多换,B,2605.0000,0.0000,0.0000,0.0000,0.0000,2607.0000,0.0000,0.0000,0.0000,0.0000,1,0,0,0,0,131,0,0,0,0
zc,WS305,2012-06-21 09:01:29.597,2606.0000,53966,0,0.0000,0.0000,0,0,多换,B,2605.0000,0.0000,0.0000,0.0000,0.0000,2607.0000,0.0000,0.0000,0.0000,0.0000,1,0,0,0,0,130,0,0,0,0
zc,WS305,2012-06-21 09:01:30.300,2606.0000,53966,0,0.0000,0.0000,0,0,多换,B,2605.0000,0.0000,0.0000,0.0000,0.0000,2607.0000,0.0000,0.0000,0.0000,0.0000,1,0,0,0,0,121,0,0,0,0
zc,WS305,2012-06-21 09:01:32.097,2606.0000,53966,0,0.0000,0.0000,0,0,多换,B,2605.0000,0.0000,0.0000,0.0000,0.0000,2607.0000,0.0000,0.0000,0.0000,0.0000,1,0,0,0,0,41,0,0,0,0
zc,WS305,2012-06-21 09:01:32.847,2606.0000,53966,0,0.0000,0.0000,0,0,多换,B,2605.0000,0.0000,0.0000,0.0000,0.0000,2607.0000,0.0000,0.0000,0.0000,0.0000,1,0,0,0,0,35,0,0,0,0
zc,WS305,2012-06-21 09:01:33.330,2606.0000,53966,0,0.0000,0.0000,0,0,多换,B,2605.0000,0.0000,0.0000,0.0000,0.0000,2607.0000,0.0000,0.0000,0.0000,0.0000,1,0,0,0,0,45,0,0,0,0
zc,WS305,2012-06-21 09:01:33.817,2606.0000,53966,0,0.0000,0.0000,0,0,多换,B,2605.0000,0.0000,0.0000,0.0000,0.0000,2607.0000,0.0000,0.0000,0.0000,0.0000,1,0,0,0,0,55,0,0,0,0
zc,WS305,2012-06-21 09:01:34.363,2606.0000,53966,0,0.0000,0.0000,0,0,多换,B,2605.0000,0.0000,0.0000,0.0000,0.0000,2607.0000,0.0000,0.0000,0.0000,0.0000,1,0,0,0,0,29,0,0,0,0
zc,WS305,2012-06-21 09:01:35.550,2606.0000,53966,0,0.0000,0.0000,0,0,多换,B,2605.0000,0.0000,0.0000,0.0000,0.0000,2607.0000,0.0000,0.0000,0.0000,0.0000,1,0,0,0,0,9,0,0,0,0
zc,WS305,2012-06-21 09:01:36.660,2606.0000,53966,0,0.0000,0.0000,0,0,多换,B,2605.0000,0.0000,0.0000,0.0000,0.0000,2607.0000,0.0000,0.0000,0.0000,0.0000,1,0,0,0,0,3,0,0,0,0
zc,WS305,2012-06-21 09:01:37.097,2606.0000,53966,0,0.0000,0.0000,0,0,多换,B,2605.0000,0.0000,0.0000,0.0000,0.0000,2608.0000,0.0000,0.0000,0.0000,0.0000,30,0,0,0,0,38,0,0,0,0
zc,WS305,2012-06-21 09:01:38.283,2606.0000,53966,0,0.0000,0.0000,0,0,多换,B,2605.0000,0.0000,0.0000,0.0000,0.0000,2608.0000,0.0000,0.0000,0.0000,0.0000,30,0,0,0,0,34,0,0,0,0
zc,WS305,2012-06-21 09:01:39.580,2606.0000,53966,0,0.0000,0.0000,0,0,多换,B,2605.0000,0.0000,0.0000,0.0000,0.0000,2608.0000,0.0000,0.0000,0.0000,0.0000,30,0,0,0,0,44,0,0,0,0
zc,WS305,2012-06-21 09:01:42.330,2606.0000,53966,0,0.0000,0.0000,0,0,多换,B,2605.0000,0.0000,0.0000,0.0000,0.0000,2608.0000,0.0000,0.0000,0.0000,0.0000,38,0,0,0,0,43,0,0,0,0
zc,WS305,2012-06-21 09:01:43.067,2606.0000,53966,0,0.0000,0.0000,0,0,多换,B,2605.0000,0.0000,0.0000,0.0000,0.0000,2608.0000,0.0000,0.0000,0.0000,0.0000,38,0,0,0,0,39,0,0,0,0
zc,WS305,2012-06-21 09:01:43.613,2608.0000,53966,0,0.0000,4.0000,2,2,多换,B,2605.0000,0.0000,0.0000,0.0000,0.0000,2608.0000,0.0000,0.0000,0.0000,0.0000,38,0,0,0,0,7,0,0,0,0
zc,WS305,2012-06-21 09:01:44.300,2608.0000,53966,0,0.0000,0.0000,0,0,多换,B,2606.0000,0.0000,0.0000,0.0000,0.0000,2608.0000,0.0000,0.0000,0.0000,0.0000,1,0,0,0,0,6,0,0,0,0
zc,WS305,2012-06-21 09:01:44.817,2608.0000,53966,0,0.0000,0.0000,0,0,多换,B,2606.0000,0.0000,0.0000,0.0000,0.0000,2608.0000,0.0000,0.0000,0.0000,0.0000,1,0,0,0,0,40,0,0,0,0
zc,WS305,2012-06-21 09:01:45.580,2606.0000,53964,-2,0.0000,4.0000,1,3,多平,S,2605.0000,0.0000,0.0000,0.0000,0.0000,2608.0000,0.0000,0.0000,0.0000,0.0000,38,0,0,0,0,30,0,0,0,0
zc,WS305,2012-06-21 09:01:46.097,2606.0000,53964,0,0.0000,0.0000,0,0,空换,S,2605.0000,0.0000,0.0000,0.0000,0.0000,2608.0000,0.0000,0.0000,0.0000,0.0000,38,0,0,0,0,27,0,0,0,0
zc,WS305,2012-06-21 09:01:46.770,2606.0000,53964,0,0.0000,0.0000,0,0,空换,S,2605.0000,0.0000,0.0000,0.0000,0.0000,2608.0000,0.0000,0.0000,0.0000,0.0000,38,0,0,0,0,31,0,0,0,0
zc,WS305,2012-06-21 09:01:48.817,2608.0000,53964,0,0.0000,20.0000,10,10,多换,B,2605.0000,0.0000,0.0000,0.0000,0.0000,2608.0000,0.0000,0.0000,0.0000,0.0000,38,0,0,0,0,6,0,0,0,0
zc,WS305,2012-06-21 09:01:49.020,2608.0000,53964,0,0.0000,0.0000,0,0,多换,B,2605.0000,0.0000,0.0000,0.0000,0.0000,2608.0000,0.0000,0.0000,0.0000,0.0000,38,0,0,0,0,4,0,0,0,0
zc,WS305,2012-06-21 09:01:49.800,2608.0000,53964,0,0.0000,0.0000,0,0,多换,B,2606.0000,0.0000,0.0000,0.0000,0.0000,2609.0000,0.0000,0.0000,0.0000,0.0000,1,0,0,0,0,20,0,0,0,0
zc,WS305,2012-06-21 09:01:50.317,2608.0000,53964,0,0.0000,0.0000,0,0,多换,B,2606.0000,0.0000,0.0000,0.0000,0.0000,2609.0000,0.0000,0.0000,0.0000,0.0000,20,0,0,0,0,20,0,0,0,0
zc,WS305,2012-06-21 09:01:51.050,2608.0000,53964,0,0.0000,0.0000,0,0,多换,B,2606.0000,0.0000,0.0000,0.0000,0.0000,2609.0000,0.0000,0.0000,0.0000,0.0000,27,0,0,0,0,21,0,0,0,0
zc,WS305,2012-06-21 09:01:51.580,2608.0000,53964,0,0.0000,0.0000,0,0,多换,B,2606.0000,0.0000,0.0000,0.0000,0.0000,2609.0000,0.0000,0.0000,0.0000,0.0000,17,0,0,0,0,21,0,0,0,0
zc,WS305,2012-06-21 09:01:52.300,2608.0000,53964,0,0.0000,0.0000,0,0,多换,B,2606.0000,0.0000,0.0000,0.0000,0.0000,2609.0000,0.0000,0.0000,0.0000,0.0000,18,0,0,0,0,21,0,0,0,0
zc,WS305,2012-06-21 09:01:53.550,2608.0000,53964,0,0.0000,0.0000,0,0,多换,B,2606.0000,0.0000,0.0000,0.0000,0.0000,2609.0000,0.0000,0.0000,0.0000,0.0000,18,0,0,0,0,22,0,0,0,0
zc,WS305,2012-06-21 09:01:54.050,2608.0000,53964,0,0.0000,0.0000,0,0,多换,B,2606.0000,0.0000,0.0000,0.0000,0.0000,2609.0000,0.0000,0.0000,0.0000,0.0000,24,0,0,0,0,23,0,0,0,0
zc,WS305,2012-06-21 09:01:54.817,2608.0000,53964,0,0.0000,0.0000,0,0,多换,B,2606.0000,0.0000,0.0000,0.0000,0.0000,2609.0000,0.0000,0.0000,0.0000,0.0000,35,0,0,0,0,25,0,0,0,0
zc,WS305,2012-06-21 09:01:55.330,2608.0000,53964,0,0.0000,0.0000,0,0,多换,B,2606.0000,0.0000,0.0000,0.0000,0.0000,2609.0000,0.0000,0.0000,0.0000,0.0000,34,0,0,0,0,22,0,0,0,0
zc,WS305,2012-06-21 09:01:56.003,2608.0000,53964,0,0.0000,0.0000,0,0,多换,B,2608.0000,0.0000,0.0000,0.0000,0.0000,2610.0000,0.0000,0.0000,0.0000,0.0000,1,0,0,0,0,28,0,0,0,0
zc,WS305,2012-06-21 09:01:56.533,2608.0000,53964,0,0.0000,0.0000,0,0,多换,B,2608.0000,0.0000,0.0000,0.0000,0.0000,2610.0000,0.0000,0.0000,0.0000,0.0000,1,0,0,0,0,30,0,0,0,0
zc,WS305,2012-06-21 09:01:57.300,2607.0000,53946,-18,0.0000,20.0000,1,19,多平,S,2607.0000,0.0000,0.0000,0.0000,0.0000,2610.0000,0.0000,0.0000,0.0000,0.0000,19,0,0,0,0,38,0,0,0,0
zc,WS305,2012-06-21 09:01:59.783,2607.0000,53946,0,0.0000,0.0000,0,0,空换,S,2608.0000,0.0000,0.0000,0.0000,0.0000,2611.0000,0.0000,0.0000,0.0000,0.0000,19,0,0,0,0,146,0,0,0,0
zc,WS305,2012-06-21 09:02:00.503,2607.0000,53946,0,0.0000,0.0000,0,0,空换,S,2608.0000,0.0000,0.0000,0.0000,0.0000,2611.0000,0.0000,0.0000,0.0000,0.0000,19,0,0,0,0,151,0,0,0,0
zc,WS305,2012-06-21 09:02:00.830,2607.0000,53946,0,0.0000,0.0000,0,0,空换,S,2608.0000,0.0000,0.0000,0.0000,0.0000,2611.0000,0.0000,0.0000,0.0000,0.0000,19,0,0,0,0,150,0,0,0,0
zc,WS305,2012-06-21 09:02:01.613,2607.0000,53946,0,0.0000,0.0000,0,0,空换,S,2608.0000,0.0000,0.0000,0.0000,0.0000,2611.0000,0.0000,0.0000,0.0000,0.0000,19,0,0,0,0,145,0,0,0,0
zc,WS305,2012-06-21 09:02:02.317,2607.0000,53946,0,0.0000,0.0000,0,0,空换,S,2608.0000,0.0000,0.0000,0.0000,0.0000,2611.0000,0.0000,0.0000,0.0000,0.0000,19,0,0,0,0,143,0,0,0,0
zc,WS305,2012-06-21 09:02:02.847,2607.0000,53946,0,0.0000,0.0000,0,0,空换,S,2608.0000,0.0000,0.0000,0.0000,0.0000,2611.0000,0.0000,0.0000,0.0000,0.0000,19,0,0,0,0,25,0,0,0,0
zc,WS305,2012-06-21 09:02:03.347,2607.0000,53946,0,0.0000,0.0000,0,0,空换,S,2608.0000,0.0000,0.0000,0.0000,0.0000,2611.0000,0.0000,0.0000,0.0000,0.0000,20,0,0,0,0,21,0,0,0,0
zc,WS305,2012-06-21 09:02:04.080,2607.0000,53946,0,0.0000,0.0000,0,0,空换,S,2609.0000,0.0000,0.0000,0.0000,0.0000,2612.0000,0.0000,0.0000,0.0000,0.0000,20,0,0,0,0,213,0,0,0,0
zc,WS305,2012-06-21 09:02:04.567,2607.0000,53946,0,0.0000,0.0000,0,0,空换,S,2609.0000,0.0000,0.0000,0.0000,0.0000,2612.0000,0.0000,0.0000,0.0000,0.0000,1,0,0,0,0,221,0,0,0,0
zc,WS305,2012-06-21 09:02:05.347,2607.0000,53946,0,0.0000,0.0000,0,0,空换,S,2609.0000,0.0000,0.0000,0.0000,0.0000,2612.0000,0.0000,0.0000,0.0000,0.0000,2,0,0,0,0,221,0,0,0,0
zc,WS305,2012-06-21 09:02:06.893,2607.0000,53946,0,0.0000,0.0000,0,0,空换,S,2609.0000,0.0000,0.0000,0.0000,0.0000,2612.0000,0.0000,0.0000,0.0000,0.0000,3,0,0,0,0,220,0,0,0,0
zc,WS305,2012-06-21 09:02:07.330,2607.0000,53946,0,0.0000,0.0000,0,0,空换,S,2609.0000,0.0000,0.0000,0.0000,0.0000,2611.0000,0.0000,0.0000,0.0000,0.0000,1,0,0,0,0,7,0,0,0,0
zc,WS305,2012-06-21 09:02:08.050,2607.0000,53946,0,0.0000,0.0000,0,0,空换,S,2609.0000,0.0000,0.0000,0.0000,0.0000,2611.0000,0.0000,0.0000,0.0000,0.0000,1,0,0,0,0,41,0,0,0,0
zc,WS305,2012-06-21 09:02:08.643,2607.0000,53946,0,0.0000,0.0000,0,0,空换,S,2609.0000,0.0000,0.0000,0.0000,0.0000,2611.0000,0.0000,0.0000,0.0000,0.0000,1,0,0,0,0,42,0,0,0,0
zc,WS305,2012-06-21 09:02:09.317,2607.0000,53946,0,0.0000,0.0000,0,0,空换,S,2609.0000,0.0000,0.0000,0.0000,0.0000,2610.0000,0.0000,0.0000,0.0000,0.0000,1,0,0,0,0,10,0,0,0,0
zc,WS305,2012-06-21 09:02:09.830,2610.0000,53948,2,0.0000,2.0000,2,0,双开,B,2609.0000,0.0000,0.0000,0.0000,0.0000,2610.0000,0.0000,0.0000,0.0000,0.0000,1,0,0,0,0,9,0,0,0,0
zc,WS305,2012-06-21 09:02:10.580,2610.0000,53948,0,0.0000,0.0000,0,0,多换,B,2609.0000,0.0000,0.0000,0.0000,0.0000,2610.0000,0.0000,0.0000,0.0000,0.0000,1,0,0,0,0,27,0,0,0,0
zc,WS305,2012-06-21 09:02:11.113,2610.0000,53950,2,0.0000,2.0000,2,0,双开,B,2609.0000,0.0000,0.0000,0.0000,0.0000,2610.0000,0.0000,0.0000,0.0000,0.0000,1,0,0,0,0,26,0,0,0,0
zc,WS305,2012-06-21 09:02:11.877,2610.0000,53954,4,0.0000,4.0000,4,0,双开,B,2609.0000,0.0000,0.0000,0.0000,0.0000,2610.0000,0.0000,0.0000,0.0000,0.0000,1,0,0,0,0,24,0,0,0,0
zc,WS305,2012-06-21 09:02:13.033,2610.0000,53956,2,0.0000,2.0000,2,0,双开,B,2609.0000,0.0000,0.0000,0.0000,0.0000,2610.0000,0.0000,0.0000,0.0000,0.0000,1,0,0,0,0,23,0,0,0,0
zc,WS305,2012-06-21 09:02:13.800,2610.0000,53958,2,0.0000,2.0000,2,0,双开,B,2609.0000,0.0000,0.0000,0.0000,0.0000,2610.0000,0.0000,0.0000,0.0000,0.0000,1,0,0,0,0,22,0,0,0,0
zc,WS305,2012-06-21 09:02:14.893,2609.0000,53958,0,0.0000,2.0000,1,1,空换,S,2608.0000,0.0000,0.0000,0.0000,0.0000,2609.0000,0.0000,0.0000,0.0000,0.0000,27,0,0,0,0,1,0,0,0,0
zc,WS305,2012-06-21 09:02:15.283,2609.0000,53958,0,0.0000,2.0000,1,1,空换,S,2608.0000,0.0000,0.0000,0.0000,0.0000,2610.0000,0.0000,0.0000,0.0000,0.0000,27,0,0,0,0,22,0,0,0,0
zc,WS305,2012-06-21 09:02:16.550,2609.0000,53958,0,0.0000,0.0000,0,0,空换,S,2609.0000,0.0000,0.0000,0.0000,0.0000,2610.0000,0.0000,0.0000,0.0000,0.0000,19,0,0,0,0,22,0,0,0,0
zc,WS305,2012-06-21 09:02:17.270,2609.0000,53958,0,0.0000,0.0000,0,0,空换,S,2609.0000,0.0000,0.0000,0.0000,0.0000,2610.0000,0.0000,0.0000,0.0000,0.0000,20,0,0,0,0,22,0,0,0,0
zc,WS305,2012-06-21 09:02:19.033,2609.0000,53958,0,0.0000,0.0000,0,0,空换,S,2609.0000,0.0000,0.0000,0.0000,0.0000,2610.0000,0.0000,0.0000,0.0000,0.0000,1,0,0,0,0,22,0,0,0,0
zc,WS305,2012-06-21 09:02:22.067,2609.0000,53958,0,0.0000,0.0000,0,0,空换,S,2608.0000,0.0000,0.0000,0.0000,0.0000,2610.0000,0.0000,0.0000,0.0000,0.0000,28,0,0,0,0,22,0,0,0,0
zc,WS305,2012-06-21 09:02:26.330,2608.0000,53958,0,0.0000,2.0000,1,1,空换,S,2608.0000,0.0000,0.0000,0.0000,0.0000,2610.0000,0.0000,0.0000,0.0000,0.0000,21,0,0,0,0,22,0,0,0,0
zc,WS305,2012-06-21 09:02:26.817,2608.0000,53958,0,0.0000,0.0000,0,0,空换,S,2608.0000,0.0000,0.0000,0.0000,0.0000,2609.0000,0.0000,0.0000,0.0000,0.0000,21,0,0,0,0,1,0,0,0,0
zc,WS305,2012-06-21 09:02:28.113,2608.0000,53958,0,0.0000,0.0000,0,0,空换,S,2608.0000,0.0000,0.0000,0.0000,0.0000,2609.0000,0.0000,0.0000,0.0000,0.0000,2,0,0,0,0,1,0,0,0,0
zc,WS305,2012-06-21 09:02:28.817,2609.0000,53960,2,0.0000,2.0000,2,0,双开,B,2608.0000,0.0000,0.0000,0.0000,0.0000,2610.0000,0.0000,0.0000,0.0000,0.0000,2,0,0,0,0,66,0,0,0,0
zc,WS305,2012-06-21 09:02:29.613,2609.0000,53960,0,0.0000,0.0000,0,0,多换,B,2609.0000,0.0000,0.0000,0.0000,0.0000,2610.0000,0.0000,0.0000,0.0000,0.0000,2,0,0,0,0,65,0,0,0,0
zc,WS305,2012-06-21 09:02:30.067,2609.0000,53960,0,0.0000,0.0000,0,0,多换,B,2609.0000,0.0000,0.0000,0.0000,0.0000,2610.0000,0.0000,0.0000,0.0000,0.0000,2,0,0,0,0,22,0,0,0,0
zc,WS305,2012-06-21 09:02:34.567,2609.0000,53962,2,0.0000,2.0000,2,0,双开,B,2609.0000,0.0000,0.0000,0.0000,0.0000,2610.0000,0.0000,0.0000,0.0000,0.0000,1,0,0,0,0,43,0,0,0,0
zc,WS305,2012-06-21 09:02:35.080,2609.0000,53962,0,0.0000,0.0000,0,0,多换,B,2609.0000,0.0000,0.0000,0.0000,0.0000,2610.0000,0.0000,0.0000,0.0000,0.0000,1,0,0,0,0,22,0,0,0,0
zc,WS305,2012-06-21 09:02:40.003,2609.0000,53962,0,0.0000,0.0000,0,0,多换,B,2609.0000,0.0000,0.0000,0.0000,0.0000,2610.0000,0.0000,0.0000,0.0000,0.0000,1,0,0,0,0,23,0,0,0,0
zc,WS305,2012-06-21 09:02:41.347,2609.0000,53962,0,0.0000,0.0000,0,0,多换,B,2609.0000,0.0000,0.0000,0.0000,0.0000,2610.0000,0.0000,0.0000,0.0000,0.0000,2,0,0,0,0,23,0,0,0,0
zc,WS305,2012-06-21 09:02:45.067,2609.0000,53962,0,0.0000,0.0000,0,0,多换,B,2609.0000,0.0000,0.0000,0.0000,0.0000,2610.0000,0.0000,0.0000,0.0000,0.0000,2,0,0,0,0,5,0,0,0,0
zc,WS305,2012-06-21 09:02:49.283,2609.0000,53982,20,0.0000,22.0000,21,1,多开,B,2609.0000,0.0000,0.0000,0.0000,0.0000,2611.0000,0.0000,0.0000,0.0000,0.0000,1,0,0,0,0,102,0,0,0,0
zc,WS305,2012-06-21 09:02:50.003,2609.0000,53982,0,0.0000,0.0000,0,0,多换,B,2609.0000,0.0000,0.0000,0.0000,0.0000,2611.0000,0.0000,0.0000,0.0000,0.0000,1,0,0,0,0,101,0,0,0,0
zc,WS305,2012-06-21 09:02:50.520,2609.0000,53982,0,0.0000,0.0000,0,0,多换,B,2609.0000,0.0000,0.0000,0.0000,0.0000,2611.0000,0.0000,0.0000,0.0000,0.0000,1,0,0,0,0,100,0,0,0,0
zc,WS305,2012-06-21 09:02:51.033,2609.0000,53982,0,0.0000,0.0000,0,0,多换,B,2609.0000,0.0000,0.0000,0.0000,0.0000,2611.0000,0.0000,0.0000,0.0000,0.0000,1,0,0,0,0,107,0,0,0,0
zc,WS305,2012-06-21 09:02:53.067,2609.0000,53982,0,0.0000,0.0000,0,0,多换,B,2609.0000,0.0000,0.0000,0.0000,0.0000,2611.0000,0.0000,0.0000,0.0000,0.0000,1,0,0,0,0,108,0,0,0,0
zc,WS305,2012-06-21 09:02:54.050,2609.0000,53982,0,0.0000,0.0000,0,0,多换,B,2609.0000,0.0000,0.0000,0.0000,0.0000,2610.0000,0.0000,0.0000,0.0000,0.0000,1,0,0,0,0,25,0,0,0,0
zc,WS305,2012-06-21 09:02:59.580,2609.0000,53982,0,0.0000,0.0000,0,0,多换,B,2609.0000,0.0000,0.0000,0.0000,0.0000,2610.0000,0.0000,0.0000,0.0000,0.0000,20,0,0,0,0,25,0,0,0,0
zc,WS305,2012-06-21 09:03:11.283,2610.0000,53932,-50,0.0000,50.0000,0,50,双平,B,2609.0000,0.0000,0.0000,0.0000,0.0000,2612.0000,0.0000,0.0000,0.0000,0.0000,14,0,0,0,0,74,0,0,0,0
zc,WS305,2012-06-21 09:03:12.533,2610.0000,53932,0,0.0000,0.0000,0,0,多换,B,2609.0000,0.0000,0.0000,0.0000,0.0000,2612.0000,0.0000,0.0000,0.0000,0.0000,14,0,0,0,0,75,0,0,0,0
zc,WS305,2012-06-21 09:03:13.020,2610.0000,53932,0,0.0000,0.0000,0,0,多换,B,2609.0000,0.0000,0.0000,0.0000,0.0000,2612.0000,0.0000,0.0000,0.0000,0.0000,14,0,0,0,0,87,0,0,0,0
zc,WS305,2012-06-21 09:03:13.800,2610.0000,53932,0,0.0000,0.0000,0,0,多换,B,2609.0000,0.0000,0.0000,0.0000,0.0000,2612.0000,0.0000,0.0000,0.0000,0.0000,14,0,0,0,0,86,0,0,0,0
zc,WS305,2012-06-21 09:03:14.800,2610.0000,53932,0,0.0000,0.0000,0,0,多换,B,2609.0000,0.0000,0.0000,0.0000,0.0000,2612.0000,0.0000,0.0000,0.0000,0.0000,14,0,0,0,0,77,0,0,0,0
zc,WS305,2012-06-21 09:03:15.330,2610.0000,53932,0,0.0000,0.0000,0,0,多换,B,2609.0000,0.0000,0.0000,0.0000,0.0000,2612.0000,0.0000,0.0000,0.0000,0.0000,14,0,0,0,0,75,0,0,0,0
zc,WS305,2012-06-21 09:03:16.067,2610.0000,53932,0,0.0000,0.0000,0,0,多换,B,2609.0000,0.0000,0.0000,0.0000,0.0000,2611.0000,0.0000,0.0000,0.0000,0.0000,14,0,0,0,0,150,0,0,0,0
zc,WS305,2012-06-21 09:03:16.800,2610.0000,53932,0,0.0000,0.0000,0,0,多换,B,2609.0000,0.0000,0.0000,0.0000,0.0000,2611.0000,0.0000,0.0000,0.0000,0.0000,29,0,0,0,0,150,0,0,0,0
zc,WS305,2012-06-21 09:03:19.567,2611.0000,53932,0,0.0000,2.0000,1,1,多换,B,2609.0000,0.0000,0.0000,0.0000,0.0000,2611.0000,0.0000,0.0000,0.0000,0.0000,29,0,0,0,0,149,0,0,0,0
zc,WS305,2012-06-21 09:03:20.300,2611.0000,53932,0,0.0000,2.0000,1,1,多换,B,2609.0000,0.0000,0.0000,0.0000,0.0000,2611.0000,0.0000,0.0000,0.0000,0.0000,24,0,0,0,0,148,0,0,0,0
zc,WS305,2012-06-21 09:03:22.033,2611.0000,53932,0,0.0000,0.0000,0,0,多换,B,2609.0000,0.0000,0.0000,0.0000,0.0000,2611.0000,0.0000,0.0000,0.0000,0.0000,19,0,0,0,0,148,0,0,0,0
zc,WS305,2012-06-21 09:03:22.550,2611.0000,53932,0,0.0000,0.0000,0,0,多换,B,2609.0000,0.0000,0.0000,0.0000,0.0000,2611.0000,0.0000,0.0000,0.0000,0.0000,16,0,0,0,0,148,0,0,0,0
zc,WS305,2012-06-21 09:03:23.283,2611.0000,53932,0,0.0000,0.0000,0,0,多换,B,2609.0000,0.0000,0.0000,0.0000,0.0000,2611.0000,0.0000,0.0000,0.0000,0.0000,17,0,0,0,0,148,0,0,0,0
zc,WS305,2012-06-21 09:03:23.753,2611.0000,53932,0,0.0000,0.0000,0,0,多换,B,2609.0000,0.0000,0.0000,0.0000,0.0000,2611.0000,0.0000,0.0000,0.0000,0.0000,29,0,0,0,0,148,0,0,0,0
zc,WS305,2012-06-21 09:03:28.817,2611.0000,53866,-66,0.0000,66.0000,0,66,双平,B,2609.0000,0.0000,0.0000,0.0000,0.0000,2611.0000,0.0000,0.0000,0.0000,0.0000,26,0,0,0,0,115,0,0,0,0
zc,WS305,2012-06-21 09:03:29.863,2610.0000,53864,-2,0.0000,2.0000,0,2,双平,S,2609.0000,0.0000,0.0000,0.0000,0.0000,2611.0000,0.0000,0.0000,0.0000,0.0000,25,0,0,0,0,115,0,0,0,0
zc,WS305,2012-06-21 09:03:31.783,2611.0000,53862,-2,0.0000,2.0000,0,2,双平,B,2609.0000,0.0000,0.0000,0.0000,0.0000,2611.0000,0.0000,0.0000,0.0000,0.0000,24,0,0,0,0,114,0,0,0,0
zc,WS305,2012-06-21 09:03:32.533,2611.0000,53860,-2,0.0000,2.0000,0,2,双平,B,2609.0000,0.0000,0.0000,0.0000,0.0000,2611.0000,0.0000,0.0000,0.0000,0.0000,23,0,0,0,0,113,0,0,0,0
zc,WS305,2012-06-21 09:03:33.050,2611.0000,53784,-76,0.0000,76.0000,0,76,双平,B,2609.0000,0.0000,0.0000,0.0000,0.0000,2611.0000,0.0000,0.0000,0.0000,0.0000,50,0,0,0,0,75,0,0,0,0
zc,WS305,2012-06-21 09:03:33.817,2611.0000,53784,0,0.0000,0.0000,0,0,多换,B,2610.0000,0.0000,0.0000,0.0000,0.0000,2611.0000,0.0000,0.0000,0.0000,0.0000,19,0,0,0,0,75,0,0,0,0
zc,WS305,2012-06-21 09:03:35.067,2611.0000,53784,0,0.0000,0.0000,0,0,多换,B,2610.0000,0.0000,0.0000,0.0000,0.0000,2611.0000,0.0000,0.0000,0.0000,0.0000,16,0,0,0,0,75,0,0,0,0
zc,WS305,2012-06-21 09:03:35.550,2611.0000,53764,-20,0.0000,20.0000,0,20,双平,B,2610.0000,0.0000,0.0000,0.0000,0.0000,2611.0000,0.0000,0.0000,0.0000,0.0000,17,0,0,0,0,65,0,0,0,0
zc,WS305,2012-06-21 09:03:36.300,2611.0000,53764,0,0.0000,0.0000,0,0,多换,B,2610.0000,0.0000,0.0000,0.0000,0.0000,2611.0000,0.0000,0.0000,0.0000,0.0000,8,0,0,0,0,65,0,0,0,0
zc,WS305,2012-06-21 09:03:36.567,2611.0000,53764,0,0.0000,4.0000,2,2,多换,B,2609.0000,0.0000,0.0000,0.0000,0.0000,2611.0000,0.0000,0.0000,0.0000,0.0000,52,0,0,0,0,63,0,0,0,0
zc,WS305,2012-06-21 09:03:37.770,2611.0000,53722,-42,0.0000,42.0000,0,42,双平,B,2610.0000,0.0000,0.0000,0.0000,0.0000,2611.0000,0.0000,0.0000,0.0000,0.0000,2,0,0,0,0,42,0,0,0,0
zc,WS305,2012-06-21 09:03:38.520,2611.0000,53722,0,0.0000,0.0000,0,0,多换,B,2610.0000,0.0000,0.0000,0.0000,0.0000,2611.0000,0.0000,0.0000,0.0000,0.0000,3,0,0,0,0,42,0,0,0,0
zc,WS305,2012-06-21 09:03:40.237,2610.0000,53720,-2,0.0000,2.0000,0,2,双平,S,2610.0000,0.0000,0.0000,0.0000,0.0000,2611.0000,0.0000,0.0000,0.0000,0.0000,2,0,0,0,0,42,0,0,0,0
zc,WS305,2012-06-21 09:03:40.503,2611.0000,53718,-2,0.0000,2.0000,0,2,双平,B,2610.0000,0.0000,0.0000,0.0000,0.0000,2611.0000,0.0000,0.0000,0.0000,0.0000,1,0,0,0,0,41,0,0,0,0
zc,WS305,2012-06-21 09:03:41.283,2611.0000,53716,-2,0.0000,2.0000,0,2,双平,B,2610.0000,0.0000,0.0000,0.0000,0.0000,2611.0000,0.0000,0.0000,0.0000,0.0000,41,0,0,0,0,40,0,0,0,0
zc,WS305,2012-06-21 09:03:41.783,2611.0000,53636,-80,0.0000,90.0000,5,85,空平,B,2610.0000,0.0000,0.0000,0.0000,0.0000,2612.0000,0.0000,0.0000,0.0000,0.0000,28,0,0,0,0,2,0,0,0,0
zc,WS305,2012-06-21 09:03:44.283,2611.0000,53640,4,0.0000,4.0000,4,0,双开,B,2611.0000,0.0000,0.0000,0.0000,0.0000,2612.0000,0.0000,0.0000,0.0000,0.0000,98,0,0,0,0,2,0,0,0,0
zc,WS305,2012-06-21 09:03:44.800,2611.0000,53662,22,0.0000,22.0000,22,0,双开,B,2611.0000,0.0000,0.0000,0.0000,0.0000,2612.0000,0.0000,0.0000,0.0000,0.0000,87,0,0,0,0,2,0,0,0,0
zc,WS305,2012-06-21 09:03:45.567,2611.0000,53662,0,0.0000,0.0000,0,0,多换,B,2611.0000,0.0000,0.0000,0.0000,0.0000,2612.0000,0.0000,0.0000,0.0000,0.0000,92,0,0,0,0,2,0,0,0,0
zc,WS305,2012-06-21 09:03:48.800,2611.0000,53662,0,0.0000,0.0000,0,0,多换,B,2611.0000,0.0000,0.0000,0.0000,0.0000,2612.0000,0.0000,0.0000,0.0000,0.0000,107,0,0,0,0,2,0,0,0,0
zc,WS305,2012-06-21 09:03:49.567,2612.0000,53662,0,0.0000,4.0000,2,2,多换,B,2611.0000,0.0000,0.0000,0.0000,0.0000,2613.0000,0.0000,0.0000,0.0000,0.0000,107,0,0,0,0,16,0,0,0,0
zc,WS305,2012-06-21 09:03:51.817,2612.0000,53662,0,0.0000,0.0000,0,0,多换,B,2612.0000,0.0000,0.0000,0.0000,0.0000,2613.0000,0.0000,0.0000,0.0000,0.0000,15,0,0,0,0,16,0,0,0,0
zc,WS305,2012-06-21 09:03:53.597,2612.0000,53662,0,0.0000,0.0000,0,0,多换,B,2612.0000,0.0000,0.0000,0.0000,0.0000,2613.0000,0.0000,0.0000,0.0000,0.0000,22,0,0,0,0,16,0,0,0,0
zc,WS305,2012-06-21 09:03:54.033,2614.0000,53692,30,0.0000,60.0000,45,15,多开,B,2612.0000,0.0000,0.0000,0.0000,0.0000,2614.0000,0.0000,0.0000,0.0000,0.0000,22,0,0,0,0,1,0,0,0,0
zc,WS305,2012-06-21 09:03:56.080,2614.0000,53692,0,0.0000,0.0000,0,0,多换,B,2613.0000,0.0000,0.0000,0.0000,0.0000,2614.0000,0.0000,0.0000,0.0000,0.0000,2,0,0,0,0,1,0,0,0,0
zc,WS305,2012-06-21 09:03:56.567,2614.0000,53692,0,0.0000,0.0000,0,0,多换,B,2613.0000,0.0000,0.0000,0.0000,0.0000,2614.0000,0.0000,0.0000,0.0000,0.0000,3,0,0,0,0,1,0,0,0,0
zc,WS305,2012-06-21 09:03:57.330,2614.0000,53692,0,0.0000,2.0000,1,1,多换,B,2613.0000,0.0000,0.0000,0.0000,0.0000,2615.0000,0.0000,0.0000,0.0000,0.0000,5,0,0,0,0,1,0,0,0,0
zc,WS305,2012-06-21 09:03:57.533,2614.0000,53692,0,0.0000,0.0000,0,0,多换,B,2613.0000,0.0000,0.0000,0.0000,0.0000,2614.0000,0.0000,0.0000,0.0000,0.0000,15,0,0,0,0,1,0,0,0,0
zc,WS305,2012-06-21 09:04:05.097,2614.0000,53694,2,0.0000,6.0000,4,2,多开,B,2613.0000,0.0000,0.0000,0.0000,0.0000,2615.0000,0.0000,0.0000,0.0000,0.0000,14,0,0,0,0,1,0,0,0,0
zc,WS305,2012-06-21 09:04:05.973,2614.0000,53694,0,0.0000,0.0000,0,0,多换,B,2613.0000,0.0000,0.0000,0.0000,0.0000,2615.0000,0.0000,0.0000,0.0000,0.0000,14,0,0,0,0,1,0,0,0,0
zc,WS305,2012-06-21 09:04:06.567,2614.0000,53694,0,0.0000,0.0000,0,0,多换,B,2613.0000,0.0000,0.0000,0.0000,0.0000,2616.0000,0.0000,0.0000,0.0000,0.0000,14,0,0,0,0,104,0,0,0,0
zc,WS305,2012-06-21 09:04:07.330,2614.0000,53694,0,0.0000,0.0000,0,0,多换,B,2613.0000,0.0000,0.0000,0.0000,0.0000,2615.0000,0.0000,0.0000,0.0000,0.0000,14,0,0,0,0,30,0,0,0,0
zc,WS305,2012-06-21 09:04:09.817,2613.0000,53694,0,0.0000,2.0000,1,1,空换,S,2613.0000,0.0000,0.0000,0.0000,0.0000,2615.0000,0.0000,0.0000,0.0000,0.0000,13,0,0,0,0,30,0,0,0,0
zc,WS305,2012-06-21 09:04:10.283,2613.0000,53694,0,0.0000,2.0000,1,1,空换,S,2614.0000,0.0000,0.0000,0.0000,0.0000,2615.0000,0.0000,0.0000,0.0000,0.0000,5,0,0,0,0,30,0,0,0,0
zc,WS305,2012-06-21 09:04:11.113,2613.0000,53704,10,0.0000,18.0000,14,4,空开,S,2613.0000,0.0000,0.0000,0.0000,0.0000,2615.0000,0.0000,0.0000,0.0000,0.0000,8,0,0,0,0,30,0,0,0,0
zc,WS305,2012-06-21 09:04:13.737,2613.0000,53704,0,0.0000,0.0000,0,0,空换,S,2613.0000,0.0000,0.0000,0.0000,0.0000,2615.0000,0.0000,0.0000,0.0000,0.0000,4,0,0,0,0,30,0,0,0,0
zc,WS305,2012-06-21 09:04:14.580,2613.0000,53704,0,0.0000,0.0000,0,0,空换,S,2612.0000,0.0000,0.0000,0.0000,0.0000,2614.0000,0.0000,0.0000,0.0000,0.0000,17,0,0,0,0,1,0,0,0,0
zc,WS305,2012-06-21 09:04:15.050,2613.0000,53704,0,0.0000,0.0000,0,0,空换,S,2612.0000,0.0000,0.0000,0.0000,0.0000,2614.0000,0.0000,0.0000,0.0000,0.0000,17,0,0,0,0,3,0,0,0,0
zc,WS305,2012-06-21 09:04:15.783,2613.0000,53704,0,0.0000,0.0000,0,0,空换,S,2612.0000,0.0000,0.0000,0.0000,0.0000,2614.0000,0.0000,0.0000,0.0000,0.0000,10,0,0,0,0,30,0,0,0,0
zc,WS305,2012-06-21 09:04:16.567,2613.0000,53704,0,0.0000,0.0000,0,0,空换,S,2613.0000,0.0000,0.0000,0.0000,0.0000,2614.0000,0.0000,0.0000,0.0000,0.0000,3,0,0,0,0,30,0,0,0,0
zc,WS305,2012-06-21 09:04:18.817,2614.0000,53700,-4,0.0000,4.0000,0,4,双平,B,2613.0000,0.0000,0.0000,0.0000,0.0000,2614.0000,0.0000,0.0000,0.0000,0.0000,3,0,0,0,0,28,0,0,0,0
zc,WS305,2012-06-21 09:04:19.550,2614.0000,53700,0,0.0000,0.0000,0,0,多换,B,2613.0000,0.0000,0.0000,0.0000,0.0000,2614.0000,0.0000,0.0000,0.0000,0.0000,3,0,0,0,0,29,0,0,0,0
zc,WS305,2012-06-21 09:04:20.020,2613.0000,53700,0,0.0000,4.0000,2,2,空换,S,2613.0000,0.0000,0.0000,0.0000,0.0000,2614.0000,0.0000,0.0000,0.0000,0.0000,1,0,0,0,0,27,0,0,0,0
zc,WS305,2012-06-21 09:04:21.033,2613.0000,53700,0,0.0000,2.0000,1,1,空换,S,2612.0000,0.0000,0.0000,0.0000,0.0000,2614.0000,0.0000,0.0000,0.0000,0.0000,2,0,0,0,0,26,0,0,0,0
zc,WS305,2012-06-21 09:04:21.580,2613.0000,53700,0,0.0000,0.0000,0,0,空换,S,2612.0000,0.0000,0.0000,0.0000,0.0000,2614.0000,0.0000,0.0000,0.0000,0.0000,8,0,0,0,0,26,0,0,0,0
zc,WS305,2012-06-21 09:04:22.347,2613.0000,53700,0,0.0000,0.0000,0,0,空换,S,2612.0000,0.0000,0.0000,0.0000,0.0000,2614.0000,0.0000,0.0000,0.0000,0.0000,5,0,0,0,0,26,0,0,0,0
zc,WS305,2012-06-21 09:04:22.783,2613.0000,53700,0,0.0000,0.0000,0,0,空换,S,2612.0000,0.0000,0.0000,0.0000,0.0000,2614.0000,0.0000,0.0000,0.0000,0.0000,9,0,0,0,0,26,0,0,0,0
zc,WS305,2012-06-21 09:04:23.317,2613.0000,53700,0,0.0000,0.0000,0,0,空换,S,2612.0000,0.0000,0.0000,0.0000,0.0000,2614.0000,0.0000,0.0000,0.0000,0.0000,12,0,0,0,0,26,0,0,0,0
zc,WS305,2012-06-21 09:04:25.050,2613.0000,53700,0,0.0000,0.0000,0,0,空换,S,2612.0000,0.0000,0.0000,0.0000,0.0000,2613.0000,0.0000,0.0000,0.0000,0.0000,12,0,0,0,0,1,0,0,0,0
zc,WS305,2012-06-21 09:04:25.550,2612.0000,53700,0,0.0000,8.0000,4,4,空换,S,2612.0000,0.0000,0.0000,0.0000,0.0000,2613.0000,0.0000,0.0000,0.0000,0.0000,8,0,0,0,0,1,0,0,0,0
zc,WS305,2012-06-21 09:04:26.317,2612.0000,53700,0,0.0000,16.0000,8,8,空换,S,2612.0000,0.0000,0.0000,0.0000,0.0000,2613.0000,0.0000,0.0000,0.0000,0.0000,20,0,0,0,0,1,0,0,0,0
zc,WS305,2012-06-21 09:04:27.520,2613.0000,53700,0,0.0000,12.0000,6,6,多换,B,2613.0000,0.0000,0.0000,0.0000,0.0000,2614.0000,0.0000,0.0000,0.0000,0.0000,24,0,0,0,0,21,0,0,0,0
zc,WS305,2012-06-21 09:04:29.050,2613.0000,53702,2,0.0000,2.0000,2,0,双开,B,2613.0000,0.0000,0.0000,0.0000,0.0000,2614.0000,0.0000,0.0000,0.0000,0.0000,23,0,0,0,0,21,0,0,0,0
zc,WS305,2012-06-21 09:04:29.800,2613.0000,53702,0,0.0000,0.0000,0,0,多换,B,2613.0000,0.0000,0.0000,0.0000,0.0000,2614.0000,0.0000,0.0000,0.0000,0.0000,28,0,0,0,0,21,0,0,0,0
zc,WS305,2012-06-21 09:04:30.253,2614.0000,53702,0,0.0000,30.0000,15,15,多换,B,2613.0000,0.0000,0.0000,0.0000,0.0000,2614.0000,0.0000,0.0000,0.0000,0.0000,28,0,0,0,0,6,0,0,0,0
zc,WS305,2012-06-21 09:04:33.283,2613.0000,53706,4,0.0000,4.0000,4,0,双开,S,2613.0000,0.0000,0.0000,0.0000,0.0000,2614.0000,0.0000,0.0000,0.0000,0.0000,26,0,0,0,0,6,0,0,0,0
zc,WS305,2012-06-21 09:04:34.987,2613.0000,53708,2,0.0000,12.0000,7,5,空开,S,2613.0000,0.0000,0.0000,0.0000,0.0000,2614.0000,0.0000,0.0000,0.0000,0.0000,20,0,0,0,0,1,0,0,0,0
zc,WS305,2012-06-21 09:04:35.533,2614.0000,53712,4,0.0000,6.0000,5,1,多开,B,2614.0000,0.0000,0.0000,0.0000,0.0000,2615.0000,0.0000,0.0000,0.0000,0.0000,4,0,0,0,0,81,0,0,0,0
zc,WS305,2012-06-21 09:04:36.253,2614.0000,53714,2,0.0000,6.0000,4,2,多开,B,2614.0000,0.0000,0.0000,0.0000,0.0000,2615.0000,0.0000,0.0000,0.0000,0.0000,1,0,0,0,0,83,0,0,0,0
zc,WS305,2012-06-21 09:04:36.770,2614.0000,53714,0,0.0000,0.0000,0,0,多换,B,2614.0000,0.0000,0.0000,0.0000,0.0000,2615.0000,0.0000,0.0000,0.0000,0.0000,1,0,0,0,0,88,0,0,0,0
zc,WS305,2012-06-21 09:04:37.237,2614.0000,53714,0,0.0000,0.0000,0,0,多换,B,2614.0000,0.0000,0.0000,0.0000,0.0000,2615.0000,0.0000,0.0000,0.0000,0.0000,1,0,0,0,0,38,0,0,0,0
zc,WS305,2012-06-21 09:04:38.097,2614.0000,53716,2,0.0000,2.0000,2,0,双开,B,2613.0000,0.0000,0.0000,0.0000,0.0000,2615.0000,0.0000,0.0000,0.0000,0.0000,19,0,0,0,0,39,0,0,0,0
zc,WS305,2012-06-21 09:04:38.567,2614.0000,53716,0,0.0000,0.0000,0,0,多换,B,2613.0000,0.0000,0.0000,0.0000,0.0000,2615.0000,0.0000,0.0000,0.0000,0.0000,19,0,0,0,0,37,0,0,0,0
zc,WS305,2012-06-21 09:04:39.283,2614.0000,53716,0,0.0000,0.0000,0,0,多换,B,2613.0000,0.0000,0.0000,0.0000,0.0000,2614.0000,0.0000,0.0000,0.0000,0.0000,35,0,0,0,0,1,0,0,0,0
zc,WS305,2012-06-21 09:04:39.783,2614.0000,53716,0,0.0000,0.0000,0,0,多换,B,2613.0000,0.0000,0.0000,0.0000,0.0000,2614.0000,0.0000,0.0000,0.0000,0.0000,38,0,0,0,0,1,0,0,0,0
zc,WS305,2012-06-21 09:04:41.550,2614.0000,53716,0,0.0000,2.0000,1,1,多换,B,2614.0000,0.0000,0.0000,0.0000,0.0000,2615.0000,0.0000,0.0000,0.0000,0.0000,10,0,0,0,0,7,0,0,0,0
zc,WS305,2012-06-21 09:04:42.033,2614.0000,53718,2,0.0000,2.0000,2,0,双开,B,2614.0000,0.0000,0.0000,0.0000,0.0000,2615.0000,0.0000,0.0000,0.0000,0.0000,9,0,0,0,0,7,0,0,0,0
zc,WS305,2012-06-21 09:04:42.753,2614.0000,53718,0,0.0000,0.0000,0,0,多换,B,2614.0000,0.0000,0.0000,0.0000,0.0000,2615.0000,0.0000,0.0000,0.0000,0.0000,9,0,0,0,0,6,0,0,0,0
zc,WS305,2012-06-21 09:04:44.567,2614.0000,53718,0,0.0000,0.0000,0,0,多换,B,2614.0000,0.0000,0.0000,0.0000,0.0000,2615.0000,0.0000,0.0000,0.0000,0.0000,9,0,0,0,0,11,0,0,0,0
zc,WS305,2012-06-21 09:04:45.033,2614.0000,53720,2,0.0000,2.0000,2,0,双开,B,2614.0000,0.0000,0.0000,0.0000,0.0000,2615.0000,0.0000,0.0000,0.0000,0.0000,8,0,0,0,0,13,0,0,0,0
zc,WS305,2012-06-21 09:04:45.770,2614.0000,53726,6,0.0000,6.0000,6,0,双开,B,2614.0000,0.0000,0.0000,0.0000,0.0000,2615.0000,0.0000,0.0000,0.0000,0.0000,5,0,0,0,0,10,0,0,0,0
zc,WS305,2012-06-21 09:04:46.283,2614.0000,53726,0,0.0000,0.0000,0,0,多换,B,2614.0000,0.0000,0.0000,0.0000,0.0000,2615.0000,0.0000,0.0000,0.0000,0.0000,5,0,0,0,0,8,0,0,0,0
zc,WS305,2012-06-21 09:04:47.003,2615.0000,53728,2,0.0000,12.0000,7,5,多开,B,2614.0000,0.0000,0.0000,0.0000,0.0000,2615.0000,0.0000,0.0000,0.0000,0.0000,6,0,0,0,0,3,0,0,0,0
zc,WS305,2012-06-21 09:04:47.503,2615.0000,53728,0,0.0000,0.0000,0,0,多换,B,2614.0000,0.0000,0.0000,0.0000,0.0000,2615.0000,0.0000,0.0000,0.0000,0.0000,6,0,0,0,0,82,0,0,0,0
zc,WS305,2012-06-21 09:04:48.033,2615.0000,53728,0,0.0000,10.0000,5,5,多换,B,2614.0000,0.0000,0.0000,0.0000,0.0000,2615.0000,0.0000,0.0000,0.0000,0.0000,6,0,0,0,0,76,0,0,0,0
zc,WS305,2012-06-21 09:04:48.580,2615.0000,53728,0,0.0000,0.0000,0,0,多换,B,2614.0000,0.0000,0.0000,0.0000,0.0000,2615.0000,0.0000,0.0000,0.0000,0.0000,7,0,0,0,0,84,0,0,0,0
zc,WS305,2012-06-21 09:04:49.363,2614.0000,53730,2,0.0000,2.0000,2,0,双开,S,2614.0000,0.0000,0.0000,0.0000,0.0000,2615.0000,0.0000,0.0000,0.0000,0.0000,6,0,0,0,0,89,0,0,0,0
zc,WS305,2012-06-21 09:04:49.783,2614.0000,53730,0,0.0000,0.0000,0,0,空换,S,2614.0000,0.0000,0.0000,0.0000,0.0000,2615.0000,0.0000,0.0000,0.0000,0.0000,16,0,0,0,0,90,0,0,0,0
zc,WS305,2012-06-21 09:04:51.550,2614.0000,53762,32,0.0000,32.0000,32,0,双开,S,2613.0000,0.0000,0.0000,0.0000,0.0000,2614.0000,0.0000,0.0000,0.0000,0.0000,23,0,0,0,0,4,0,0,0,0
zc,WS305,2012-06-21 09:04:52.283,2614.0000,53762,0,0.0000,0.0000,0,0,空换,S,2613.0000,0.0000,0.0000,0.0000,0.0000,2614.0000,0.0000,0.0000,0.0000,0.0000,38,0,0,0,0,4,0,0,0,0
zc,WS305,2012-06-21 09:04:58.033,2614.0000,53762,0,0.0000,0.0000,0,0,空换,S,2613.0000,0.0000,0.0000,0.0000,0.0000,2614.0000,0.0000,0.0000,0.0000,0.0000,38,0,0,0,0,5,0,0,0,0
zc,WS305,2012-06-21 09:05:00.020,2614.0000,53772,10,0.0000,10.0000,10,0,双开,S,2613.0000,0.0000,0.0000,0.0000,0.0000,2615.0000,0.0000,0.0000,0.0000,0.0000,38,0,0,0,0,38,0,0,0,0
zc,WS305,2012-06-21 09:05:00.597,2614.0000,53772,0,0.0000,0.0000,0,0,空换,S,2613.0000,0.0000,0.0000,0.0000,0.0000,2615.0000,0.0000,0.0000,0.0000,0.0000,54,0,0,0,0,1,0,0,0,0
zc,WS305,2012-06-21 09:05:04.800,2614.0000,53772,0,0.0000,0.0000,0,0,空换,S,2614.0000,0.0000,0.0000,0.0000,0.0000,2615.0000,0.0000,0.0000,0.0000,0.0000,9,0,0,0,0,1,0,0,0,0
zc,WS305,2012-06-21 09:05:07.253,2614.0000,53772,0,0.0000,0.0000,0,0,空换,S,2614.0000,0.0000,0.0000,0.0000,0.0000,2615.0000,0.0000,0.0000,0.0000,0.0000,9,0,0,0,0,2,0,0,0,0
zc,WS305,2012-06-21 09:05:09.770,2614.0000,53772,0,0.0000,0.0000,0,0,空换,S,2614.0000,0.0000,0.0000,0.0000,0.0000,2615.0000,0.0000,0.0000,0.0000,0.0000,9,0,0,0,0,6,0,0,0,0
zc,WS305,2012-06-21 09:05:11.050,2614.0000,53772,0,0.0000,2.0000,1,1,空换,S,2614.0000,0.0000,0.0000,0.0000,0.0000,2615.0000,0.0000,0.0000,0.0000,0.0000,8,0,0,0,0,6,0,0,0,0
zc,WS305,2012-06-21 09:05:16.283,2614.0000,53772,0,0.0000,0.0000,0,0,空换,S,2614.0000,0.0000,0.0000,0.0000,0.0000,2615.0000,0.0000,0.0000,0.0000,0.0000,8,0,0,0,0,7,0,0,0,0
zc,WS305,2012-06-21 09:05:17.520,2614.0000,53772,0,0.0000,10.0000,5,5,空换,S,2614.0000,0.0000,0.0000,0.0000,0.0000,2615.0000,0.0000,0.0000,0.0000,0.0000,3,0,0,0,0,7,0,0,0,0
zc,WS305,2012-06-21 09:05:18.800,2614.0000,53772,0,0.0000,0.0000,0,0,空换,S,2614.0000,0.0000,0.0000,0.0000,0.0000,2615.0000,0.0000,0.0000,0.0000,0.0000,19,0,0,0,0,7,0,0,0,0
zc,WS305,2012-06-21 09:05:21.330,2615.0000,53762,-10,0.0000,14.0000,2,12,空平,B,2615.0000,0.0000,0.0000,0.0000,0.0000,2616.0000,0.0000,0.0000,0.0000,0.0000,9,0,0,0,0,18,0,0,0,0
zc,WS305,2012-06-21 09:05:23.003,2615.0000,53762,0,0.0000,0.0000,0,0,多换,B,2615.0000,0.0000,0.0000,0.0000,0.0000,2616.0000,0.0000,0.0000,0.0000,0.0000,12,0,0,0,0,18,0,0,0,0
zc,WS305,2012-06-21 09:05:25.503,2615.0000,53760,-2,0.0000,2.0000,0,2,双平,B,2615.0000,0.0000,0.0000,0.0000,0.0000,2616.0000,0.0000,0.0000,0.0000,0.0000,11,0,0,0,0,18,0,0,0,0
zc,WS305,2012-06-21 09:05:26.770,2616.0000,53728,-32,0.0000,34.0000,1,33,空平,B,2615.0000,0.0000,0.0000,0.0000,0.0000,2616.0000,0.0000,0.0000,0.0000,0.0000,14,0,0,0,0,1,0,0,0,0
zc,WS305,2012-06-21 09:05:27.520,2616.0000,53726,-2,0.0000,2.0000,0,2,双平,B,2615.0000,0.0000,0.0000,0.0000,0.0000,2617.0000,0.0000,0.0000,0.0000,0.0000,13,0,0,0,0,2,0,0,0,0
zc,WS305,2012-06-21 09:05:28.753,2616.0000,53726,0,0.0000,0.0000,0,0,多换,B,2616.0000,0.0000,0.0000,0.0000,0.0000,2617.0000,0.0000,0.0000,0.0000,0.0000,1,0,0,0,0,2,0,0,0,0
zc,WS305,2012-06-21 09:05:32.253,2617.0000,53728,2,0.0000,4.0000,3,1,多开,B,2615.0000,0.0000,0.0000,0.0000,0.0000,2617.0000,0.0000,0.0000,0.0000,0.0000,13,0,0,0,0,1,0,0,0,0
zc,WS305,2012-06-21 09:05:33.550,2617.0000,53728,0,0.0000,0.0000,0,0,多换,B,2616.0000,0.0000,0.0000,0.0000,0.0000,2617.0000,0.0000,0.0000,0.0000,0.0000,2,0,0,0,0,1,0,0,0,0
zc,WS305,2012-06-21 09:05:36.033,2617.0000,53728,0,0.0000,0.0000,0,0,多换,B,2616.0000,0.0000,0.0000,0.0000,0.0000,2617.0000,0.0000,0.0000,0.0000,0.0000,4,0,0,0,0,1,0,0,0,0
zc,WS305,2012-06-21 09:05:40.270,2617.0000,53730,2,0.0000,2.0000,2,0,双开,B,2616.0000,0.0000,0.0000,0.0000,0.0000,2618.0000,0.0000,0.0000,0.0000,0.0000,4,0,0,0,0,43,0,0,0,0
zc,WS305,2012-06-21 09:05:41.003,2617.0000,53730,0,0.0000,0.0000,0,0,多换,B,2616.0000,0.0000,0.0000,0.0000,0.0000,2618.0000,0.0000,0.0000,0.0000,0.0000,4,0,0,0,0,21,0,0,0,0
zc,WS305,2012-06-21 09:05:41.550,2617.0000,53730,0,0.0000,0.0000,0,0,多换,B,2616.0000,0.0000,0.0000,0.0000,0.0000,2618.0000,0.0000,0.0000,0.0000,0.0000,4,0,0,0,0,20,0,0,0,0
zc,WS305,2012-06-21 09:05:42.253,2617.0000,53730,0,0.0000,0.0000,0,0,多换,B,2616.0000,0.0000,0.0000,0.0000,0.0000,2618.0000,0.0000,0.0000,0.0000,0.0000,4,0,0,0,0,21,0,0,0,0
zc,WS305,2012-06-21 09:05:42.550,2617.0000,53730,0,0.0000,0.0000,0,0,多换,B,2616.0000,0.0000,0.0000,0.0000,0.0000,2618.0000,0.0000,0.0000,0.0000,0.0000,4,0,0,0,0,22,0,0,0,0
zc,WS305,2012-06-21 09:05:43.347,2617.0000,53730,0,0.0000,0.0000,0,0,多换,B,2616.0000,0.0000,0.0000,0.0000,0.0000,2618.0000,0.0000,0.0000,0.0000,0.0000,14,0,0,0,0,6,0,0,0,0
zc,WS305,2012-06-21 09:05:46.753,2617.0000,53730,0,0.0000,0.0000,0,0,多换,B,2616.0000,0.0000,0.0000,0.0000,0.0000,2618.0000,0.0000,0.0000,0.0000,0.0000,14,0,0,0,0,5,0,0,0,0
zc,WS305,2012-06-21 09:05:47.550,2617.0000,53730,0,0.0000,2.0000,1,1,多换,B,2617.0000,0.0000,0.0000,0.0000,0.0000,2618.0000,0.0000,0.0000,0.0000,0.0000,9,0,0,0,0,5,0,0,0,0
zc,WS305,2012-06-21 09:05:48.020,2617.0000,53730,0,0.0000,4.0000,2,2,多换,B,2617.0000,0.0000,0.0000,0.0000,0.0000,2618.0000,0.0000,0.0000,0.0000,0.0000,7,0,0,0,0,5,0,0,0,0
zc,WS305,2012-06-21 09:05:48.520,2617.0000,53724,-6,0.0000,12.0000,3,9,空平,B,2618.0000,0.0000,0.0000,0.0000,0.0000,2619.0000,0.0000,0.0000,0.0000,0.0000,1,0,0,0,0,3,0,0,0,0
zc,WS305,2012-06-21 09:05:49.020,2617.0000,53724,0,0.0000,6.0000,3,3,多换,B,2617.0000,0.0000,0.0000,0.0000,0.0000,2619.0000,0.0000,0.0000,0.0000,0.0000,1,0,0,0,0,3,0,0,0,0
zc,WS305,2012-06-21 09:05:49.847,2617.0000,53724,0,0.0000,8.0000,4,4,多换,B,2617.0000,0.0000,0.0000,0.0000,0.0000,2619.0000,0.0000,0.0000,0.0000,0.0000,17,0,0,0,0,3,0,0,0,0
zc,WS305,2012-06-21 09:05:50.580,2617.0000,53724,0,0.0000,6.0000,3,3,多换,B,2618.0000,0.0000,0.0000,0.0000,0.0000,2619.0000,0.0000,0.0000,0.0000,0.0000,2,0,0,0,0,3,0,0,0,0
zc,WS305,2012-06-21 09:05:51.347,2618.0000,53724,0,0.0000,14.0000,7,7,多换,B,2618.0000,0.0000,0.0000,0.0000,0.0000,2619.0000,0.0000,0.0000,0.0000,0.0000,3,0,0,0,0,1,0,0,0,0
zc,WS305,2012-06-21 09:05:51.830,2617.0000,53724,0,0.0000,42.0000,21,21,空换,S,2617.0000,0.0000,0.0000,0.0000,0.0000,2619.0000,0.0000,0.0000,0.0000,0.0000,36,0,0,0,0,1,0,0,0,0
zc,WS305,2012-06-21 09:05:52.817,2619.0000,53722,-2,0.0000,2.0000,0,2,双平,B,2617.0000,0.0000,0.0000,0.0000,0.0000,2620.0000,0.0000,0.0000,0.0000,0.0000,36,0,0,0,0,1,0,0,0,0
zc,WS305,2012-06-21 09:05:54.520,2619.0000,53722,0,0.0000,0.0000,0,0,多换,B,2618.0000,0.0000,0.0000,0.0000,0.0000,2620.0000,0.0000,0.0000,0.0000,0.0000,3,0,0,0,0,1,0,0,0,0
zc,WS305,2012-06-21 09:05:56.550,2619.0000,53722,0,0.0000,0.0000,0,0,多换,B,2618.0000,0.0000,0.0000,0.0000,0.0000,2620.0000,0.0000,0.0000,0.0000,0.0000,3,0,0,0,0,21,0,0,0,0
zc,WS305,2012-06-21 09:05:58.033,2619.0000,53722,0,0.0000,0.0000,0,0,多换,B,2618.0000,0.0000,0.0000,0.0000,0.0000,2620.0000,0.0000,0.0000,0.0000,0.0000,4,0,0,0,0,21,0,0,0,0
zc,WS305,2012-06-21 09:05:58.770,2619.0000,53722,0,0.0000,0.0000,0,0,多换,B,2618.0000,0.0000,0.0000,0.0000,0.0000,2620.0000,0.0000,0.0000,0.0000,0.0000,9,0,0,0,0,21,0,0,0,0
zc,WS305,2012-06-21 09:06:00.783,2619.0000,53722,0,0.0000,0.0000,0,0,多换,B,2618.0000,0.0000,0.0000,0.0000,0.0000,2619.0000,0.0000,0.0000,0.0000,0.0000,9,0,0,0,0,20,0,0,0,0
zc,WS305,2012-06-21 09:06:01.440,2619.0000,53722,0,0.0000,0.0000,0,0,多换,B,2618.0000,0.0000,0.0000,0.0000,0.0000,2619.0000,0.0000,0.0000,0.0000,0.0000,10,0,0,0,0,20,0,0,0,0
zc,WS305,2012-06-21 09:06:02.270,2619.0000,53732,10,0.0000,10.0000,10,0,双开,B,2618.0000,0.0000,0.0000,0.0000,0.0000,2619.0000,0.0000,0.0000,0.0000,0.0000,10,0,0,0,0,15,0,0,0,0
zc,WS305,2012-06-21 09:06:04.050,2619.0000,53772,40,0.0000,40.0000,40,0,双开,B,2619.0000,0.0000,0.0000,0.0000,0.0000,2620.0000,0.0000,0.0000,0.0000,0.0000,15,0,0,0,0,38,0,0,0,0
zc,WS305,2012-06-21 09:06:04.800,2619.0000,53790,18,0.0000,18.0000,18,0,双开,B,2619.0000,0.0000,0.0000,0.0000,0.0000,2620.0000,0.0000,0.0000,0.0000,0.0000,16,0,0,0,0,39,0,0,0,0
zc,WS305,2012-06-21 09:06:05.270,2619.0000,53790,0,0.0000,0.0000,0,0,多换,B,2619.0000,0.0000,0.0000,0.0000,0.0000,2620.0000,0.0000,0.0000,0.0000,0.0000,16,0,0,0,0,3,0,0,0,0
zc,WS305,2012-06-21 09:06:06.020,2619.0000,53790,0,0.0000,0.0000,0,0,多换,B,2619.0000,0.0000,0.0000,0.0000,0.0000,2620.0000,0.0000,0.0000,0.0000,0.0000,16,0,0,0,0,1,0,0,0,0
zc,WS305,2012-06-21 09:06:07.270,2619.0000,53790,0,0.0000,0.0000,0,0,多换,B,2619.0000,0.0000,0.0000,0.0000,0.0000,2620.0000,0.0000,0.0000,0.0000,0.0000,16,0,0,0,0,17,0,0,0,0
zc,WS305,2012-06-21 09:06:07.503,2619.0000,53790,0,0.0000,0.0000,0,0,多换,B,2619.0000,0.0000,0.0000,0.0000,0.0000,2620.0000,0.0000,0.0000,0.0000,0.0000,16,0,0,0,0,82,0,0,0,0
zc,WS305,2012-06-21 09:06:08.237,2620.0000,53790,0,0.0000,100.0000,50,50,多换,B,2619.0000,0.0000,0.0000,0.0000,0.0000,2620.0000,0.0000,0.0000,0.0000,0.0000,16,0,0,0,0,114,0,0,0,0
zc,WS305,2012-06-21 09:06:08.737,2620.0000,53790,0,0.0000,0.0000,0,0,多换,B,2619.0000,0.0000,0.0000,0.0000,0.0000,2620.0000,0.0000,0.0000,0.0000,0.0000,16,0,0,0,0,165,0,0,0,0
zc,WS305,2012-06-21 09:06:10.033,2620.0000,53790,0,0.0000,0.0000,0,0,多换,B,2619.0000,0.0000,0.0000,0.0000,0.0000,2620.0000,0.0000,0.0000,0.0000,0.0000,16,0,0,0,0,172,0,0,0,0
zc,WS305,2012-06-21 09:06:10.800,2620.0000,53790,0,0.0000,0.0000,0,0,多换,B,2619.0000,0.0000,0.0000,0.0000,0.0000,2620.0000,0.0000,0.0000,0.0000,0.0000,18,0,0,0,0,165,0,0,0,0
zc,WS305,2012-06-21 09:06:12.533,2620.0000,53790,0,0.0000,2.0000,1,1,多换,B,2619.0000,0.0000,0.0000,0.0000,0.0000,2620.0000,0.0000,0.0000,0.0000,0.0000,18,0,0,0,0,171,0,0,0,0
zc,WS305,2012-06-21 09:06:13.300,2620.0000,53790,0,0.0000,0.0000,0,0,多换,B,2619.0000,0.0000,0.0000,0.0000,0.0000,2620.0000,0.0000,0.0000,0.0000,0.0000,18,0,0,0,0,172,0,0,0,0
zc,WS305,2012-06-21 09:06:13.753,2619.0000,53794,4,0.0000,4.0000,4,0,双开,S,2619.0000,0.0000,0.0000,0.0000,0.0000,2620.0000,0.0000,0.0000,0.0000,0.0000,24,0,0,0,0,170,0,0,0,0
zc,WS305,2012-06-21 09:06:14.270,2619.0000,53794,0,0.0000,0.0000,0,0,空换,S,2619.0000,0.0000,0.0000,0.0000,0.0000,2620.0000,0.0000,0.0000,0.0000,0.0000,25,0,0,0,0,170,0,0,0,0
zc,WS305,2012-06-21 09:06:15.020,2620.0000,53794,0,0.0000,2.0000,1,1,多换,B,2619.0000,0.0000,0.0000,0.0000,0.0000,2620.0000,0.0000,0.0000,0.0000,0.0000,25,0,0,0,0,164,0,0,0,0
zc,WS305,2012-06-21 09:06:16.283,2620.0000,53794,0,0.0000,14.0000,7,7,多换,B,2619.0000,0.0000,0.0000,0.0000,0.0000,2620.0000,0.0000,0.0000,0.0000,0.0000,25,0,0,0,0,157,0,0,0,0
zc,WS305,2012-06-21 09:06:16.800,2620.0000,53794,0,0.0000,0.0000,0,0,多换,B,2619.0000,0.0000,0.0000,0.0000,0.0000,2620.0000,0.0000,0.0000,0.0000,0.0000,25,0,0,0,0,151,0,0,0,0
zc,WS305,2012-06-21 09:06:17.520,2620.0000,53794,0,0.0000,0.0000,0,0,多换,B,2619.0000,0.0000,0.0000,0.0000,0.0000,2620.0000,0.0000,0.0000,0.0000,0.0000,25,0,0,0,0,159,0,0,0,0
zc,WS305,2012-06-21 09:06:18.020,2620.0000,53794,0,0.0000,0.0000,0,0,多换,B,2619.0000,0.0000,0.0000,0.0000,0.0000,2620.0000,0.0000,0.0000,0.0000,0.0000,25,0,0,0,0,164,0,0,0,0
zc,WS305,2012-06-21 09:06:18.770,2620.0000,53794,0,0.0000,0.0000,0,0,多换,B,2619.0000,0.0000,0.0000,0.0000,0.0000,2620.0000,0.0000,0.0000,0.0000,0.0000,25,0,0,0,0,140,0,0,0,0
zc,WS305,2012-06-21 09:06:18.987,2620.0000,53796,2,0.0000,42.0000,22,20,多开,B,2619.0000,0.0000,0.0000,0.0000,0.0000,2620.0000,0.0000,0.0000,0.0000,0.0000,24,0,0,0,0,68,0,0,0,0
zc,WS305,2012-06-21 09:06:19.753,2620.0000,53796,0,0.0000,0.0000,0,0,多换,B,2619.0000,0.0000,0.0000,0.0000,0.0000,2620.0000,0.0000,0.0000,0.0000,0.0000,24,0,0,0,0,7,0,0,0,0
zc,WS305,2012-06-21 09:06:21.050,2619.0000,53802,6,0.0000,8.0000,7,1,空开,S,2619.0000,0.0000,0.0000,0.0000,0.0000,2620.0000,0.0000,0.0000,0.0000,0.0000,20,0,0,0,0,6,0,0,0,0
zc,WS305,2012-06-21 09:06:21.770,2620.0000,53804,2,0.0000,2.0000,2,0,双开,B,2619.0000,0.0000,0.0000,0.0000,0.0000,2620.0000,0.0000,0.0000,0.0000,0.0000,20,0,0,0,0,5,0,0,0,0
zc,WS305,2012-06-21 09:06:23.270,2620.0000,53804,0,0.0000,6.0000,3,3,多换,B,2619.0000,0.0000,0.0000,0.0000,0.0000,2620.0000,0.0000,0.0000,0.0000,0.0000,20,0,0,0,0,22,0,0,0,0
zc,WS305,2012-06-21 09:06:24.050,2620.0000,53804,0,0.0000,0.0000,0,0,多换,B,2619.0000,0.0000,0.0000,0.0000,0.0000,2620.0000,0.0000,0.0000,0.0000,0.0000,20,0,0,0,0,120,0,0,0,0
zc,WS305,2012-06-21 09:06:24.550,2620.0000,53804,0,0.0000,0.0000,0,0,多换,B,2619.0000,0.0000,0.0000,0.0000,0.0000,2620.0000,0.0000,0.0000,0.0000,0.0000,20,0,0,0,0,96,0,0,0,0
zc,WS305,2012-06-21 09:06:25.283,2620.0000,53804,0,0.0000,0.0000,0,0,多换,B,2619.0000,0.0000,0.0000,0.0000,0.0000,2620.0000,0.0000,0.0000,0.0000,0.0000,20,0,0,0,0,137,0,0,0,0
zc,WS305,2012-06-21 09:06:27.253,2620.0000,53804,0,0.0000,20.0000,10,10,多换,B,2619.0000,0.0000,0.0000,0.0000,0.0000,2620.0000,0.0000,0.0000,0.0000,0.0000,20,0,0,0,0,128,0,0,0,0
zc,WS305,2012-06-21 09:06:29.080,2620.0000,53804,0,0.0000,0.0000,0,0,多换,B,2619.0000,0.0000,0.0000,0.0000,0.0000,2620.0000,0.0000,0.0000,0.0000,0.0000,35,0,0,0,0,128,0,0,0,0
zc,WS305,2012-06-21 09:06:30.770,2619.0000,53782,-22,0.0000,36.0000,7,29,多平,S,2619.0000,0.0000,0.0000,0.0000,0.0000,2620.0000,0.0000,0.0000,0.0000,0.0000,17,0,0,0,0,110,0,0,0,0
zc,WS305,2012-06-21 09:06:31.253,2619.0000,53782,0,0.0000,2.0000,1,1,空换,S,2619.0000,0.0000,0.0000,0.0000,0.0000,2620.0000,0.0000,0.0000,0.0000,0.0000,16,0,0,0,0,109,0,0,0,0
zc,WS305,2012-06-21 09:06:32.020,2619.0000,53784,2,0.0000,68.0000,35,33,空开,S,2619.0000,0.0000,0.0000,0.0000,0.0000,2620.0000,0.0000,0.0000,0.0000,0.0000,12,0,0,0,0,76,0,0,0,0
zc,WS305,2012-06-21 09:06:32.520,2619.0000,53784,0,0.0000,24.0000,12,12,空换,S,2618.0000,0.0000,0.0000,0.0000,0.0000,2620.0000,0.0000,0.0000,0.0000,0.0000,18,0,0,0,0,65,0,0,0,0
zc,WS305,2012-06-21 09:06:33.270,2619.0000,53784,0,0.0000,0.0000,0,0,空换,S,2618.0000,0.0000,0.0000,0.0000,0.0000,2619.0000,0.0000,0.0000,0.0000,0.0000,18,0,0,0,0,1,0,0,0,0
zc,WS305,2012-06-21 09:06:33.580,2619.0000,53784,0,0.0000,0.0000,0,0,空换,S,2618.0000,0.0000,0.0000,0.0000,0.0000,2619.0000,0.0000,0.0000,0.0000,0.0000,18,0,0,0,0,58,0,0,0,0
zc,WS305,2012-06-21 09:06:34.817,2619.0000,53784,0,0.0000,4.0000,2,2,空换,S,2618.0000,0.0000,0.0000,0.0000,0.0000,2619.0000,0.0000,0.0000,0.0000,0.0000,18,0,0,0,0,56,0,0,0,0
zc,WS305,2012-06-21 09:06:35.580,2618.0000,53784,0,0.0000,58.0000,29,29,空换,S,2618.0000,0.0000,0.0000,0.0000,0.0000,2619.0000,0.0000,0.0000,0.0000,0.0000,17,0,0,0,0,28,0,0,0,0
zc,WS305,2012-06-21 09:06:36.050,2618.0000,53784,0,0.0000,2.0000,1,1,空换,S,2618.0000,0.0000,0.0000,0.0000,0.0000,2619.0000,0.0000,0.0000,0.0000,0.0000,16,0,0,0,0,27,0,0,0,0
zc,WS305,2012-06-21 09:06:36.580,2618.0000,53784,0,0.0000,0.0000,0,0,空换,S,2618.0000,0.0000,0.0000,0.0000,0.0000,2619.0000,0.0000,0.0000,0.0000,0.0000,16,0,0,0,0,1,0,0,0,0
zc,WS305,2012-06-21 09:06:37.317,2618.0000,53784,0,0.0000,2.0000,1,1,空换,S,2618.0000,0.0000,0.0000,0.0000,0.0000,2619.0000,0.0000,0.0000,0.0000,0.0000,15,0,0,0,0,5,0,0,0,0
zc,WS305,2012-06-21 09:06:37.753,2618.0000,53784,0,0.0000,0.0000,0,0,空换,S,2618.0000,0.0000,0.0000,0.0000,0.0000,2619.0000,0.0000,0.0000,0.0000,0.0000,17,0,0,0,0,3,0,0,0,0
zc,WS305,2012-06-21 09:06:38.520,2618.0000,53784,0,0.0000,2.0000,1,1,空换,S,2618.0000,0.0000,0.0000,0.0000,0.0000,2619.0000,0.0000,0.0000,0.0000,0.0000,16,0,0,0,0,3,0,0,0,0
zc,WS305,2012-06-21 09:06:38.783,2619.0000,53784,0,0.0000,2.0000,1,1,多换,B,2618.0000,0.0000,0.0000,0.0000,0.0000,2619.0000,0.0000,0.0000,0.0000,0.0000,16,0,0,0,0,2,0,0,0,0
zc,WS305,2012-06-21 09:06:39.987,2619.0000,53784,0,0.0000,0.0000,0,0,多换,B,2618.0000,0.0000,0.0000,0.0000,0.0000,2619.0000,0.0000,0.0000,0.0000,0.0000,16,0,0,0,0,3,0,0,0,0
zc,WS305,2012-06-21 09:06:42.817,2619.0000,53788,4,0.0000,6.0000,5,1,多开,B,2619.0000,0.0000,0.0000,0.0000,0.0000,2620.0000,0.0000,0.0000,0.0000,0.0000,2,0,0,0,0,32,0,0,0,0
zc,WS305,2012-06-21 09:06:43.050,2619.0000,53788,0,0.0000,4.0000,2,2,多换,B,2618.0000,0.0000,0.0000,0.0000,0.0000,2620.0000,0.0000,0.0000,0.0000,0.0000,16,0,0,0,0,32,0,0,0,0
zc,WS305,2012-06-21 09:06:45.283,2619.0000,53788,0,0.0000,0.0000,0,0,多换,B,2619.0000,0.0000,0.0000,0.0000,0.0000,2620.0000,0.0000,0.0000,0.0000,0.0000,1,0,0,0,0,32,0,0,0,0
zc,WS305,2012-06-21 09:06:47.300,2619.0000,53788,0,0.0000,2.0000,1,1,多换,B,2618.0000,0.0000,0.0000,0.0000,0.0000,2620.0000,0.0000,0.0000,0.0000,0.0000,16,0,0,0,0,31,0,0,0,0
zc,WS305,2012-06-21 09:06:48.020,2618.0000,53792,4,0.0000,4.0000,4,0,双开,S,2618.0000,0.0000,0.0000,0.0000,0.0000,2620.0000,0.0000,0.0000,0.0000,0.0000,14,0,0,0,0,31,0,0,0,0
zc,WS305,2012-06-21 09:06:48.270,2618.0000,53792,0,0.0000,0.0000,0,0,空换,S,2619.0000,0.0000,0.0000,0.0000,0.0000,2620.0000,0.0000,0.0000,0.0000,0.0000,126,0,0,0,0,31,0,0,0,0
zc,WS305,2012-06-21 09:06:49.033,2619.0000,53922,130,0.0000,178.0000,154,24,多开,B,2619.0000,0.0000,0.0000,0.0000,0.0000,2620.0000,0.0000,0.0000,0.0000,0.0000,37,0,0,0,0,12,0,0,0,0
zc,WS305,2012-06-21 09:06:50.223,2619.0000,53932,10,0.0000,12.0000,11,1,多开,B,2619.0000,0.0000,0.0000,0.0000,0.0000,2620.0000,0.0000,0.0000,0.0000,0.0000,31,0,0,0,0,306,0,0,0,0
zc,WS305,2012-06-21 09:06:50.550,2620.0000,53932,0,0.0000,102.0000,51,51,多换,B,2619.0000,0.0000,0.0000,0.0000,0.0000,2620.0000,0.0000,0.0000,0.0000,0.0000,30,0,0,0,0,255,0,0,0,0
zc,WS305,2012-06-21 09:06:51.253,2619.0000,53932,0,0.0000,60.0000,30,30,空换,S,2618.0000,0.0000,0.0000,0.0000,0.0000,2620.0000,0.0000,0.0000,0.0000,0.0000,14,0,0,0,0,225,0,0,0,0
zc,WS305,2012-06-21 09:06:53.567,2619.0000,53932,0,0.0000,0.0000,0,0,空换,S,2618.0000,0.0000,0.0000,0.0000,0.0000,2620.0000,0.0000,0.0000,0.0000,0.0000,17,0,0,0,0,225,0,0,0,0
zc,WS305,2012-06-21 09:06:54.270,2619.0000,53932,0,0.0000,0.0000,0,0,空换,S,2618.0000,0.0000,0.0000,0.0000,0.0000,2620.0000,0.0000,0.0000,0.0000,0.0000,16,0,0,0,0,225,0,0,0,0
zc,WS305,2012-06-21 09:06:54.783,2619.0000,53932,0,0.0000,2.0000,1,1,空换,S,2618.0000,0.0000,0.0000,0.0000,0.0000,2620.0000,0.0000,0.0000,0.0000,0.0000,15,0,0,0,0,224,0,0,0,0
zc,WS305,2012-06-21 09:06:55.613,2619.0000,53932,0,0.0000,0.0000,0,0,空换,S,2618.0000,0.0000,0.0000,0.0000,0.0000,2620.0000,0.0000,0.0000,0.0000,0.0000,19,0,0,0,0,224,0,0,0,0
zc,WS305,2012-06-21 09:06:56.097,2619.0000,53932,0,0.0000,0.0000,0,0,空换,S,2618.0000,0.0000,0.0000,0.0000,0.0000,2620.0000,0.0000,0.0000,0.0000,0.0000,22,0,0,0,0,224,0,0,0,0
zc,WS305,2012-06-21 09:06:57.253,2620.0000,53912,-20,0.0000,20.0000,0,20,双平,B,2618.0000,0.0000,0.0000,0.0000,0.0000,2620.0000,0.0000,0.0000,0.0000,0.0000,22,0,0,0,0,214,0,0,0,0
zc,WS305,2012-06-21 09:06:59.033,2620.0000,53912,0,0.0000,2.0000,1,1,多换,B,2618.0000,0.0000,0.0000,0.0000,0.0000,2620.0000,0.0000,0.0000,0.0000,0.0000,15,0,0,0,0,213,0,0,0,0
zc,WS305,2012-06-21 09:06:59.830,2620.0000,53912,0,0.0000,60.0000,30,30,多换,B,2618.0000,0.0000,0.0000,0.0000,0.0000,2620.0000,0.0000,0.0000,0.0000,0.0000,35,0,0,0,0,7,0,0,0,0
zc,WS305,2012-06-21 09:07:01.003,2620.0000,53912,0,0.0000,0.0000,0,0,多换,B,2618.0000,0.0000,0.0000,0.0000,0.0000,2620.0000,0.0000,0.0000,0.0000,0.0000,36,0,0,0,0,7,0,0,0,0
zc,WS305,2012-06-21 09:07:01.283,2620.0000,53912,0,0.0000,0.0000,0,0,多换,B,2618.0000,0.0000,0.0000,0.0000,0.0000,2620.0000,0.0000,0.0000,0.0000,0.0000,46,0,0,0,0,7,0,0,0,0
zc,WS305,2012-06-21 09:07:04.487,2620.0000,53912,0,0.0000,0.0000,0,0,多换,B,2618.0000,0.0000,0.0000,0.0000,0.0000,2620.0000,0.0000,0.0000,0.0000,0.0000,48,0,0,0,0,8,0,0,0,0
zc,WS305,2012-06-21 09:07:05.520,2620.0000,53912,0,0.0000,0.0000,0,0,多换,B,2619.0000,0.0000,0.0000,0.0000,0.0000,2620.0000,0.0000,0.0000,0.0000,0.0000,20,0,0,0,0,8,0,0,0,0
zc,WS305,2012-06-21 09:07:06.253,2620.0000,53912,0,0.0000,0.0000,0,0,多换,B,2618.0000,0.0000,0.0000,0.0000,0.0000,2620.0000,0.0000,0.0000,0.0000,0.0000,49,0,0,0,0,8,0,0,0,0
zc,WS305,2012-06-21 09:07:07.533,2620.0000,53912,0,0.0000,0.0000,0,0,多换,B,2618.0000,0.0000,0.0000,0.0000,0.0000,2620.0000,0.0000,0.0000,0.0000,0.0000,46,0,0,0,0,8,0,0,0,0
zc,WS305,2012-06-21 09:07:08.533,2620.0000,53912,0,0.0000,0.0000,0,0,多换,B,2618.0000,0.0000,0.0000,0.0000,0.0000,2620.0000,0.0000,0.0000,0.0000,0.0000,45,0,0,0,0,8,0,0,0,0
zc,WS305,2012-06-21 09:07:09.783,2620.0000,53912,0,0.0000,0.0000,0,0,多换,B,2618.0000,0.0000,0.0000,0.0000,0.0000,2620.0000,0.0000,0.0000,0.0000,0.0000,45,0,0,0,0,13,0,0,0,0
zc,WS305,2012-06-21 09:07:10.300,2620.0000,53912,0,0.0000,0.0000,0,0,多换,B,2618.0000,0.0000,0.0000,0.0000,0.0000,2620.0000,0.0000,0.0000,0.0000,0.0000,45,0,0,0,0,12,0,0,0,0
zc,WS305,2012-06-21 09:07:11.503,2620.0000,53912,0,0.0000,0.0000,0,0,多换,B,2618.0000,0.0000,0.0000,0.0000,0.0000,2620.0000,0.0000,0.0000,0.0000,0.0000,46,0,0,0,0,12,0,0,0,0
zc,WS305,2012-06-21 09:07:13.033,2620.0000,53912,0,0.0000,0.0000,0,0,多换,B,2618.0000,0.0000,0.0000,0.0000,0.0000,2620.0000,0.0000,0.0000,0.0000,0.0000,47,0,0,0,0,12,0,0,0,0
zc,WS305,2012-06-21 09:07:13.567,2620.0000,53922,10,0.0000,14.0000,12,2,多开,B,2618.0000,0.0000,0.0000,0.0000,0.0000,2620.0000,0.0000,0.0000,0.0000,0.0000,46,0,0,0,0,5,0,0,0,0
zc,WS305,2012-06-21 09:07:15.067,2620.0000,53922,0,0.0000,0.0000,0,0,多换,B,2619.0000,0.0000,0.0000,0.0000,0.0000,2620.0000,0.0000,0.0000,0.0000,0.0000,7,0,0,0,0,5,0,0,0,0
zc,WS305,2012-06-21 09:07:16.830,2620.0000,53922,0,0.0000,0.0000,0,0,多换,B,2619.0000,0.0000,0.0000,0.0000,0.0000,2620.0000,0.0000,0.0000,0.0000,0.0000,8,0,0,0,0,5,0,0,0,0
zc,WS305,2012-06-21 09:07:18.300,2620.0000,53922,0,0.0000,10.0000,5,5,多换,B,2619.0000,0.0000,0.0000,0.0000,0.0000,2621.0000,0.0000,0.0000,0.0000,0.0000,8,0,0,0,0,22,0,0,0,0
zc,WS305,2012-06-21 09:07:18.783,2620.0000,53922,0,0.0000,0.0000,0,0,多换,B,2619.0000,0.0000,0.0000,0.0000,0.0000,2621.0000,0.0000,0.0000,0.0000,0.0000,8,0,0,0,0,33,0,0,0,0
zc,WS305,2012-06-21 09:07:19.520,2620.0000,53922,0,0.0000,0.0000,0,0,多换,B,2619.0000,0.0000,0.0000,0.0000,0.0000,2621.0000,0.0000,0.0000,0.0000,0.0000,8,0,0,0,0,102,0,0,0,0
zc,WS305,2012-06-21 09:07:19.753,2620.0000,53922,0,0.0000,0.0000,0,0,多换,B,2619.0000,0.0000,0.0000,0.0000,0.0000,2621.0000,0.0000,0.0000,0.0000,0.0000,8,0,0,0,0,32,0,0,0,0
zc,WS305,2012-06-21 09:07:20.597,2620.0000,53922,0,0.0000,0.0000,0,0,多换,B,2619.0000,0.0000,0.0000,0.0000,0.0000,2621.0000,0.0000,0.0000,0.0000,0.0000,8,0,0,0,0,70,0,0,0,0
zc,WS305,2012-06-21 09:07:21.050,2620.0000,53922,0,0.0000,0.0000,0,0,多换,B,2619.0000,0.0000,0.0000,0.0000,0.0000,2621.0000,0.0000,0.0000,0.0000,0.0000,8,0,0,0,0,6,0,0,0,0
zc,WS305,2012-06-21 09:07:21.987,2620.0000,53922,0,0.0000,0.0000,0,0,多换,B,2619.0000,0.0000,0.0000,0.0000,0.0000,2621.0000,0.0000,0.0000,0.0000,0.0000,8,0,0,0,0,53,0,0,0,0
zc,WS305,2012-06-21 09:07:23.520,2621.0000,53922,0,0.0000,2.0000,1,1,多换,B,2619.0000,0.0000,0.0000,0.0000,0.0000,2621.0000,0.0000,0.0000,0.0000,0.0000,8,0,0,0,0,42,0,0,0,0
zc,WS305,2012-06-21 09:07:24.003,2621.0000,53922,0,0.0000,0.0000,0,0,多换,B,2619.0000,0.0000,0.0000,0.0000,0.0000,2621.0000,0.0000,0.0000,0.0000,0.0000,8,0,0,0,0,52,0,0,0,0
zc,WS305,2012-06-21 09:07:24.487,2621.0000,53920,-2,0.0000,2.0000,0,2,双平,B,2619.0000,0.0000,0.0000,0.0000,0.0000,2621.0000,0.0000,0.0000,0.0000,0.0000,8,0,0,0,0,26,0,0,0,0
zc,WS305,2012-06-21 09:07:25.080,2621.0000,53920,0,0.0000,0.0000,0,0,多换,B,2619.0000,0.0000,0.0000,0.0000,0.0000,2621.0000,0.0000,0.0000,0.0000,0.0000,8,0,0,0,0,23,0,0,0,0
zc,WS305,2012-06-21 09:07:25.783,2621.0000,53920,0,0.0000,0.0000,0,0,多换,B,2619.0000,0.0000,0.0000,0.0000,0.0000,2621.0000,0.0000,0.0000,0.0000,0.0000,8,0,0,0,0,18,0,0,0,0
zc,WS305,2012-06-21 09:07:26.317,2621.0000,53920,0,0.0000,0.0000,0,0,多换,B,2619.0000,0.0000,0.0000,0.0000,0.0000,2620.0000,0.0000,0.0000,0.0000,0.0000,8,0,0,0,0,1,0,0,0,0
zc,WS305,2012-06-21 09:07:30.067,2621.0000,53920,0,0.0000,0.0000,0,0,多换,B,2619.0000,0.0000,0.0000,0.0000,0.0000,2620.0000,0.0000,0.0000,0.0000,0.0000,28,0,0,0,0,1,0,0,0,0
zc,WS305,2012-06-21 09:07:31.377,2621.0000,53920,0,0.0000,0.0000,0,0,多换,B,2619.0000,0.0000,0.0000,0.0000,0.0000,2620.0000,0.0000,0.0000,0.0000,0.0000,8,0,0,0,0,1,0,0,0,0
zc,WS305,2012-06-21 09:07:32.283,2621.0000,53920,0,0.0000,0.0000,0,0,多换,B,2619.0000,0.0000,0.0000,0.0000,0.0000,2620.0000,0.0000,0.0000,0.0000,0.0000,18,0,0,0,0,1,0,0,0,0
zc,WS305,2012-06-21 09:07:34.033,2620.0000,53922,2,0.0000,2.0000,2,0,双开,S,2619.0000,0.0000,0.0000,0.0000,0.0000,2621.0000,0.0000,0.0000,0.0000,0.0000,17,0,0,0,0,40,0,0,0,0
zc,WS305,2012-06-21 09:07:34.533,2621.0000,53922,0,0.0000,2.0000,1,1,多换,B,2619.0000,0.0000,0.0000,0.0000,0.0000,2621.0000,0.0000,0.0000,0.0000,0.0000,13,0,0,0,0,38,0,0,0,0
zc,WS305,2012-06-21 09:07:35.317,2621.0000,53922,0,0.0000,0.0000,0,0,多换,B,2619.0000,0.0000,0.0000,0.0000,0.0000,2620.0000,0.0000,0.0000,0.0000,0.0000,33,0,0,0,0,2,0,0,0,0
zc,WS305,2012-06-21 09:07:36.520,2621.0000,53922,0,0.0000,0.0000,0,0,多换,B,2619.0000,0.0000,0.0000,0.0000,0.0000,2620.0000,0.0000,0.0000,0.0000,0.0000,12,0,0,0,0,2,0,0,0,0
zc,WS305,2012-06-21 09:07:37.800,2621.0000,53922,0,0.0000,0.0000,0,0,多换,B,2619.0000,0.0000,0.0000,0.0000,0.0000,2620.0000,0.0000,0.0000,0.0000,0.0000,11,0,0,0,0,2,0,0,0,0
zc,WS305,2012-06-21 09:07:39.300,2621.0000,53922,0,0.0000,0.0000,0,0,多换,B,2619.0000,0.0000,0.0000,0.0000,0.0000,2620.0000,0.0000,0.0000,0.0000,0.0000,11,0,0,0,0,7,0,0,0,0
zc,WS305,2012-06-21 09:07:40.020,2621.0000,53922,0,0.0000,0.0000,0,0,多换,B,2619.0000,0.0000,0.0000,0.0000,0.0000,2620.0000,0.0000,0.0000,0.0000,0.0000,11,0,0,0,0,8,0,0,0,0
zc,WS305,2012-06-21 09:07:41.283,2621.0000,53922,0,0.0000,0.0000,0,0,多换,B,2619.0000,0.0000,0.0000,0.0000,0.0000,2620.0000,0.0000,0.0000,0.0000,0.0000,22,0,0,0,0,8,0,0,0,0
zc,WS305,2012-06-21 09:07:41.753,2621.0000,53922,0,0.0000,0.0000,0,0,多换,B,2619.0000,0.0000,0.0000,0.0000,0.0000,2620.0000,0.0000,0.0000,0.0000,0.0000,31,0,0,0,0,8,0,0,0,0
zc,WS305,2012-06-21 09:07:44.817,2620.0000,53918,-4,0.0000,16.0000,6,10,多平,S,2620.0000,0.0000,0.0000,0.0000,0.0000,2621.0000,0.0000,0.0000,0.0000,0.0000,13,0,0,0,0,2,0,0,0,0
zc,WS305,2012-06-21 09:07:45.580,2620.0000,53918,0,0.0000,0.0000,0,0,空换,S,2620.0000,0.0000,0.0000,0.0000,0.0000,2621.0000,0.0000,0.0000,0.0000,0.0000,12,0,0,0,0,2,0,0,0,0
zc,WS305,2012-06-21 09:07:45.770,2620.0000,53920,2,0.0000,2.0000,2,0,双开,S,2620.0000,0.0000,0.0000,0.0000,0.0000,2621.0000,0.0000,0.0000,0.0000,0.0000,11,0,0,0,0,2,0,0,0,0
zc,WS305,2012-06-21 09:07:48.300,2620.0000,53920,0,0.0000,0.0000,0,0,空换,S,2620.0000,0.0000,0.0000,0.0000,0.0000,2621.0000,0.0000,0.0000,0.0000,0.0000,24,0,0,0,0,2,0,0,0,0
zc,WS305,2012-06-21 09:07:49.597,2620.0000,53920,0,0.0000,2.0000,1,1,空换,S,2620.0000,0.0000,0.0000,0.0000,0.0000,2621.0000,0.0000,0.0000,0.0000,0.0000,23,0,0,0,0,2,0,0,0,0
zc,WS305,2012-06-21 09:07:54.753,2620.0000,53920,0,0.0000,0.0000,0,0,空换,S,2620.0000,0.0000,0.0000,0.0000,0.0000,2621.0000,0.0000,0.0000,0.0000,0.0000,34,0,0,0,0,3,0,0,0,0
zc,WS305,2012-06-21 09:07:56.080,2620.0000,53920,0,0.0000,0.0000,0,0,空换,S,2620.0000,0.0000,0.0000,0.0000,0.0000,2621.0000,0.0000,0.0000,0.0000,0.0000,33,0,0,0,0,3,0,0,0,0
zc,WS305,2012-06-21 09:07:57.550,2620.0000,53920,0,0.0000,0.0000,0,0,空换,S,2620.0000,0.0000,0.0000,0.0000,0.0000,2621.0000,0.0000,0.0000,0.0000,0.0000,33,0,0,0,0,4,0,0,0,0
zc,WS305,2012-06-21 09:07:59.503,2621.0000,53916,-4,0.0000,8.0000,2,6,空平,B,2621.0000,0.0000,0.0000,0.0000,0.0000,2622.0000,0.0000,0.0000,0.0000,0.0000,9,0,0,0,0,2,0,0,0,0
zc,WS305,2012-06-21 09:08:00.817,2622.0000,53916,0,0.0000,4.0000,2,2,多换,B,2622.0000,0.0000,0.0000,0.0000,0.0000,2623.0000,0.0000,0.0000,0.0000,0.0000,7,0,0,0,0,8,0,0,0,0
zc,WS305,2012-06-21 09:08:04.770,2622.0000,53910,-6,0.0000,6.0000,0,6,双平,B,2622.0000,0.0000,0.0000,0.0000,0.0000,2623.0000,0.0000,0.0000,0.0000,0.0000,4,0,0,0,0,8,0,0,0,0
zc,WS305,2012-06-21 09:08:06.783,2622.0000,53910,0,0.0000,0.0000,0,0,多换,B,2621.0000,0.0000,0.0000,0.0000,0.0000,2623.0000,0.0000,0.0000,0.0000,0.0000,8,0,0,0,0,8,0,0,0,0
zc,WS305,2012-06-21 09:08:07.283,2622.0000,53910,0,0.0000,0.0000,0,0,多换,B,2622.0000,0.0000,0.0000,0.0000,0.0000,2623.0000,0.0000,0.0000,0.0000,0.0000,4,0,0,0,0,8,0,0,0,0
zc,WS305,2012-06-21 09:08:08.567,2622.0000,53910,0,0.0000,0.0000,0,0,多换,B,2622.0000,0.0000,0.0000,0.0000,0.0000,2623.0000,0.0000,0.0000,0.0000,0.0000,5,0,0,0,0,8,0,0,0,0
zc,WS305,2012-06-21 09:08:09.050,2623.0000,53906,-4,0.0000,8.0000,2,6,空平,B,2622.0000,0.0000,0.0000,0.0000,0.0000,2623.0000,0.0000,0.0000,0.0000,0.0000,10,0,0,0,0,4,0,0,0,0
zc,WS305,2012-06-21 09:08:11.283,2623.0000,53910,4,0.0000,8.0000,6,2,多开,B,2622.0000,0.0000,0.0000,0.0000,0.0000,2625.0000,0.0000,0.0000,0.0000,0.0000,7,0,0,0,0,194,0,0,0,0
zc,WS305,2012-06-21 09:08:12.097,2623.0000,53910,0,0.0000,0.0000,0,0,多换,B,2622.0000,0.0000,0.0000,0.0000,0.0000,2625.0000,0.0000,0.0000,0.0000,0.0000,12,0,0,0,0,52,0,0,0,0
zc,WS305,2012-06-21 09:08:12.643,2623.0000,53910,0,0.0000,0.0000,0,0,多换,B,2623.0000,0.0000,0.0000,0.0000,0.0000,2625.0000,0.0000,0.0000,0.0000,0.0000,7,0,0,0,0,21,0,0,0,0
zc,WS305,2012-06-21 09:08:14.520,2623.0000,53910,0,0.0000,0.0000,0,0,多换,B,2623.0000,0.0000,0.0000,0.0000,0.0000,2625.0000,0.0000,0.0000,0.0000,0.0000,7,0,0,0,0,22,0,0,0,0
zc,WS305,2012-06-21 09:08:14.783,2623.0000,53910,0,0.0000,0.0000,0,0,多换,B,2623.0000,0.0000,0.0000,0.0000,0.0000,2625.0000,0.0000,0.0000,0.0000,0.0000,8,0,0,0,0,22,0,0,0,0
zc,WS305,2012-06-21 09:08:15.520,2623.0000,53910,0,0.0000,0.0000,0,0,多换,B,2623.0000,0.0000,0.0000,0.0000,0.0000,2625.0000,0.0000,0.0000,0.0000,0.0000,1,0,0,0,0,202,0,0,0,0
zc,WS305,2012-06-21 09:08:16.533,2622.0000,53918,8,0.0000,10.0000,9,1,空开,S,2622.0000,0.0000,0.0000,0.0000,0.0000,2625.0000,0.0000,0.0000,0.0000,0.0000,3,0,0,0,0,202,0,0,0,0
zc,WS305,2012-06-21 09:08:17.237,2622.0000,53918,0,0.0000,0.0000,0,0,空换,S,2622.0000,0.0000,0.0000,0.0000,0.0000,2624.0000,0.0000,0.0000,0.0000,0.0000,3,0,0,0,0,3,0,0,0,0
zc,WS305,2012-06-21 09:08:20.097,2624.0000,53924,6,0.0000,6.0000,6,0,双开,B,2622.0000,0.0000,0.0000,0.0000,0.0000,2624.0000,0.0000,0.0000,0.0000,0.0000,3,0,0,0,0,1,0,0,0,0
zc,WS305,2012-06-21 09:08:20.847,2624.0000,53924,0,0.0000,0.0000,0,0,多换,B,2622.0000,0.0000,0.0000,0.0000,0.0000,2624.0000,0.0000,0.0000,0.0000,0.0000,3,0,0,0,0,2,0,0,0,0
zc,WS305,2012-06-21 09:08:23.003,2624.0000,53926,2,0.0000,2.0000,2,0,双开,B,2623.0000,0.0000,0.0000,0.0000,0.0000,2624.0000,0.0000,0.0000,0.0000,0.0000,5,0,0,0,0,1,0,0,0,0
zc,WS305,2012-06-21 09:08:24.783,2624.0000,53926,0,0.0000,0.0000,0,0,多换,B,2623.0000,0.0000,0.0000,0.0000,0.0000,2624.0000,0.0000,0.0000,0.0000,0.0000,5,0,0,0,0,8,0,0,0,0
zc,WS305,2012-06-21 09:08:26.050,2623.0000,53928,2,0.0000,12.0000,7,5,空开,S,2622.0000,0.0000,0.0000,0.0000,0.0000,2623.0000,0.0000,0.0000,0.0000,0.0000,10,0,0,0,0,2,0,0,0,0
zc,WS305,2012-06-21 09:08:26.503,2623.0000,53928,0,0.0000,2.0000,1,1,空换,S,2622.0000,0.0000,0.0000,0.0000,0.0000,2623.0000,0.0000,0.0000,0.0000,0.0000,10,0,0,0,0,1,0,0,0,0
zc,WS305,2012-06-21 09:08:27.300,2623.0000,53928,0,0.0000,2.0000,1,1,空换,S,2622.0000,0.0000,0.0000,0.0000,0.0000,2624.0000,0.0000,0.0000,0.0000,0.0000,10,0,0,0,0,118,0,0,0,0
zc,WS305,2012-06-21 09:08:27.847,2623.0000,53928,0,0.0000,0.0000,0,0,空换,S,2622.0000,0.0000,0.0000,0.0000,0.0000,2624.0000,0.0000,0.0000,0.0000,0.0000,10,0,0,0,0,138,0,0,0,0
zc,WS305,2012-06-21 09:08:28.317,2623.0000,53928,0,0.0000,0.0000,0,0,空换,S,2622.0000,0.0000,0.0000,0.0000,0.0000,2624.0000,0.0000,0.0000,0.0000,0.0000,10,0,0,0,0,137,0,0,0,0
zc,WS305,2012-06-21 09:08:29.003,2623.0000,53928,0,0.0000,0.0000,0,0,空换,S,2622.0000,0.0000,0.0000,0.0000,0.0000,2624.0000,0.0000,0.0000,0.0000,0.0000,10,0,0,0,0,123,0,0,0,0
zc,WS305,2012-06-21 09:08:29.533,2624.0000,53928,0,0.0000,68.0000,34,34,多换,B,2622.0000,0.0000,0.0000,0.0000,0.0000,2624.0000,0.0000,0.0000,0.0000,0.0000,10,0,0,0,0,70,0,0,0,0
zc,WS305,2012-06-21 09:08:30.020,2624.0000,53928,0,0.0000,0.0000,0,0,多换,B,2623.0000,0.0000,0.0000,0.0000,0.0000,2624.0000,0.0000,0.0000,0.0000,0.0000,5,0,0,0,0,69,0,0,0,0
zc,WS305,2012-06-21 09:08:30.503,2624.0000,53928,0,0.0000,2.0000,1,1,多换,B,2623.0000,0.0000,0.0000,0.0000,0.0000,2624.0000,0.0000,0.0000,0.0000,0.0000,52,0,0,0,0,1,0,0,0,0
zc,WS305,2012-06-21 09:08:31.237,2624.0000,53928,0,0.0000,0.0000,0,0,多换,B,2623.0000,0.0000,0.0000,0.0000,0.0000,2624.0000,0.0000,0.0000,0.0000,0.0000,76,0,0,0,0,2,0,0,0,0
zc,WS305,2012-06-21 09:08:36.020,2624.0000,53928,0,0.0000,0.0000,0,0,多换,B,2623.0000,0.0000,0.0000,0.0000,0.0000,2624.0000,0.0000,0.0000,0.0000,0.0000,76,0,0,0,0,1,0,0,0,0
zc,WS305,2012-06-21 09:08:37.003,2624.0000,53930,2,0.0000,2.0000,2,0,双开,B,2624.0000,0.0000,0.0000,0.0000,0.0000,2625.0000,0.0000,0.0000,0.0000,0.0000,1,0,0,0,0,170,0,0,0,0
zc,WS305,2012-06-21 09:08:37.753,2624.0000,53932,2,0.0000,2.0000,2,0,双开,B,2623.0000,0.0000,0.0000,0.0000,0.0000,2624.0000,0.0000,0.0000,0.0000,0.0000,71,0,0,0,0,1,0,0,0,0
zc,WS305,2012-06-21 09:08:42.283,2624.0000,53932,0,0.0000,0.0000,0,0,多换,B,2623.0000,0.0000,0.0000,0.0000,0.0000,2624.0000,0.0000,0.0000,0.0000,0.0000,71,0,0,0,0,2,0,0,0,0
zc,WS305,2012-06-21 09:08:43.020,2624.0000,53932,0,0.0000,2.0000,1,1,多换,B,2623.0000,0.0000,0.0000,0.0000,0.0000,2624.0000,0.0000,0.0000,0.0000,0.0000,72,0,0,0,0,1,0,0,0,0
zc,WS305,2012-06-21 09:08:43.520,2624.0000,53932,0,0.0000,0.0000,0,0,多换,B,2623.0000,0.0000,0.0000,0.0000,0.0000,2624.0000,0.0000,0.0000,0.0000,0.0000,72,0,0,0,0,4,0,0,0,0
zc,WS305,2012-06-21 09:08:45.253,2624.0000,53932,0,0.0000,2.0000,1,1,多换,B,2623.0000,0.0000,0.0000,0.0000,0.0000,2624.0000,0.0000,0.0000,0.0000,0.0000,72,0,0,0,0,3,0,0,0,0
zc,WS305,2012-06-21 09:08:49.503,2623.0000,53942,10,0.0000,10.0000,10,0,双开,S,2623.0000,0.0000,0.0000,0.0000,0.0000,2624.0000,0.0000,0.0000,0.0000,0.0000,67,0,0,0,0,3,0,0,0,0
zc,WS305,2012-06-21 09:08:50.067,2623.0000,53942,0,0.0000,0.0000,0,0,空换,S,2623.0000,0.0000,0.0000,0.0000,0.0000,2624.0000,0.0000,0.0000,0.0000,0.0000,70,0,0,0,0,3,0,0,0,0
zc,WS305,2012-06-21 09:08:51.033,2623.0000,53942,0,0.0000,0.0000,0,0,空换,S,2623.0000,0.0000,0.0000,0.0000,0.0000,2624.0000,0.0000,0.0000,0.0000,0.0000,67,0,0,0,0,3,0,0,0,0
zc,WS305,2012-06-21 09:08:52.330,2623.0000,53942,0,0.0000,0.0000,0,0,空换,S,2623.0000,0.0000,0.0000,0.0000,0.0000,2624.0000,0.0000,0.0000,0.0000,0.0000,70,0,0,0,0,3,0,0,0,0
zc,WS305,2012-06-21 09:08:56.317,2624.0000,53948,6,0.0000,6.0000,6,0,双开,B,2624.0000,0.0000,0.0000,0.0000,0.0000,2625.0000,0.0000,0.0000,0.0000,0.0000,7,0,0,0,0,25,0,0,0,0
zc,WS305,2012-06-21 09:08:56.817,2624.0000,53950,2,0.0000,2.0000,2,0,双开,B,2624.0000,0.0000,0.0000,0.0000,0.0000,2625.0000,0.0000,0.0000,0.0000,0.0000,6,0,0,0,0,25,0,0,0,0
zc,WS305,2012-06-21 09:09:04.503,2625.0000,53950,0,0.0000,4.0000,2,2,多换,B,2624.0000,0.0000,0.0000,0.0000,0.0000,2625.0000,0.0000,0.0000,0.0000,0.0000,6,0,0,0,0,23,0,0,0,0
zc,WS305,2012-06-21 09:09:07.067,2625.0000,53950,0,0.0000,0.0000,0,0,多换,B,2624.0000,0.0000,0.0000,0.0000,0.0000,2625.0000,0.0000,0.0000,0.0000,0.0000,9,0,0,0,0,23,0,0,0,0
zc,WS305,2012-06-21 09:09:08.770,2625.0000,53950,0,0.0000,0.0000,0,0,多换,B,2624.0000,0.0000,0.0000,0.0000,0.0000,2625.0000,0.0000,0.0000,0.0000,0.0000,31,0,0,0,0,147,0,0,0,0
zc,WS305,2012-06-21 09:09:09.503,2625.0000,53950,0,0.0000,0.0000,0,0,多换,B,2624.0000,0.0000,0.0000,0.0000,0.0000,2625.0000,0.0000,0.0000,0.0000,0.0000,31,0,0,0,0,105,0,0,0,0
zc,WS305,2012-06-21 09:09:09.830,2625.0000,53950,0,0.0000,0.0000,0,0,多换,B,2624.0000,0.0000,0.0000,0.0000,0.0000,2625.0000,0.0000,0.0000,0.0000,0.0000,31,0,0,0,0,98,0,0,0,0
zc,WS305,2012-06-21 09:09:10.783,2625.0000,53950,0,0.0000,0.0000,0,0,多换,B,2624.0000,0.0000,0.0000,0.0000,0.0000,2625.0000,0.0000,0.0000,0.0000,0.0000,31,0,0,0,0,88,0,0,0,0
zc,WS305,2012-06-21 09:09:11.330,2625.0000,53950,0,0.0000,0.0000,0,0,多换,B,2624.0000,0.0000,0.0000,0.0000,0.0000,2625.0000,0.0000,0.0000,0.0000,0.0000,31,0,0,0,0,79,0,0,0,0
zc,WS305,2012-06-21 09:09:12.080,2625.0000,53950,0,0.0000,0.0000,0,0,多换,B,2624.0000,0.0000,0.0000,0.0000,0.0000,2625.0000,0.0000,0.0000,0.0000,0.0000,31,0,0,0,0,46,0,0,0,0
zc,WS305,2012-06-21 09:09:12.283,2625.0000,53950,0,0.0000,0.0000,0,0,多换,B,2624.0000,0.0000,0.0000,0.0000,0.0000,2625.0000,0.0000,0.0000,0.0000,0.0000,31,0,0,0,0,159,0,0,0,0
zc,WS305,2012-06-21 09:09:13.097,2625.0000,53950,0,0.0000,6.0000,3,3,多换,B,2624.0000,0.0000,0.0000,0.0000,0.0000,2625.0000,0.0000,0.0000,0.0000,0.0000,31,0,0,0,0,21,0,0,0,0
zc,WS305,2012-06-21 09:09:13.723,2625.0000,53950,0,0.0000,4.0000,2,2,多换,B,2624.0000,0.0000,0.0000,0.0000,0.0000,2625.0000,0.0000,0.0000,0.0000,0.0000,31,0,0,0,0,19,0,0,0,0
zc,WS305,2012-06-21 09:09:14.097,2624.0000,53950,0,0.0000,2.0000,1,1,空换,S,2624.0000,0.0000,0.0000,0.0000,0.0000,2625.0000,0.0000,0.0000,0.0000,0.0000,30,0,0,0,0,19,0,0,0,0
zc,WS305,2012-06-21 09:09:15.270,2624.0000,53950,0,0.0000,0.0000,0,0,空换,S,2624.0000,0.0000,0.0000,0.0000,0.0000,2625.0000,0.0000,0.0000,0.0000,0.0000,37,0,0,0,0,19,0,0,0,0
zc,WS305,2012-06-21 09:09:16.503,2625.0000,53948,-2,0.0000,2.0000,0,2,双平,B,2624.0000,0.0000,0.0000,0.0000,0.0000,2625.0000,0.0000,0.0000,0.0000,0.0000,37,0,0,0,0,18,0,0,0,0
zc,WS305,2012-06-21 09:09:18.283,2625.0000,53948,0,0.0000,6.0000,3,3,多换,B,2624.0000,0.0000,0.0000,0.0000,0.0000,2625.0000,0.0000,0.0000,0.0000,0.0000,37,0,0,0,0,23,0,0,0,0
zc,WS305,2012-06-21 09:09:18.753,2625.0000,53948,0,0.0000,0.0000,0,0,多换,B,2624.0000,0.0000,0.0000,0.0000,0.0000,2625.0000,0.0000,0.0000,0.0000,0.0000,37,0,0,0,0,35,0,0,0,0
zc,WS305,2012-06-21 09:09:19.253,2624.0000,53950,2,0.0000,2.0000,2,0,双开,S,2624.0000,0.0000,0.0000,0.0000,0.0000,2625.0000,0.0000,0.0000,0.0000,0.0000,36,0,0,0,0,153,0,0,0,0
zc,WS305,2012-06-21 09:09:20.067,2624.0000,53950,0,0.0000,0.0000,0,0,空换,S,2624.0000,0.0000,0.0000,0.0000,0.0000,2625.0000,0.0000,0.0000,0.0000,0.0000,56,0,0,0,0,153,0,0,0,0
zc,WS305,2012-06-21 09:09:20.503,2624.0000,53950,0,0.0000,8.0000,4,4,空换,S,2624.0000,0.0000,0.0000,0.0000,0.0000,2625.0000,0.0000,0.0000,0.0000,0.0000,52,0,0,0,0,149,0,0,0,0
zc,WS305,2012-06-21 09:09:21.003,2624.0000,53950,0,0.0000,80.0000,40,40,空换,S,2624.0000,0.0000,0.0000,0.0000,0.0000,2625.0000,0.0000,0.0000,0.0000,0.0000,12,0,0,0,0,109,0,0,0,0
zc,WS305,2012-06-21 09:09:21.503,2624.0000,53950,0,0.0000,2.0000,1,1,空换,S,2624.0000,0.0000,0.0000,0.0000,0.0000,2625.0000,0.0000,0.0000,0.0000,0.0000,11,0,0,0,0,108,0,0,0,0
zc,WS305,2012-06-21 09:09:22.223,2624.0000,53950,0,0.0000,6.0000,3,3,空换,S,2624.0000,0.0000,0.0000,0.0000,0.0000,2625.0000,0.0000,0.0000,0.0000,0.0000,8,0,0,0,0,105,0,0,0,0
zc,WS305,2012-06-21 09:09:22.753,2624.0000,53950,0,0.0000,0.0000,0,0,空换,S,2624.0000,0.0000,0.0000,0.0000,0.0000,2625.0000,0.0000,0.0000,0.0000,0.0000,8,0,0,0,0,15,0,0,0,0
zc,WS305,2012-06-21 09:09:23.283,2624.0000,53950,0,0.0000,4.0000,2,2,空换,S,2624.0000,0.0000,0.0000,0.0000,0.0000,2625.0000,0.0000,0.0000,0.0000,0.0000,6,0,0,0,0,21,0,0,0,0
zc,WS305,2012-06-21 09:09:24.050,2624.0000,53950,0,0.0000,2.0000,1,1,空换,S,2624.0000,0.0000,0.0000,0.0000,0.0000,2625.0000,0.0000,0.0000,0.0000,0.0000,5,0,0,0,0,21,0,0,0,0
zc,WS305,2012-06-21 09:09:24.487,2624.0000,53950,0,0.0000,8.0000,4,4,空换,S,2624.0000,0.0000,0.0000,0.0000,0.0000,2625.0000,0.0000,0.0000,0.0000,0.0000,1,0,0,0,0,15,0,0,0,0
zc,WS305,2012-06-21 09:09:25.283,2624.0000,53950,0,0.0000,2.0000,1,1,空换,S,2623.0000,0.0000,0.0000,0.0000,0.0000,2625.0000,0.0000,0.0000,0.0000,0.0000,11,0,0,0,0,19,0,0,0,0
zc,WS305,2012-06-21 09:09:25.753,2624.0000,53950,0,0.0000,0.0000,0,0,空换,S,2623.0000,0.0000,0.0000,0.0000,0.0000,2625.0000,0.0000,0.0000,0.0000,0.0000,11,0,0,0,0,33,0,0,0,0
zc,WS305,2012-06-21 09:09:26.283,2624.0000,53950,0,0.0000,0.0000,0,0,空换,S,2623.0000,0.0000,0.0000,0.0000,0.0000,2625.0000,0.0000,0.0000,0.0000,0.0000,12,0,0,0,0,40,0,0,0,0
zc,WS305,2012-06-21 09:09:26.737,2624.0000,53950,0,0.0000,0.0000,0,0,空换,S,2623.0000,0.0000,0.0000,0.0000,0.0000,2625.0000,0.0000,0.0000,0.0000,0.0000,12,0,0,0,0,37,0,0,0,0
zc,WS305,2012-06-21 09:09:27.533,2624.0000,53950,0,0.0000,0.0000,0,0,空换,S,2623.0000,0.0000,0.0000,0.0000,0.0000,2625.0000,0.0000,0.0000,0.0000,0.0000,12,0,0,0,0,30,0,0,0,0
zc,WS305,2012-06-21 09:09:27.987,2624.0000,53950,0,0.0000,0.0000,0,0,空换,S,2623.0000,0.0000,0.0000,0.0000,0.0000,2625.0000,0.0000,0.0000,0.0000,0.0000,12,0,0,0,0,66,0,0,0,0
zc,WS305,2012-06-21 09:09:28.613,2624.0000,53950,0,0.0000,0.0000,0,0,空换,S,2623.0000,0.0000,0.0000,0.0000,0.0000,2625.0000,0.0000,0.0000,0.0000,0.0000,15,0,0,0,0,15,0,0,0,0
zc,WS305,2012-06-21 09:09:29.800,2625.0000,53960,10,0.0000,34.0000,22,12,多开,B,2625.0000,0.0000,0.0000,0.0000,0.0000,2626.0000,0.0000,0.0000,0.0000,0.0000,52,0,0,0,0,198,0,0,0,0
zc,WS305,2012-06-21 09:09:30.283,2625.0000,53980,20,0.0000,20.0000,20,0,双开,B,2625.0000,0.0000,0.0000,0.0000,0.0000,2626.0000,0.0000,0.0000,0.0000,0.0000,42,0,0,0,0,198,0,0,0,0
zc,WS305,2012-06-21 09:09:30.830,2625.0000,53984,4,0.0000,4.0000,4,0,双开,B,2625.0000,0.0000,0.0000,0.0000,0.0000,2626.0000,0.0000,0.0000,0.0000,0.0000,40,0,0,0,0,198,0,0,0,0
zc,WS305,2012-06-21 09:09:31.830,2625.0000,53986,2,0.0000,80.0000,41,39,多开,B,2623.0000,0.0000,0.0000,0.0000,0.0000,2625.0000,0.0000,0.0000,0.0000,0.0000,15,0,0,0,0,11,0,0,0,0
zc,WS305,2012-06-21 09:09:32.317,2623.0000,53988,2,0.0000,2.0000,2,0,双开,S,2623.0000,0.0000,0.0000,0.0000,0.0000,2625.0000,0.0000,0.0000,0.0000,0.0000,12,0,0,0,0,56,0,0,0,0
zc,WS305,2012-06-21 09:09:32.817,2623.0000,53988,0,0.0000,0.0000,0,0,空换,S,2623.0000,0.0000,0.0000,0.0000,0.0000,2625.0000,0.0000,0.0000,0.0000,0.0000,14,0,0,0,0,11,0,0,0,0
zc,WS305,2012-06-21 09:09:33.283,2623.0000,53988,0,0.0000,0.0000,0,0,空换,S,2623.0000,0.0000,0.0000,0.0000,0.0000,2625.0000,0.0000,0.0000,0.0000,0.0000,13,0,0,0,0,11,0,0,0,0
zc,WS305,2012-06-21 09:09:34.877,2625.0000,53986,-2,0.0000,22.0000,10,12,空平,B,2623.0000,0.0000,0.0000,0.0000,0.0000,2625.0000,0.0000,0.0000,0.0000,0.0000,11,0,0,0,0,28,0,0,0,0
zc,WS305,2012-06-21 09:09:35.020,2625.0000,53986,0,0.0000,0.0000,0,0,多换,B,2623.0000,0.0000,0.0000,0.0000,0.0000,2625.0000,0.0000,0.0000,0.0000,0.0000,11,0,0,0,0,32,0,0,0,0
zc,WS305,2012-06-21 09:09:35.830,2625.0000,53986,0,0.0000,0.0000,0,0,多换,B,2623.0000,0.0000,0.0000,0.0000,0.0000,2625.0000,0.0000,0.0000,0.0000,0.0000,13,0,0,0,0,2,0,0,0,0
zc,WS305,2012-06-21 09:09:39.270,2625.0000,53986,0,0.0000,0.0000,0,0,多换,B,2623.0000,0.0000,0.0000,0.0000,0.0000,2625.0000,0.0000,0.0000,0.0000,0.0000,14,0,0,0,0,2,0,0,0,0
zc,WS305,2012-06-21 09:09:44.567,2625.0000,53986,0,0.0000,0.0000,0,0,多换,B,2623.0000,0.0000,0.0000,0.0000,0.0000,2625.0000,0.0000,0.0000,0.0000,0.0000,15,0,0,0,0,2,0,0,0,0
zc,WS305,2012-06-21 09:09:45.283,2625.0000,53986,0,0.0000,2.0000,1,1,多换,B,2623.0000,0.0000,0.0000,0.0000,0.0000,2625.0000,0.0000,0.0000,0.0000,0.0000,14,0,0,0,0,1,0,0,0,0
zc,WS305,2012-06-21 09:09:46.580,2625.0000,53986,0,0.0000,0.0000,0,0,多换,B,2623.0000,0.0000,0.0000,0.0000,0.0000,2625.0000,0.0000,0.0000,0.0000,0.0000,12,0,0,0,0,85,0,0,0,0
zc,WS305,2012-06-21 09:09:47.317,2625.0000,53986,0,0.0000,0.0000,0,0,多换,B,2623.0000,0.0000,0.0000,0.0000,0.0000,2625.0000,0.0000,0.0000,0.0000,0.0000,14,0,0,0,0,2,0,0,0,0
zc,WS305,2012-06-21 09:09:47.753,2625.0000,53986,0,0.0000,0.0000,0,0,多换,B,2624.0000,0.0000,0.0000,0.0000,0.0000,2625.0000,0.0000,0.0000,0.0000,0.0000,1,0,0,0,0,3,0,0,0,0
zc,WS305,2012-06-21 09:09:49.520,2625.0000,53990,4,0.0000,8.0000,6,2,多开,B,2623.0000,0.0000,0.0000,0.0000,0.0000,2626.0000,0.0000,0.0000,0.0000,0.0000,14,0,0,0,0,199,0,0,0,0
zc,WS305,2012-06-21 09:09:50.283,2625.0000,53990,0,0.0000,0.0000,0,0,多换,B,2624.0000,0.0000,0.0000,0.0000,0.0000,2626.0000,0.0000,0.0000,0.0000,0.0000,1,0,0,0,0,197,0,0,0,0
zc,WS305,2012-06-21 09:09:51.317,2625.0000,53990,0,0.0000,0.0000,0,0,多换,B,2624.0000,0.0000,0.0000,0.0000,0.0000,2626.0000,0.0000,0.0000,0.0000,0.0000,1,0,0,0,0,195,0,0,0,0
zc,WS305,2012-06-21 09:09:51.800,2625.0000,53990,0,0.0000,0.0000,0,0,多换,B,2625.0000,0.0000,0.0000,0.0000,0.0000,2626.0000,0.0000,0.0000,0.0000,0.0000,1,0,0,0,0,192,0,0,0,0
zc,WS305,2012-06-21 09:09:54.770,2625.0000,53990,0,0.0000,0.0000,0,0,多换,B,2625.0000,0.0000,0.0000,0.0000,0.0000,2626.0000,0.0000,0.0000,0.0000,0.0000,1,0,0,0,0,194,0,0,0,0
zc,WS305,2012-06-21 09:09:56.080,2625.0000,53990,0,0.0000,0.0000,0,0,多换,B,2625.0000,0.0000,0.0000,0.0000,0.0000,2626.0000,0.0000,0.0000,0.0000,0.0000,1,0,0,0,0,192,0,0,0,0
zc,WS305,2012-06-21 09:09:56.800,2625.0000,53992,2,0.0000,2.0000,2,0,双开,B,2624.0000,0.0000,0.0000,0.0000,0.0000,2626.0000,0.0000,0.0000,0.0000,0.0000,1,0,0,0,0,192,0,0,0,0
zc,WS305,2012-06-21 09:09:57.033,2625.0000,53992,0,0.0000,0.0000,0,0,多换,B,2624.0000,0.0000,0.0000,0.0000,0.0000,2626.0000,0.0000,0.0000,0.0000,0.0000,1,0,0,0,0,193,0,0,0,0
zc,WS305,2012-06-21 09:09:57.800,2625.0000,53992,0,0.0000,0.0000,0,0,多换,B,2624.0000,0.0000,0.0000,0.0000,0.0000,2626.0000,0.0000,0.0000,0.0000,0.0000,1,0,0,0,0,192,0,0,0,0
zc,WS305,2012-06-21 09:09:59.033,2625.0000,53992,0,0.0000,0.0000,0,0,多换,B,2624.0000,0.0000,0.0000,0.0000,0.0000,2626.0000,0.0000,0.0000,0.0000,0.0000,1,0,0,0,0,199,0,0,0,0
zc,WS305,2012-06-21 09:09:59.520,2625.0000,53992,0,0.0000,0.0000,0,0,多换,B,2624.0000,0.0000,0.0000,0.0000,0.0000,2626.0000,0.0000,0.0000,0.0000,0.0000,1,0,0,0,0,196,0,0,0,0
zc,WS305,2012-06-21 09:09:59.957,2625.0000,53992,0,0.0000,0.0000,0,0,多换,B,2624.0000,0.0000,0.0000,0.0000,0.0000,2626.0000,0.0000,0.0000,0.0000,0.0000,1,0,0,0,0,192,0,0,0,0
zc,WS305,2012-06-21 09:10:00.770,2625.0000,53992,0,0.0000,0.0000,0,0,多换,B,2624.0000,0.0000,0.0000,0.0000,0.0000,2626.0000,0.0000,0.0000,0.0000,0.0000,3,0,0,0,0,109,0,0,0,0
zc,WS305,2012-06-21 09:10:01.283,2626.0000,53994,2,0.0000,2.0000,2,0,双开,B,2624.0000,0.0000,0.0000,0.0000,0.0000,2626.0000,0.0000,0.0000,0.0000,0.0000,3,0,0,0,0,108,0,0,0,0
zc,WS305,2012-06-21 09:10:02.020,2626.0000,53994,0,0.0000,0.0000,0,0,多换,B,2624.0000,0.0000,0.0000,0.0000,0.0000,2625.0000,0.0000,0.0000,0.0000,0.0000,3,0,0,0,0,1,0,0,0,0
zc,WS305,2012-06-21 09:10:02.503,2626.0000,53994,0,0.0000,0.0000,0,0,多换,B,2624.0000,0.0000,0.0000,0.0000,0.0000,2625.0000,0.0000,0.0000,0.0000,0.0000,4,0,0,0,0,1,0,0,0,0
zc,WS305,2012-06-21 09:10:03.533,2625.0000,53996,2,0.0000,2.0000,2,0,双开,S,2625.0000,0.0000,0.0000,0.0000,0.0000,2626.0000,0.0000,0.0000,0.0000,0.0000,81,0,0,0,0,108,0,0,0,0
zc,WS305,2012-06-21 09:10:05.503,2626.0000,54000,4,0.0000,4.0000,4,0,双开,B,2625.0000,0.0000,0.0000,0.0000,0.0000,2626.0000,0.0000,0.0000,0.0000,0.0000,81,0,0,0,0,106,0,0,0,0
zc,WS305,2012-06-21 09:10:06.580,2626.0000,54000,0,0.0000,0.0000,0,0,多换,B,2625.0000,0.0000,0.0000,0.0000,0.0000,2626.0000,0.0000,0.0000,0.0000,0.0000,79,0,0,0,0,106,0,0,0,0
zc,WS305,2012-06-21 09:10:07.737,2626.0000,54000,0,0.0000,0.0000,0,0,多换,B,2625.0000,0.0000,0.0000,0.0000,0.0000,2626.0000,0.0000,0.0000,0.0000,0.0000,79,0,0,0,0,107,0,0,0,0
zc,WS305,2012-06-21 09:10:08.237,2625.0000,54000,0,0.0000,4.0000,2,2,空换,S,2625.0000,0.0000,0.0000,0.0000,0.0000,2626.0000,0.0000,0.0000,0.0000,0.0000,77,0,0,0,0,107,0,0,0,0
zc,WS305,2012-06-21 09:10:14.050,2625.0000,54000,0,0.0000,0.0000,0,0,空换,S,2625.0000,0.0000,0.0000,0.0000,0.0000,2626.0000,0.0000,0.0000,0.0000,0.0000,89,0,0,0,0,107,0,0,0,0
zc,WS305,2012-06-21 09:10:17.003,2625.0000,54000,0,0.0000,40.0000,20,20,空换,S,2625.0000,0.0000,0.0000,0.0000,0.0000,2626.0000,0.0000,0.0000,0.0000,0.0000,105,0,0,0,0,111,0,0,0,0
zc,WS305,2012-06-21 09:10:17.770,2625.0000,54000,0,0.0000,0.0000,0,0,空换,S,2625.0000,0.0000,0.0000,0.0000,0.0000,2626.0000,0.0000,0.0000,0.0000,0.0000,105,0,0,0,0,176,0,0,0,0
zc,WS305,2012-06-21 09:10:17.987,2625.0000,54000,0,0.0000,0.0000,0,0,空换,S,2625.0000,0.0000,0.0000,0.0000,0.0000,2626.0000,0.0000,0.0000,0.0000,0.0000,105,0,0,0,0,170,0,0,0,0
zc,WS305,2012-06-21 09:10:18.753,2626.0000,54010,10,0.0000,10.0000,10,0,双开,B,2625.0000,0.0000,0.0000,0.0000,0.0000,2626.0000,0.0000,0.0000,0.0000,0.0000,105,0,0,0,0,165,0,0,0,0
zc,WS305,2012-06-21 09:10:19.283,2626.0000,54026,16,0.0000,18.0000,17,1,多开,B,2625.0000,0.0000,0.0000,0.0000,0.0000,2626.0000,0.0000,0.0000,0.0000,0.0000,104,0,0,0,0,156,0,0,0,0
zc,WS305,2012-06-21 09:10:19.737,2625.0000,54036,10,0.0000,10.0000,10,0,双开,S,2625.0000,0.0000,0.0000,0.0000,0.0000,2626.0000,0.0000,0.0000,0.0000,0.0000,99,0,0,0,0,156,0,0,0,0
zc,WS305,2012-06-21 09:10:20.503,2625.0000,54036,0,0.0000,2.0000,1,1,空换,S,2625.0000,0.0000,0.0000,0.0000,0.0000,2626.0000,0.0000,0.0000,0.0000,0.0000,99,0,0,0,0,155,0,0,0,0
zc,WS305,2012-06-21 09:10:21.003,2625.0000,54036,0,0.0000,2.0000,1,1,空换,S,2625.0000,0.0000,0.0000,0.0000,0.0000,2626.0000,0.0000,0.0000,0.0000,0.0000,98,0,0,0,0,138,0,0,0,0
zc,WS305,2012-06-21 09:10:21.487,2625.0000,54036,0,0.0000,2.0000,1,1,空换,S,2625.0000,0.0000,0.0000,0.0000,0.0000,2626.0000,0.0000,0.0000,0.0000,0.0000,97,0,0,0,0,127,0,0,0,0
zc,WS305,2012-06-21 09:10:22.003,2625.0000,54036,0,0.0000,0.0000,0,0,空换,S,2625.0000,0.0000,0.0000,0.0000,0.0000,2626.0000,0.0000,0.0000,0.0000,0.0000,97,0,0,0,0,132,0,0,0,0
zc,WS305,2012-06-21 09:10:22.737,2625.0000,54036,0,0.0000,2.0000,1,1,空换,S,2625.0000,0.0000,0.0000,0.0000,0.0000,2626.0000,0.0000,0.0000,0.0000,0.0000,96,0,0,0,0,100,0,0,0,0
zc,WS305,2012-06-21 09:10:23.300,2625.0000,54036,0,0.0000,110.0000,55,55,空换,S,2625.0000,0.0000,0.0000,0.0000,0.0000,2626.0000,0.0000,0.0000,0.0000,0.0000,41,0,0,0,0,94,0,0,0,0
zc,WS305,2012-06-21 09:10:26.753,2626.0000,54036,0,0.0000,26.0000,13,13,多换,B,2625.0000,0.0000,0.0000,0.0000,0.0000,2626.0000,0.0000,0.0000,0.0000,0.0000,41,0,0,0,0,81,0,0,0,0
zc,WS305,2012-06-21 09:10:28.783,2625.0000,54036,0,0.0000,2.0000,1,1,空换,S,2625.0000,0.0000,0.0000,0.0000,0.0000,2626.0000,0.0000,0.0000,0.0000,0.0000,54,0,0,0,0,81,0,0,0,0
zc,WS305,2012-06-21 09:10:31.987,2625.0000,54040,4,0.0000,4.0000,4,0,双开,S,2625.0000,0.0000,0.0000,0.0000,0.0000,2626.0000,0.0000,0.0000,0.0000,0.0000,53,0,0,0,0,95,0,0,0,0
zc,WS305,2012-06-21 09:10:35.987,2625.0000,54040,0,0.0000,2.0000,1,1,空换,S,2625.0000,0.0000,0.0000,0.0000,0.0000,2626.0000,0.0000,0.0000,0.0000,0.0000,52,0,0,0,0,95,0,0,0,0
zc,WS305,2012-06-21 09:10:37.487,2625.0000,54040,0,0.0000,0.0000,0,0,空换,S,2625.0000,0.0000,0.0000,0.0000,0.0000,2626.0000,0.0000,0.0000,0.0000,0.0000,52,0,0,0,0,96,0,0,0,0
zc,WS305,2012-06-21 09:10:38.270,2625.0000,54040,0,0.0000,0.0000,0,0,空换,S,2625.0000,0.0000,0.0000,0.0000,0.0000,2626.0000,0.0000,0.0000,0.0000,0.0000,52,0,0,0,0,95,0,0,0,0
zc,WS305,2012-06-21 09:10:38.973,2625.0000,54064,24,0.0000,84.0000,54,30,空开,S,2625.0000,0.0000,0.0000,0.0000,0.0000,2626.0000,0.0000,0.0000,0.0000,0.0000,10,0,0,0,0,95,0,0,0,0
zc,WS305,2012-06-21 09:10:39.270,2624.0000,54084,20,0.0000,22.0000,21,1,空开,S,2625.0000,0.0000,0.0000,0.0000,0.0000,2626.0000,0.0000,0.0000,0.0000,0.0000,6,0,0,0,0,100,0,0,0,0
zc,WS305,2012-06-21 09:10:44.283,2624.0000,54084,0,0.0000,0.0000,0,0,空换,S,2625.0000,0.0000,0.0000,0.0000,0.0000,2626.0000,0.0000,0.0000,0.0000,0.0000,6,0,0,0,0,101,0,0,0,0
zc,WS305,2012-06-21 09:10:46.473,2624.0000,54084,0,0.0000,0.0000,0,0,空换,S,2625.0000,0.0000,0.0000,0.0000,0.0000,2626.0000,0.0000,0.0000,0.0000,0.0000,14,0,0,0,0,101,0,0,0,0
zc,WS305,2012-06-21 09:10:51.003,2625.0000,54084,0,0.0000,4.0000,2,2,多换,B,2625.0000,0.0000,0.0000,0.0000,0.0000,2626.0000,0.0000,0.0000,0.0000,0.0000,14,0,0,0,0,101,0,0,0,0
zc,WS305,2012-06-21 09:10:51.520,2625.0000,54104,20,0.0000,24.0000,22,2,多开,B,2625.0000,0.0000,0.0000,0.0000,0.0000,2626.0000,0.0000,0.0000,0.0000,0.0000,2,0,0,0,0,101,0,0,0,0
zc,WS305,2012-06-21 09:10:52.770,2625.0000,54104,0,0.0000,0.0000,0,0,多换,B,2625.0000,0.0000,0.0000,0.0000,0.0000,2626.0000,0.0000,0.0000,0.0000,0.0000,3,0,0,0,0,101,0,0,0,0
