市场代码,合约代码,时间,最新,持仓,增仓,成交额,成交量,开仓,平仓,成交类型,方向,买一价,买二价,买三价,买四价,买五价,卖一价,卖二价,卖三价,卖四价,卖五价,买一量,买二量,买三量,买四量,买五量,卖一量,卖二量,卖三量,卖四量,卖五量
zc,WS301,2012-06-21 07:54:03.973,0.0000,422206,0,0.0000,0.0000,0,0,空换,S,0.0000,0.0000,0.0000,0.0000,0.0000,0.0000,0.0000,0.0000,0.0000,0.0000,0,0,0,0,0,0,0,0,0,0
zc,WS301,2012-06-21 07:55:03.973,0.0000,422206,0,0.0000,0.0000,0,0,空换,S,0.0000,0.0000,0.0000,0.0000,0.0000,0.0000,0.0000,0.0000,0.0000,0.0000,0,0,0,0,0,0,0,0,0,0
zc,WS301,2012-06-21 07:56:03.973,0.0000,422206,0,0.0000,0.0000,0,0,空换,S,0.0000,0.0000,0.0000,0.0000,0.0000,0.0000,0.0000,0.0000,0.0000,0.0000,0,0,0,0,0,0,0,0,0,0
zc,WS301,2012-06-21 07:57:03.973,0.0000,422206,0,0.0000,0.0000,0,0,空换,S,0.0000,0.0000,0.0000,0.0000,0.0000,0.0000,0.0000,0.0000,0.0000,0.0000,0,0,0,0,0,0,0,0,0,0
zc,WS301,2012-06-21 07:58:03.973,0.0000,422206,0,0.0000,0.0000,0,0,空换,S,0.0000,0.0000,0.0000,0.0000,0.0000,0.0000,0.0000,0.0000,0.0000,0.0000,0,0,0,0,0,0,0,0,0,0
zc,WS301,2012-06-21 08:05:05.987,0.0000,422206,0,0.0000,0.0000,0,0,空换,S,0.0000,0.0000,0.0000,0.0000,0.0000,0.0000,0.0000,0.0000,0.0000,0.0000,0,0,0,0,0,0,0,0,0,0
zc,WS301,2012-06-21 08:08:05.973,0.0000,422206,0,0.0000,0.0000,0,0,空换,S,0.0000,0.0000,0.0000,0.0000,0.0000,0.0000,0.0000,0.0000,0.0000,0.0000,0,0,0,0,0,0,0,0,0,0
zc,WS301,2012-06-21 08:09:05.973,0.0000,422206,0,0.0000,0.0000,0,0,空换,S,0.0000,0.0000,0.0000,0.0000,0.0000,0.0000,0.0000,0.0000,0.0000,0.0000,0,0,0,0,0,0,0,0,0,0
zc,WS301,2012-06-21 08:13:05.973,0.0000,422206,0,0.0000,0.0000,0,0,空换,S,0.0000,0.0000,0.0000,0.0000,0.0000,0.0000,0.0000,0.0000,0.0000,0.0000,0,0,0,0,0,0,0,0,0,0
zc,WS301,2012-06-21 08:15:05.973,0.0000,422206,0,0.0000,0.0000,0,0,空换,S,0.0000,0.0000,0.0000,0.0000,0.0000,0.0000,0.0000,0.0000,0.0000,0.0000,0,0,0,0,0,0,0,0,0,0
zc,WS301,2012-06-21 08:21:05.973,0.0000,422206,0,0.0000,0.0000,0,0,空换,S,0.0000,0.0000,0.0000,0.0000,0.0000,0.0000,0.0000,0.0000,0.0000,0.0000,0,0,0,0,0,0,0,0,0,0
zc,WS301,2012-06-21 08:36:05.973,0.0000,422206,0,0.0000,0.0000,0,0,空换,S,0.0000,0.0000,0.0000,0.0000,0.0000,0.0000,0.0000,0.0000,0.0000,0.0000,0,0,0,0,0,0,0,0,0,0
zc,WS301,2012-06-21 08:37:05.973,0.0000,422206,0,0.0000,0.0000,0,0,空换,S,0.0000,0.0000,0.0000,0.0000,0.0000,0.0000,0.0000,0.0000,0.0000,0.0000,0,0,0,0,0,0,0,0,0,0
zc,WS301,2012-06-21 08:38:05.973,0.0000,422206,0,0.0000,0.0000,0,0,空换,S,0.0000,0.0000,0.0000,0.0000,0.0000,0.0000,0.0000,0.0000,0.0000,0.0000,0,0,0,0,0,0,0,0,0,0
zc,WS301,2012-06-21 08:40:05.957,0.0000,422206,0,0.0000,0.0000,0,0,空换,S,0.0000,0.0000,0.0000,0.0000,0.0000,0.0000,0.0000,0.0000,0.0000,0.0000,0,0,0,0,0,0,0,0,0,0
zc,WS301,2012-06-21 08:51:05.973,0.0000,422206,0,0.0000,0.0000,0,0,空换,S,0.0000,0.0000,0.0000,0.0000,0.0000,0.0000,0.0000,0.0000,0.0000,0.0000,0,0,0,0,0,0,0,0,0,0
zc,WS301,2012-06-21 08:55:00.487,0.0000,422206,0,0.0000,0.0000,0,0,空换,S,0.0000,0.0000,0.0000,0.0000,0.0000,0.0000,0.0000,0.0000,0.0000,0.0000,0,0,0,0,0,0,0,0,0,0
zc,WS301,2012-06-21 08:55:01.253,0.0000,422206,0,0.0000,0.0000,0,0,空换,S,0.0000,0.0000,0.0000,0.0000,0.0000,0.0000,0.0000,0.0000,0.0000,0.0000,0,0,0,0,0,0,0,0,0,0
zc,WS301,2012-06-21 08:55:01.723,0.0000,422206,0,0.0000,0.0000,0,0,空换,S,0.0000,0.0000,0.0000,0.0000,0.0000,0.0000,0.0000,0.0000,0.0000,0.0000,0,0,0,0,0,0,0,0,0,0
zc,WS301,2012-06-21 08:56:05.957,0.0000,422206,0,0.0000,0.0000,0,0,空换,S,0.0000,0.0000,0.0000,0.0000,0.0000,0.0000,0.0000,0.0000,0.0000,0.0000,0,0,0,0,0,0,0,0,0,0
zc,WS301,2012-06-21 08:56:34.440,0.0000,422206,0,0.0000,0.0000,0,0,空换,S,0.0000,0.0000,0.0000,0.0000,0.0000,0.0000,0.0000,0.0000,0.0000,0.0000,0,0,0,0,0,0,0,0,0,0
zc,WS301,2012-06-21 08:58:09.440,0.0000,422206,0,0.0000,0.0000,0,0,空换,S,0.0000,0.0000,0.0000,0.0000,0.0000,0.0000,0.0000,0.0000,0.0000,0.0000,0,0,0,0,0,0,0,0,0,0
zc,WS301,2012-06-21 08:58:45.940,0.0000,422206,0,0.0000,0.0000,0,0,空换,S,0.0000,0.0000,0.0000,0.0000,0.0000,0.0000,0.0000,0.0000,0.0000,0.0000,0,0,0,0,0,0,0,0,0,0
zc,WS301,2012-06-21 08:58:50.190,0.0000,422206,0,0.0000,0.0000,0,0,空换,S,0.0000,0.0000,0.0000,0.0000,0.0000,0.0000,0.0000,0.0000,0.0000,0.0000,0,0,0,0,0,0,0,0,0,0
zc,WS301,2012-06-21 08:58:52.940,0.0000,422206,0,0.0000,0.0000,0,0,空换,S,0.0000,0.0000,0.0000,0.0000,0.0000,0.0000,0.0000,0.0000,0.0000,0.0000,0,0,0,0,0,0,0,0,0,0
zc,WS301,2012-06-21 09:00:00.377,2518.0000,422376,170,0.0000,838.0000,504,334,多开,B,2518.0000,0.0000,0.0000,0.0000,0.0000,2519.0000,0.0000,0.0000,0.0000,0.0000,157,0,0,0,0,110,0,0,0,0
zc,WS301,2012-06-21 09:00:01.127,2519.0000,422360,-16,0.0000,92.0000,38,54,空平,B,2518.0000,0.0000,0.0000,0.0000,0.0000,2519.0000,0.0000,0.0000,0.0000,0.0000,155,0,0,0,0,107,0,0,0,0
zc,WS301,2012-06-21 09:00:02.207,2518.0000,422202,-158,0.0000,420.0000,131,289,多平,S,2518.0000,0.0000,0.0000,0.0000,0.0000,2519.0000,0.0000,0.0000,0.0000,0.0000,107,0,0,0,0,3,0,0,0,0
zc,WS301,2012-06-21 09:00:04.177,2519.0000,422128,-74,0.0000,104.0000,15,89,空平,B,2519.0000,0.0000,0.0000,0.0000,0.0000,2520.0000,0.0000,0.0000,0.0000,0.0000,10,0,0,0,0,29,0,0,0,0
zc,WS301,2012-06-21 09:00:05.377,2518.0000,422136,8,0.0000,28.0000,18,10,空开,S,2518.0000,0.0000,0.0000,0.0000,0.0000,2519.0000,0.0000,0.0000,0.0000,0.0000,89,0,0,0,0,40,0,0,0,0
zc,WS301,2012-06-21 09:00:06.190,2519.0000,422134,-2,0.0000,4.0000,1,3,空平,B,2518.0000,0.0000,0.0000,0.0000,0.0000,2519.0000,0.0000,0.0000,0.0000,0.0000,90,0,0,0,0,39,0,0,0,0
zc,WS301,2012-06-21 09:00:06.927,2518.0000,422108,-26,0.0000,28.0000,1,27,多平,S,2518.0000,0.0000,0.0000,0.0000,0.0000,2519.0000,0.0000,0.0000,0.0000,0.0000,82,0,0,0,0,118,0,0,0,0
zc,WS301,2012-06-21 09:00:07.677,2518.0000,421936,-172,0.0000,190.0000,9,181,多平,S,2517.0000,0.0000,0.0000,0.0000,0.0000,2518.0000,0.0000,0.0000,0.0000,0.0000,31,0,0,0,0,16,0,0,0,0
zc,WS301,2012-06-21 09:00:08.097,2517.0000,421934,-2,0.0000,12.0000,5,7,多平,S,2517.0000,0.0000,0.0000,0.0000,0.0000,2518.0000,0.0000,0.0000,0.0000,0.0000,29,0,0,0,0,122,0,0,0,0
zc,WS301,2012-06-21 09:00:08.877,2516.0000,421962,28,0.0000,84.0000,56,28,空开,S,2516.0000,0.0000,0.0000,0.0000,0.0000,2517.0000,0.0000,0.0000,0.0000,0.0000,43,0,0,0,0,20,0,0,0,0
zc,WS301,2012-06-21 09:00:09.347,2517.0000,421962,0,0.0000,6.0000,3,3,多换,B,2516.0000,0.0000,0.0000,0.0000,0.0000,2517.0000,0.0000,0.0000,0.0000,0.0000,41,0,0,0,0,104,0,0,0,0
zc,WS301,2012-06-21 09:00:09.893,2516.0000,421964,2,0.0000,10.0000,6,4,空开,S,2516.0000,0.0000,0.0000,0.0000,0.0000,2517.0000,0.0000,0.0000,0.0000,0.0000,37,0,0,0,0,121,0,0,0,0
zc,WS301,2012-06-21 09:00:10.627,2517.0000,421990,26,0.0000,138.0000,82,56,多开,B,2515.0000,0.0000,0.0000,0.0000,0.0000,2517.0000,0.0000,0.0000,0.0000,0.0000,52,0,0,0,0,87,0,0,0,0
zc,WS301,2012-06-21 09:00:11.143,2517.0000,421984,-6,0.0000,6.0000,0,6,双平,B,2516.0000,0.0000,0.0000,0.0000,0.0000,2517.0000,0.0000,0.0000,0.0000,0.0000,4,0,0,0,0,84,0,0,0,0
zc,WS301,2012-06-21 09:00:11.643,2516.0000,421978,-6,0.0000,6.0000,0,6,双平,S,2516.0000,0.0000,0.0000,0.0000,0.0000,2517.0000,0.0000,0.0000,0.0000,0.0000,1,0,0,0,0,83,0,0,0,0
zc,WS301,2012-06-21 09:00:12.410,2516.0000,421964,-14,0.0000,66.0000,26,40,多平,S,2515.0000,0.0000,0.0000,0.0000,0.0000,2516.0000,0.0000,0.0000,0.0000,0.0000,54,0,0,0,0,2,0,0,0,0
zc,WS301,2012-06-21 09:00:13.097,2515.0000,421966,2,0.0000,26.0000,14,12,空开,S,2515.0000,0.0000,0.0000,0.0000,0.0000,2516.0000,0.0000,0.0000,0.0000,0.0000,52,0,0,0,0,13,0,0,0,0
zc,WS301,2012-06-21 09:00:13.597,2515.0000,421968,2,0.0000,10.0000,6,4,空开,S,2515.0000,0.0000,0.0000,0.0000,0.0000,2516.0000,0.0000,0.0000,0.0000,0.0000,49,0,0,0,0,68,0,0,0,0
zc,WS301,2012-06-21 09:00:14.113,2515.0000,421978,10,0.0000,46.0000,28,18,空开,S,2515.0000,0.0000,0.0000,0.0000,0.0000,2516.0000,0.0000,0.0000,0.0000,0.0000,27,0,0,0,0,67,0,0,0,0
zc,WS301,2012-06-21 09:00:14.847,2515.0000,421980,2,0.0000,22.0000,12,10,空开,S,2515.0000,0.0000,0.0000,0.0000,0.0000,2516.0000,0.0000,0.0000,0.0000,0.0000,17,0,0,0,0,67,0,0,0,0
zc,WS301,2012-06-21 09:00:15.330,2515.0000,421990,10,0.0000,22.0000,16,6,空开,S,2515.0000,0.0000,0.0000,0.0000,0.0000,2516.0000,0.0000,0.0000,0.0000,0.0000,6,0,0,0,0,67,0,0,0,0
zc,WS301,2012-06-21 09:00:15.893,2516.0000,421988,-2,0.0000,14.0000,6,8,空平,B,2515.0000,0.0000,0.0000,0.0000,0.0000,2516.0000,0.0000,0.0000,0.0000,0.0000,6,0,0,0,0,63,0,0,0,0
zc,WS301,2012-06-21 09:00:16.643,2515.0000,421978,-10,0.0000,24.0000,7,17,多平,S,2515.0000,0.0000,0.0000,0.0000,0.0000,2516.0000,0.0000,0.0000,0.0000,0.0000,2,0,0,0,0,64,0,0,0,0
zc,WS301,2012-06-21 09:00:16.877,2515.0000,421972,-6,0.0000,6.0000,0,6,双平,S,2514.0000,0.0000,0.0000,0.0000,0.0000,2515.0000,0.0000,0.0000,0.0000,0.0000,18,0,0,0,0,4,0,0,0,0
zc,WS301,2012-06-21 09:00:17.910,2515.0000,421962,-10,0.0000,30.0000,10,20,多平,S,2514.0000,0.0000,0.0000,0.0000,0.0000,2515.0000,0.0000,0.0000,0.0000,0.0000,16,0,0,0,0,40,0,0,0,0
zc,WS301,2012-06-21 09:00:18.330,2514.0000,421958,-4,0.0000,10.0000,3,7,多平,S,2514.0000,0.0000,0.0000,0.0000,0.0000,2515.0000,0.0000,0.0000,0.0000,0.0000,14,0,0,0,0,49,0,0,0,0
zc,WS301,2012-06-21 09:00:18.893,2514.0000,421952,-6,0.0000,14.0000,4,10,多平,S,2514.0000,0.0000,0.0000,0.0000,0.0000,2515.0000,0.0000,0.0000,0.0000,0.0000,7,0,0,0,0,50,0,0,0,0
zc,WS301,2012-06-21 09:00:19.597,2514.0000,421946,-6,0.0000,34.0000,14,20,多平,S,2514.0000,0.0000,0.0000,0.0000,0.0000,2515.0000,0.0000,0.0000,0.0000,0.0000,41,0,0,0,0,53,0,0,0,0
zc,WS301,2012-06-21 09:00:20.393,2514.0000,421942,-4,0.0000,10.0000,3,7,多平,S,2514.0000,0.0000,0.0000,0.0000,0.0000,2515.0000,0.0000,0.0000,0.0000,0.0000,37,0,0,0,0,52,0,0,0,0
zc,WS301,2012-06-21 09:00:20.893,2514.0000,421890,-52,0.0000,76.0000,12,64,多平,S,2514.0000,0.0000,0.0000,0.0000,0.0000,2515.0000,0.0000,0.0000,0.0000,0.0000,3,0,0,0,0,50,0,0,0,0
zc,WS301,2012-06-21 09:00:21.863,2514.0000,421878,-12,0.0000,16.0000,2,14,多平,S,2513.0000,0.0000,0.0000,0.0000,0.0000,2514.0000,0.0000,0.0000,0.0000,0.0000,183,0,0,0,0,12,0,0,0,0
zc,WS301,2012-06-21 09:00:22.347,2514.0000,421878,0,0.0000,4.0000,2,2,空换,S,2513.0000,0.0000,0.0000,0.0000,0.0000,2514.0000,0.0000,0.0000,0.0000,0.0000,180,0,0,0,0,25,0,0,0,0
zc,WS301,2012-06-21 09:00:22.910,2514.0000,421864,-14,0.0000,22.0000,4,18,多平,S,2513.0000,0.0000,0.0000,0.0000,0.0000,2514.0000,0.0000,0.0000,0.0000,0.0000,174,0,0,0,0,25,0,0,0,0
zc,WS301,2012-06-21 09:00:23.643,2514.0000,421822,-42,0.0000,52.0000,5,47,多平,S,2514.0000,0.0000,0.0000,0.0000,0.0000,2515.0000,0.0000,0.0000,0.0000,0.0000,2,0,0,0,0,42,0,0,0,0
zc,WS301,2012-06-21 09:00:24.080,2513.0000,421816,-6,0.0000,12.0000,3,9,多平,S,2514.0000,0.0000,0.0000,0.0000,0.0000,2515.0000,0.0000,0.0000,0.0000,0.0000,22,0,0,0,0,41,0,0,0,0
zc,WS301,2012-06-21 09:00:24.847,2515.0000,421814,-2,0.0000,10.0000,4,6,空平,B,2514.0000,0.0000,0.0000,0.0000,0.0000,2515.0000,0.0000,0.0000,0.0000,0.0000,40,0,0,0,0,39,0,0,0,0
zc,WS301,2012-06-21 09:00:25.330,2514.0000,421756,-58,0.0000,92.0000,17,75,多平,S,2514.0000,0.0000,0.0000,0.0000,0.0000,2515.0000,0.0000,0.0000,0.0000,0.0000,14,0,0,0,0,25,0,0,0,0
zc,WS301,2012-06-21 09:00:26.080,2514.0000,421750,-6,0.0000,20.0000,7,13,多平,S,2514.0000,0.0000,0.0000,0.0000,0.0000,2515.0000,0.0000,0.0000,0.0000,0.0000,7,0,0,0,0,23,0,0,0,0
zc,WS301,2012-06-21 09:00:26.627,2514.0000,421750,0,0.0000,0.0000,0,0,空换,S,2514.0000,0.0000,0.0000,0.0000,0.0000,2515.0000,0.0000,0.0000,0.0000,0.0000,3,0,0,0,0,34,0,0,0,0
zc,WS301,2012-06-21 09:00:27.363,2514.0000,421742,-8,0.0000,42.0000,17,25,多平,S,2513.0000,0.0000,0.0000,0.0000,0.0000,2514.0000,0.0000,0.0000,0.0000,0.0000,185,0,0,0,0,1,0,0,0,0
zc,WS301,2012-06-21 09:00:27.893,2514.0000,421746,4,0.0000,6.0000,5,1,空开,S,2513.0000,0.0000,0.0000,0.0000,0.0000,2514.0000,0.0000,0.0000,0.0000,0.0000,180,0,0,0,0,51,0,0,0,0
zc,WS301,2012-06-21 09:00:28.783,2513.0000,421732,-14,0.0000,14.0000,0,14,双平,S,2513.0000,0.0000,0.0000,0.0000,0.0000,2514.0000,0.0000,0.0000,0.0000,0.0000,185,0,0,0,0,59,0,0,0,0
zc,WS301,2012-06-21 09:00:29.317,2513.0000,421732,0,0.0000,18.0000,9,9,空换,S,2513.0000,0.0000,0.0000,0.0000,0.0000,2514.0000,0.0000,0.0000,0.0000,0.0000,212,0,0,0,0,54,0,0,0,0
zc,WS301,2012-06-21 09:00:29.877,2514.0000,421762,30,0.0000,30.0000,30,0,双开,B,2513.0000,0.0000,0.0000,0.0000,0.0000,2514.0000,0.0000,0.0000,0.0000,0.0000,212,0,0,0,0,40,0,0,0,0
zc,WS301,2012-06-21 09:00:30.627,2514.0000,421736,-26,0.0000,70.0000,22,48,空平,B,2513.0000,0.0000,0.0000,0.0000,0.0000,2514.0000,0.0000,0.0000,0.0000,0.0000,210,0,0,0,0,28,0,0,0,0
zc,WS301,2012-06-21 09:00:31.410,2514.0000,421732,-4,0.0000,26.0000,11,15,空平,B,2513.0000,0.0000,0.0000,0.0000,0.0000,2514.0000,0.0000,0.0000,0.0000,0.0000,208,0,0,0,0,21,0,0,0,0
zc,WS301,2012-06-21 09:00:31.893,2513.0000,421730,-2,0.0000,2.0000,0,2,双平,S,2513.0000,0.0000,0.0000,0.0000,0.0000,2514.0000,0.0000,0.0000,0.0000,0.0000,210,0,0,0,0,21,0,0,0,0
zc,WS301,2012-06-21 09:00:32.613,2513.0000,421666,-64,0.0000,98.0000,17,81,多平,S,2513.0000,0.0000,0.0000,0.0000,0.0000,2514.0000,0.0000,0.0000,0.0000,0.0000,168,0,0,0,0,21,0,0,0,0
zc,WS301,2012-06-21 09:00:33.080,2514.0000,421638,-28,0.0000,42.0000,7,35,空平,B,2514.0000,0.0000,0.0000,0.0000,0.0000,2515.0000,0.0000,0.0000,0.0000,0.0000,90,0,0,0,0,34,0,0,0,0
zc,WS301,2012-06-21 09:00:33.830,2514.0000,421632,-6,0.0000,10.0000,2,8,空平,B,2514.0000,0.0000,0.0000,0.0000,0.0000,2515.0000,0.0000,0.0000,0.0000,0.0000,85,0,0,0,0,36,0,0,0,0
zc,WS301,2012-06-21 09:00:34.393,2514.0000,421630,-2,0.0000,4.0000,1,3,空平,B,2514.0000,0.0000,0.0000,0.0000,0.0000,2515.0000,0.0000,0.0000,0.0000,0.0000,86,0,0,0,0,35,0,0,0,0
zc,WS301,2012-06-21 09:00:35.127,2514.0000,421630,0,0.0000,0.0000,0,0,多换,B,2514.0000,0.0000,0.0000,0.0000,0.0000,2515.0000,0.0000,0.0000,0.0000,0.0000,108,0,0,0,0,33,0,0,0,0
zc,WS301,2012-06-21 09:00:36.143,2514.0000,421620,-10,0.0000,50.0000,20,30,空平,B,2514.0000,0.0000,0.0000,0.0000,0.0000,2515.0000,0.0000,0.0000,0.0000,0.0000,117,0,0,0,0,19,0,0,0,0
zc,WS301,2012-06-21 09:00:36.567,2515.0000,421624,4,0.0000,8.0000,6,2,多开,B,2514.0000,0.0000,0.0000,0.0000,0.0000,2515.0000,0.0000,0.0000,0.0000,0.0000,118,0,0,0,0,16,0,0,0,0
zc,WS301,2012-06-21 09:00:37.270,2514.0000,421614,-10,0.0000,20.0000,5,15,多平,S,2514.0000,0.0000,0.0000,0.0000,0.0000,2515.0000,0.0000,0.0000,0.0000,0.0000,108,0,0,0,0,16,0,0,0,0
zc,WS301,2012-06-21 09:00:37.847,2515.0000,421612,-2,0.0000,2.0000,0,2,双平,B,2514.0000,0.0000,0.0000,0.0000,0.0000,2515.0000,0.0000,0.0000,0.0000,0.0000,113,0,0,0,0,17,0,0,0,0
zc,WS301,2012-06-21 09:00:38.597,2514.0000,421612,0,0.0000,2.0000,1,1,空换,S,2514.0000,0.0000,0.0000,0.0000,0.0000,2515.0000,0.0000,0.0000,0.0000,0.0000,112,0,0,0,0,20,0,0,0,0
zc,WS301,2012-06-21 09:00:39.330,2515.0000,421610,-2,0.0000,12.0000,5,7,空平,B,2514.0000,0.0000,0.0000,0.0000,0.0000,2515.0000,0.0000,0.0000,0.0000,0.0000,111,0,0,0,0,16,0,0,0,0
zc,WS301,2012-06-21 09:00:39.877,2514.0000,421608,-2,0.0000,4.0000,1,3,多平,S,2514.0000,0.0000,0.0000,0.0000,0.0000,2515.0000,0.0000,0.0000,0.0000,0.0000,111,0,0,0,0,13,0,0,0,0
zc,WS301,2012-06-21 09:00:40.627,2514.0000,421608,0,0.0000,0.0000,0,0,空换,S,2514.0000,0.0000,0.0000,0.0000,0.0000,2515.0000,0.0000,0.0000,0.0000,0.0000,111,0,0,0,0,14,0,0,0,0
zc,WS301,2012-06-21 09:00:40.847,2515.0000,421608,0,0.0000,2.0000,1,1,多换,B,2514.0000,0.0000,0.0000,0.0000,0.0000,2515.0000,0.0000,0.0000,0.0000,0.0000,113,0,0,0,0,13,0,0,0,0
zc,WS301,2012-06-21 09:00:41.580,2515.0000,421606,-2,0.0000,32.0000,15,17,空平,B,2515.0000,0.0000,0.0000,0.0000,0.0000,2516.0000,0.0000,0.0000,0.0000,0.0000,2,0,0,0,0,52,0,0,0,0
zc,WS301,2012-06-21 09:00:42.097,2515.0000,421606,0,0.0000,0.0000,0,0,多换,B,2515.0000,0.0000,0.0000,0.0000,0.0000,2516.0000,0.0000,0.0000,0.0000,0.0000,8,0,0,0,0,48,0,0,0,0
zc,WS301,2012-06-21 09:00:42.877,2515.0000,421612,6,0.0000,10.0000,8,2,多开,B,2515.0000,0.0000,0.0000,0.0000,0.0000,2516.0000,0.0000,0.0000,0.0000,0.0000,3,0,0,0,0,48,0,0,0,0
zc,WS301,2012-06-21 09:00:43.377,2515.0000,421426,-186,0.0000,330.0000,72,258,空平,B,2514.0000,0.0000,0.0000,0.0000,0.0000,2515.0000,0.0000,0.0000,0.0000,0.0000,152,0,0,0,0,3,0,0,0,0
zc,WS301,2012-06-21 09:00:44.127,2515.0000,421424,-2,0.0000,6.0000,2,4,空平,B,2514.0000,0.0000,0.0000,0.0000,0.0000,2515.0000,0.0000,0.0000,0.0000,0.0000,151,0,0,0,0,1,0,0,0,0
zc,WS301,2012-06-21 09:00:44.580,2515.0000,421412,-12,0.0000,16.0000,2,14,空平,B,2514.0000,0.0000,0.0000,0.0000,0.0000,2515.0000,0.0000,0.0000,0.0000,0.0000,147,0,0,0,0,72,0,0,0,0
zc,WS301,2012-06-21 09:00:45.317,2515.0000,421412,0,0.0000,2.0000,1,1,多换,B,2514.0000,0.0000,0.0000,0.0000,0.0000,2515.0000,0.0000,0.0000,0.0000,0.0000,147,0,0,0,0,71,0,0,0,0
zc,WS301,2012-06-21 09:00:45.847,2515.0000,421410,-2,0.0000,2.0000,0,2,双平,B,2514.0000,0.0000,0.0000,0.0000,0.0000,2515.0000,0.0000,0.0000,0.0000,0.0000,147,0,0,0,0,70,0,0,0,0
zc,WS301,2012-06-21 09:00:46.627,2515.0000,421376,-34,0.0000,96.0000,31,65,空平,B,2514.0000,0.0000,0.0000,0.0000,0.0000,2515.0000,0.0000,0.0000,0.0000,0.0000,145,0,0,0,0,24,0,0,0,0
zc,WS301,2012-06-21 09:00:47.113,2515.0000,421376,0,0.0000,2.0000,1,1,多换,B,2514.0000,0.0000,0.0000,0.0000,0.0000,2515.0000,0.0000,0.0000,0.0000,0.0000,166,0,0,0,0,23,0,0,0,0
zc,WS301,2012-06-21 09:00:48.113,2515.0000,421344,-32,0.0000,40.0000,4,36,空平,B,2514.0000,0.0000,0.0000,0.0000,0.0000,2515.0000,0.0000,0.0000,0.0000,0.0000,150,0,0,0,0,19,0,0,0,0
zc,WS301,2012-06-21 09:00:48.283,2514.0000,421336,-8,0.0000,12.0000,2,10,多平,S,2514.0000,0.0000,0.0000,0.0000,0.0000,2515.0000,0.0000,0.0000,0.0000,0.0000,147,0,0,0,0,18,0,0,0,0
zc,WS301,2012-06-21 09:00:49.347,2516.0000,421522,186,0.0000,224.0000,205,19,多开,B,2514.0000,0.0000,0.0000,0.0000,0.0000,2516.0000,0.0000,0.0000,0.0000,0.0000,148,0,0,0,0,28,0,0,0,0
zc,WS301,2012-06-21 09:00:49.877,2515.0000,421522,0,0.0000,4.0000,2,2,空换,S,2515.0000,0.0000,0.0000,0.0000,0.0000,2516.0000,0.0000,0.0000,0.0000,0.0000,6,0,0,0,0,22,0,0,0,0
zc,WS301,2012-06-21 09:00:50.300,2515.0000,421522,0,0.0000,0.0000,0,0,空换,S,2515.0000,0.0000,0.0000,0.0000,0.0000,2516.0000,0.0000,0.0000,0.0000,0.0000,7,0,0,0,0,23,0,0,0,0
zc,WS301,2012-06-21 09:00:51.097,2515.0000,421512,-10,0.0000,26.0000,8,18,多平,S,2515.0000,0.0000,0.0000,0.0000,0.0000,2516.0000,0.0000,0.0000,0.0000,0.0000,1,0,0,0,0,29,0,0,0,0
zc,WS301,2012-06-21 09:00:51.580,2515.0000,421506,-6,0.0000,8.0000,1,7,多平,S,2515.0000,0.0000,0.0000,0.0000,0.0000,2516.0000,0.0000,0.0000,0.0000,0.0000,95,0,0,0,0,29,0,0,0,0
zc,WS301,2012-06-21 09:00:52.317,2515.0000,421504,-2,0.0000,4.0000,1,3,多平,S,2515.0000,0.0000,0.0000,0.0000,0.0000,2516.0000,0.0000,0.0000,0.0000,0.0000,98,0,0,0,0,35,0,0,0,0
zc,WS301,2012-06-21 09:00:52.817,2515.0000,421492,-12,0.0000,12.0000,0,12,双平,S,2515.0000,0.0000,0.0000,0.0000,0.0000,2516.0000,0.0000,0.0000,0.0000,0.0000,93,0,0,0,0,37,0,0,0,0
zc,WS301,2012-06-21 09:00:53.597,2515.0000,421484,-8,0.0000,8.0000,0,8,双平,S,2515.0000,0.0000,0.0000,0.0000,0.0000,2516.0000,0.0000,0.0000,0.0000,0.0000,92,0,0,0,0,36,0,0,0,0
zc,WS301,2012-06-21 09:00:54.097,2516.0000,421482,-2,0.0000,4.0000,1,3,空平,B,2515.0000,0.0000,0.0000,0.0000,0.0000,2516.0000,0.0000,0.0000,0.0000,0.0000,91,0,0,0,0,35,0,0,0,0
zc,WS301,2012-06-21 09:00:55.113,2515.0000,421400,-82,0.0000,84.0000,1,83,多平,S,2515.0000,0.0000,0.0000,0.0000,0.0000,2517.0000,0.0000,0.0000,0.0000,0.0000,86,0,0,0,0,96,0,0,0,0
zc,WS301,2012-06-21 09:00:55.660,2517.0000,421398,-2,0.0000,22.0000,10,12,空平,B,2515.0000,0.0000,0.0000,0.0000,0.0000,2516.0000,0.0000,0.0000,0.0000,0.0000,89,0,0,0,0,1,0,0,0,0
zc,WS301,2012-06-21 09:00:56.330,2515.0000,421396,-2,0.0000,4.0000,1,3,多平,S,2515.0000,0.0000,0.0000,0.0000,0.0000,2517.0000,0.0000,0.0000,0.0000,0.0000,92,0,0,0,0,92,0,0,0,0
zc,WS301,2012-06-21 09:00:56.817,2515.0000,421396,0,0.0000,0.0000,0,0,空换,S,2515.0000,0.0000,0.0000,0.0000,0.0000,2516.0000,0.0000,0.0000,0.0000,0.0000,102,0,0,0,0,1,0,0,0,0
zc,WS301,2012-06-21 09:00:57.627,2516.0000,421396,0,0.0000,2.0000,1,1,多换,B,2516.0000,0.0000,0.0000,0.0000,0.0000,2517.0000,0.0000,0.0000,0.0000,0.0000,4,0,0,0,0,222,0,0,0,0
zc,WS301,2012-06-21 09:00:58.080,2516.0000,421396,0,0.0000,0.0000,0,0,多换,B,2516.0000,0.0000,0.0000,0.0000,0.0000,2517.0000,0.0000,0.0000,0.0000,0.0000,5,0,0,0,0,222,0,0,0,0
zc,WS301,2012-06-21 09:00:58.847,2516.0000,421396,0,0.0000,0.0000,0,0,多换,B,2516.0000,0.0000,0.0000,0.0000,0.0000,2517.0000,0.0000,0.0000,0.0000,0.0000,6,0,0,0,0,222,0,0,0,0
zc,WS301,2012-06-21 09:01:00.080,2516.0000,421404,8,0.0000,16.0000,12,4,多开,B,2516.0000,0.0000,0.0000,0.0000,0.0000,2517.0000,0.0000,0.0000,0.0000,0.0000,2,0,0,0,0,221,0,0,0,0
zc,WS301,2012-06-21 09:01:00.270,2516.0000,421406,2,0.0000,4.0000,3,1,多开,B,2515.0000,0.0000,0.0000,0.0000,0.0000,2516.0000,0.0000,0.0000,0.0000,0.0000,104,0,0,0,0,16,0,0,0,0
zc,WS301,2012-06-21 09:01:01.283,2516.0000,421406,0,0.0000,2.0000,1,1,多换,B,2515.0000,0.0000,0.0000,0.0000,0.0000,2516.0000,0.0000,0.0000,0.0000,0.0000,104,0,0,0,0,16,0,0,0,0
zc,WS301,2012-06-21 09:01:01.830,2516.0000,421386,-20,0.0000,22.0000,1,21,空平,B,2515.0000,0.0000,0.0000,0.0000,0.0000,2516.0000,0.0000,0.0000,0.0000,0.0000,123,0,0,0,0,26,0,0,0,0
zc,WS301,2012-06-21 09:01:02.597,2516.0000,421320,-66,0.0000,144.0000,39,105,空平,B,2515.0000,0.0000,0.0000,0.0000,0.0000,2516.0000,0.0000,0.0000,0.0000,0.0000,90,0,0,0,0,8,0,0,0,0
zc,WS301,2012-06-21 09:01:03.097,2515.0000,421320,0,0.0000,6.0000,3,3,空换,S,2515.0000,0.0000,0.0000,0.0000,0.0000,2516.0000,0.0000,0.0000,0.0000,0.0000,87,0,0,0,0,12,0,0,0,0
zc,WS301,2012-06-21 09:01:03.863,2515.0000,421310,-10,0.0000,14.0000,2,12,多平,S,2515.0000,0.0000,0.0000,0.0000,0.0000,2516.0000,0.0000,0.0000,0.0000,0.0000,82,0,0,0,0,12,0,0,0,0
zc,WS301,2012-06-21 09:01:04.377,2516.0000,421342,32,0.0000,40.0000,36,4,多开,B,2516.0000,0.0000,0.0000,0.0000,0.0000,2517.0000,0.0000,0.0000,0.0000,0.0000,10,0,0,0,0,228,0,0,0,0
zc,WS301,2012-06-21 09:01:05.067,2516.0000,421342,0,0.0000,0.0000,0,0,多换,B,2516.0000,0.0000,0.0000,0.0000,0.0000,2517.0000,0.0000,0.0000,0.0000,0.0000,12,0,0,0,0,229,0,0,0,0
zc,WS301,2012-06-21 09:01:05.957,2516.0000,421352,10,0.0000,12.0000,11,1,多开,B,2516.0000,0.0000,0.0000,0.0000,0.0000,2517.0000,0.0000,0.0000,0.0000,0.0000,6,0,0,0,0,229,0,0,0,0
zc,WS301,2012-06-21 09:01:06.113,2516.0000,421352,0,0.0000,0.0000,0,0,多换,B,2516.0000,0.0000,0.0000,0.0000,0.0000,2517.0000,0.0000,0.0000,0.0000,0.0000,6,0,0,0,0,228,0,0,0,0
zc,WS301,2012-06-21 09:01:06.613,2516.0000,421352,0,0.0000,0.0000,0,0,多换,B,2516.0000,0.0000,0.0000,0.0000,0.0000,2517.0000,0.0000,0.0000,0.0000,0.0000,7,0,0,0,0,228,0,0,0,0
zc,WS301,2012-06-21 09:01:07.080,2516.0000,421354,2,0.0000,10.0000,6,4,多开,B,2516.0000,0.0000,0.0000,0.0000,0.0000,2517.0000,0.0000,0.0000,0.0000,0.0000,2,0,0,0,0,228,0,0,0,0
zc,WS301,2012-06-21 09:01:08.080,2516.0000,421360,6,0.0000,10.0000,8,2,多开,B,2515.0000,0.0000,0.0000,0.0000,0.0000,2516.0000,0.0000,0.0000,0.0000,0.0000,134,0,0,0,0,4,0,0,0,0
zc,WS301,2012-06-21 09:01:08.300,2515.0000,421360,0,0.0000,4.0000,2,2,空换,S,2515.0000,0.0000,0.0000,0.0000,0.0000,2516.0000,0.0000,0.0000,0.0000,0.0000,132,0,0,0,0,8,0,0,0,0
zc,WS301,2012-06-21 09:01:09.097,2516.0000,421362,2,0.0000,4.0000,3,1,多开,B,2515.0000,0.0000,0.0000,0.0000,0.0000,2516.0000,0.0000,0.0000,0.0000,0.0000,146,0,0,0,0,6,0,0,0,0
zc,WS301,2012-06-21 09:01:09.597,2515.0000,421316,-46,0.0000,62.0000,8,54,多平,S,2515.0000,0.0000,0.0000,0.0000,0.0000,2516.0000,0.0000,0.0000,0.0000,0.0000,125,0,0,0,0,5,0,0,0,0
zc,WS301,2012-06-21 09:01:10.317,2515.0000,421316,0,0.0000,0.0000,0,0,空换,S,2515.0000,0.0000,0.0000,0.0000,0.0000,2516.0000,0.0000,0.0000,0.0000,0.0000,127,0,0,0,0,5,0,0,0,0
zc,WS301,2012-06-21 09:01:10.783,2515.0000,421312,-4,0.0000,10.0000,3,7,多平,S,2515.0000,0.0000,0.0000,0.0000,0.0000,2516.0000,0.0000,0.0000,0.0000,0.0000,133,0,0,0,0,2,0,0,0,0
zc,WS301,2012-06-21 09:01:11.597,2516.0000,421316,4,0.0000,10.0000,7,3,多开,B,2516.0000,0.0000,0.0000,0.0000,0.0000,2517.0000,0.0000,0.0000,0.0000,0.0000,8,0,0,0,0,228,0,0,0,0
zc,WS301,2012-06-21 09:01:12.020,2516.0000,421318,2,0.0000,12.0000,7,5,多开,B,2516.0000,0.0000,0.0000,0.0000,0.0000,2517.0000,0.0000,0.0000,0.0000,0.0000,3,0,0,0,0,228,0,0,0,0
zc,WS301,2012-06-21 09:01:12.597,2516.0000,421320,2,0.0000,2.0000,2,0,双开,B,2516.0000,0.0000,0.0000,0.0000,0.0000,2517.0000,0.0000,0.0000,0.0000,0.0000,3,0,0,0,0,228,0,0,0,0
zc,WS301,2012-06-21 09:01:13.317,2516.0000,421320,0,0.0000,2.0000,1,1,多换,B,2516.0000,0.0000,0.0000,0.0000,0.0000,2517.0000,0.0000,0.0000,0.0000,0.0000,3,0,0,0,0,228,0,0,0,0
zc,WS301,2012-06-21 09:01:13.817,2516.0000,421322,2,0.0000,16.0000,9,7,多开,B,2515.0000,0.0000,0.0000,0.0000,0.0000,2516.0000,0.0000,0.0000,0.0000,0.0000,135,0,0,0,0,14,0,0,0,0
zc,WS301,2012-06-21 09:01:15.050,2515.0000,421320,-2,0.0000,4.0000,1,3,多平,S,2515.0000,0.0000,0.0000,0.0000,0.0000,2516.0000,0.0000,0.0000,0.0000,0.0000,144,0,0,0,0,14,0,0,0,0
zc,WS301,2012-06-21 09:01:16.097,2515.0000,421320,0,0.0000,0.0000,0,0,空换,S,2515.0000,0.0000,0.0000,0.0000,0.0000,2516.0000,0.0000,0.0000,0.0000,0.0000,145,0,0,0,0,24,0,0,0,0
zc,WS301,2012-06-21 09:01:16.550,2515.0000,421318,-2,0.0000,2.0000,0,2,双平,S,2515.0000,0.0000,0.0000,0.0000,0.0000,2516.0000,0.0000,0.0000,0.0000,0.0000,174,0,0,0,0,24,0,0,0,0
zc,WS301,2012-06-21 09:01:17.830,2516.0000,421322,4,0.0000,14.0000,9,5,多开,B,2515.0000,0.0000,0.0000,0.0000,0.0000,2516.0000,0.0000,0.0000,0.0000,0.0000,172,0,0,0,0,19,0,0,0,0
zc,WS301,2012-06-21 09:01:18.567,2516.0000,421306,-16,0.0000,22.0000,3,19,空平,B,2515.0000,0.0000,0.0000,0.0000,0.0000,2516.0000,0.0000,0.0000,0.0000,0.0000,170,0,0,0,0,16,0,0,0,0
zc,WS301,2012-06-21 09:01:19.050,2515.0000,421306,0,0.0000,6.0000,3,3,空换,S,2515.0000,0.0000,0.0000,0.0000,0.0000,2516.0000,0.0000,0.0000,0.0000,0.0000,168,0,0,0,0,16,0,0,0,0
zc,WS301,2012-06-21 09:01:19.863,2516.0000,421306,0,0.0000,4.0000,2,2,多换,B,2515.0000,0.0000,0.0000,0.0000,0.0000,2516.0000,0.0000,0.0000,0.0000,0.0000,168,0,0,0,0,16,0,0,0,0
zc,WS301,2012-06-21 09:01:20.317,2516.0000,421288,-18,0.0000,46.0000,14,32,空平,B,2516.0000,0.0000,0.0000,0.0000,0.0000,2517.0000,0.0000,0.0000,0.0000,0.0000,32,0,0,0,0,232,0,0,0,0
zc,WS301,2012-06-21 09:01:20.817,2516.0000,421286,-2,0.0000,12.0000,5,7,空平,B,2516.0000,0.0000,0.0000,0.0000,0.0000,2517.0000,0.0000,0.0000,0.0000,0.0000,29,0,0,0,0,232,0,0,0,0
zc,WS301,2012-06-21 09:01:23.330,2516.0000,421286,0,0.0000,6.0000,3,3,多换,B,2516.0000,0.0000,0.0000,0.0000,0.0000,2517.0000,0.0000,0.0000,0.0000,0.0000,26,0,0,0,0,232,0,0,0,0
zc,WS301,2012-06-21 09:01:23.783,2516.0000,421196,-90,0.0000,142.0000,26,116,空平,B,2516.0000,0.0000,0.0000,0.0000,0.0000,2517.0000,0.0000,0.0000,0.0000,0.0000,27,0,0,0,0,150,0,0,0,0
zc,WS301,2012-06-21 09:01:24.503,2517.0000,421194,-2,0.0000,4.0000,1,3,空平,B,2516.0000,0.0000,0.0000,0.0000,0.0000,2517.0000,0.0000,0.0000,0.0000,0.0000,26,0,0,0,0,149,0,0,0,0
zc,WS301,2012-06-21 09:01:25.067,2516.0000,421194,0,0.0000,6.0000,3,3,空换,S,2516.0000,0.0000,0.0000,0.0000,0.0000,2517.0000,0.0000,0.0000,0.0000,0.0000,35,0,0,0,0,148,0,0,0,0
zc,WS301,2012-06-21 09:01:26.050,2516.0000,421186,-8,0.0000,10.0000,1,9,多平,S,2516.0000,0.0000,0.0000,0.0000,0.0000,2517.0000,0.0000,0.0000,0.0000,0.0000,31,0,0,0,0,147,0,0,0,0
zc,WS301,2012-06-21 09:01:26.520,2517.0000,421186,0,0.0000,2.0000,1,1,多换,B,2516.0000,0.0000,0.0000,0.0000,0.0000,2517.0000,0.0000,0.0000,0.0000,0.0000,29,0,0,0,0,146,0,0,0,0
zc,WS301,2012-06-21 09:01:27.067,2517.0000,421182,-4,0.0000,6.0000,1,5,空平,B,2516.0000,0.0000,0.0000,0.0000,0.0000,2517.0000,0.0000,0.0000,0.0000,0.0000,29,0,0,0,0,145,0,0,0,0
zc,WS301,2012-06-21 09:01:27.830,2517.0000,421182,0,0.0000,2.0000,1,1,多换,B,2516.0000,0.0000,0.0000,0.0000,0.0000,2517.0000,0.0000,0.0000,0.0000,0.0000,29,0,0,0,0,144,0,0,0,0
zc,WS301,2012-06-21 09:01:28.317,2516.0000,421174,-8,0.0000,28.0000,10,18,多平,S,2516.0000,0.0000,0.0000,0.0000,0.0000,2517.0000,0.0000,0.0000,0.0000,0.0000,32,0,0,0,0,132,0,0,0,0
zc,WS301,2012-06-21 09:01:29.080,2517.0000,421176,2,0.0000,2.0000,2,0,双开,B,2516.0000,0.0000,0.0000,0.0000,0.0000,2517.0000,0.0000,0.0000,0.0000,0.0000,32,0,0,0,0,131,0,0,0,0
zc,WS301,2012-06-21 09:01:29.580,2517.0000,421178,2,0.0000,4.0000,3,1,多开,B,2516.0000,0.0000,0.0000,0.0000,0.0000,2517.0000,0.0000,0.0000,0.0000,0.0000,32,0,0,0,0,130,0,0,0,0
zc,WS301,2012-06-21 09:01:30.283,2516.0000,421158,-20,0.0000,40.0000,10,30,多平,S,2516.0000,0.0000,0.0000,0.0000,0.0000,2517.0000,0.0000,0.0000,0.0000,0.0000,32,0,0,0,0,126,0,0,0,0
zc,WS301,2012-06-21 09:01:30.830,2516.0000,421160,2,0.0000,4.0000,3,1,空开,S,2516.0000,0.0000,0.0000,0.0000,0.0000,2517.0000,0.0000,0.0000,0.0000,0.0000,30,0,0,0,0,127,0,0,0,0
zc,WS301,2012-06-21 09:01:31.567,2516.0000,421150,-10,0.0000,14.0000,2,12,多平,S,2516.0000,0.0000,0.0000,0.0000,0.0000,2517.0000,0.0000,0.0000,0.0000,0.0000,23,0,0,0,0,127,0,0,0,0
zc,WS301,2012-06-21 09:01:32.097,2517.0000,421150,0,0.0000,162.0000,81,81,多换,B,2516.0000,0.0000,0.0000,0.0000,0.0000,2517.0000,0.0000,0.0000,0.0000,0.0000,39,0,0,0,0,47,0,0,0,0
zc,WS301,2012-06-21 09:01:32.830,2517.0000,421150,0,0.0000,14.0000,7,7,多换,B,2516.0000,0.0000,0.0000,0.0000,0.0000,2517.0000,0.0000,0.0000,0.0000,0.0000,38,0,0,0,0,41,0,0,0,0
zc,WS301,2012-06-21 09:01:33.317,2516.0000,421152,2,0.0000,12.0000,7,5,空开,S,2516.0000,0.0000,0.0000,0.0000,0.0000,2517.0000,0.0000,0.0000,0.0000,0.0000,33,0,0,0,0,51,0,0,0,0
zc,WS301,2012-06-21 09:01:33.817,2516.0000,421152,0,0.0000,0.0000,0,0,空换,S,2516.0000,0.0000,0.0000,0.0000,0.0000,2517.0000,0.0000,0.0000,0.0000,0.0000,43,0,0,0,0,61,0,0,0,0
zc,WS301,2012-06-21 09:01:34.363,2516.0000,421226,74,0.0000,78.0000,76,2,空开,S,2516.0000,0.0000,0.0000,0.0000,0.0000,2517.0000,0.0000,0.0000,0.0000,0.0000,36,0,0,0,0,29,0,0,0,0
zc,WS301,2012-06-21 09:01:35.050,2516.0000,421226,0,0.0000,4.0000,2,2,空换,S,2516.0000,0.0000,0.0000,0.0000,0.0000,2517.0000,0.0000,0.0000,0.0000,0.0000,36,0,0,0,0,29,0,0,0,0
zc,WS301,2012-06-21 09:01:35.533,2516.0000,421220,-6,0.0000,50.0000,22,28,多平,S,2516.0000,0.0000,0.0000,0.0000,0.0000,2517.0000,0.0000,0.0000,0.0000,0.0000,31,0,0,0,0,14,0,0,0,0
zc,WS301,2012-06-21 09:01:36.643,2516.0000,421218,-2,0.0000,44.0000,21,23,多平,S,2516.0000,0.0000,0.0000,0.0000,0.0000,2517.0000,0.0000,0.0000,0.0000,0.0000,15,0,0,0,0,7,0,0,0,0
zc,WS301,2012-06-21 09:01:37.097,2517.0000,421236,18,0.0000,66.0000,42,24,多开,B,2517.0000,0.0000,0.0000,0.0000,0.0000,2518.0000,0.0000,0.0000,0.0000,0.0000,83,0,0,0,0,53,0,0,0,0
zc,WS301,2012-06-21 09:01:38.283,2518.0000,421230,-6,0.0000,44.0000,19,25,空平,B,2517.0000,0.0000,0.0000,0.0000,0.0000,2518.0000,0.0000,0.0000,0.0000,0.0000,81,0,0,0,0,44,0,0,0,0
zc,WS301,2012-06-21 09:01:39.580,2518.0000,421238,8,0.0000,12.0000,10,2,多开,B,2517.0000,0.0000,0.0000,0.0000,0.0000,2518.0000,0.0000,0.0000,0.0000,0.0000,79,0,0,0,0,50,0,0,0,0
zc,WS301,2012-06-21 09:01:40.300,2518.0000,421242,4,0.0000,4.0000,4,0,双开,B,2517.0000,0.0000,0.0000,0.0000,0.0000,2518.0000,0.0000,0.0000,0.0000,0.0000,80,0,0,0,0,48,0,0,0,0
zc,WS301,2012-06-21 09:01:41.097,2518.0000,421242,0,0.0000,2.0000,1,1,多换,B,2517.0000,0.0000,0.0000,0.0000,0.0000,2518.0000,0.0000,0.0000,0.0000,0.0000,80,0,0,0,0,45,0,0,0,0
zc,WS301,2012-06-21 09:01:41.783,2518.0000,421242,0,0.0000,0.0000,0,0,多换,B,2517.0000,0.0000,0.0000,0.0000,0.0000,2518.0000,0.0000,0.0000,0.0000,0.0000,80,0,0,0,0,44,0,0,0,0
zc,WS301,2012-06-21 09:01:42.330,2518.0000,421240,-2,0.0000,8.0000,3,5,空平,B,2517.0000,0.0000,0.0000,0.0000,0.0000,2518.0000,0.0000,0.0000,0.0000,0.0000,85,0,0,0,0,43,0,0,0,0
zc,WS301,2012-06-21 09:01:43.050,2518.0000,421242,2,0.0000,10.0000,6,4,多开,B,2517.0000,0.0000,0.0000,0.0000,0.0000,2518.0000,0.0000,0.0000,0.0000,0.0000,85,0,0,0,0,39,0,0,0,0
zc,WS301,2012-06-21 09:01:43.613,2518.0000,421268,26,0.0000,64.0000,45,19,多开,B,2517.0000,0.0000,0.0000,0.0000,0.0000,2518.0000,0.0000,0.0000,0.0000,0.0000,85,0,0,0,0,7,0,0,0,0
zc,WS301,2012-06-21 09:01:44.283,2518.0000,421268,0,0.0000,2.0000,1,1,多换,B,2517.0000,0.0000,0.0000,0.0000,0.0000,2518.0000,0.0000,0.0000,0.0000,0.0000,85,0,0,0,0,6,0,0,0,0
zc,WS301,2012-06-21 09:01:44.817,2518.0000,421268,0,0.0000,0.0000,0,0,多换,B,2517.0000,0.0000,0.0000,0.0000,0.0000,2518.0000,0.0000,0.0000,0.0000,0.0000,85,0,0,0,0,40,0,0,0,0
zc,WS301,2012-06-21 09:01:45.567,2518.0000,421258,-10,0.0000,22.0000,6,16,空平,B,2517.0000,0.0000,0.0000,0.0000,0.0000,2518.0000,0.0000,0.0000,0.0000,0.0000,85,0,0,0,0,30,0,0,0,0
zc,WS301,2012-06-21 09:01:46.080,2518.0000,421258,0,0.0000,6.0000,3,3,多换,B,2517.0000,0.0000,0.0000,0.0000,0.0000,2518.0000,0.0000,0.0000,0.0000,0.0000,95,0,0,0,0,27,0,0,0,0
zc,WS301,2012-06-21 09:01:46.753,2518.0000,421258,0,0.0000,0.0000,0,0,多换,B,2517.0000,0.0000,0.0000,0.0000,0.0000,2518.0000,0.0000,0.0000,0.0000,0.0000,95,0,0,0,0,31,0,0,0,0
zc,WS301,2012-06-21 09:01:47.567,2518.0000,421256,-2,0.0000,2.0000,0,2,双平,B,2517.0000,0.0000,0.0000,0.0000,0.0000,2518.0000,0.0000,0.0000,0.0000,0.0000,95,0,0,0,0,31,0,0,0,0
zc,WS301,2012-06-21 09:01:48.817,2518.0000,421236,-20,0.0000,50.0000,15,35,空平,B,2517.0000,0.0000,0.0000,0.0000,0.0000,2518.0000,0.0000,0.0000,0.0000,0.0000,96,0,0,0,0,6,0,0,0,0
zc,WS301,2012-06-21 09:01:49.003,2518.0000,421236,0,0.0000,4.0000,2,2,多换,B,2517.0000,0.0000,0.0000,0.0000,0.0000,2518.0000,0.0000,0.0000,0.0000,0.0000,96,0,0,0,0,4,0,0,0,0
zc,WS301,2012-06-21 09:01:49.783,2519.0000,421240,4,0.0000,10.0000,7,3,多开,B,2517.0000,0.0000,0.0000,0.0000,0.0000,2519.0000,0.0000,0.0000,0.0000,0.0000,102,0,0,0,0,26,0,0,0,0
zc,WS301,2012-06-21 09:01:50.300,2518.0000,421240,0,0.0000,8.0000,4,4,空换,S,2518.0000,0.0000,0.0000,0.0000,0.0000,2519.0000,0.0000,0.0000,0.0000,0.0000,19,0,0,0,0,25,0,0,0,0
zc,WS301,2012-06-21 09:01:51.050,2518.0000,421240,0,0.0000,2.0000,1,1,空换,S,2518.0000,0.0000,0.0000,0.0000,0.0000,2519.0000,0.0000,0.0000,0.0000,0.0000,26,0,0,0,0,25,0,0,0,0
zc,WS301,2012-06-21 09:01:51.580,2518.0000,421240,0,0.0000,20.0000,10,10,空换,S,2518.0000,0.0000,0.0000,0.0000,0.0000,2519.0000,0.0000,0.0000,0.0000,0.0000,16,0,0,0,0,25,0,0,0,0
zc,WS301,2012-06-21 09:01:52.300,2518.0000,421240,0,0.0000,0.0000,0,0,空换,S,2518.0000,0.0000,0.0000,0.0000,0.0000,2519.0000,0.0000,0.0000,0.0000,0.0000,17,0,0,0,0,25,0,0,0,0
zc,WS301,2012-06-21 09:01:52.800,2518.0000,421256,16,0.0000,20.0000,18,2,空开,S,2518.0000,0.0000,0.0000,0.0000,0.0000,2519.0000,0.0000,0.0000,0.0000,0.0000,21,0,0,0,0,21,0,0,0,0
zc,WS301,2012-06-21 09:01:53.550,2518.0000,421256,0,0.0000,2.0000,1,1,空换,S,2518.0000,0.0000,0.0000,0.0000,0.0000,2519.0000,0.0000,0.0000,0.0000,0.0000,20,0,0,0,0,22,0,0,0,0
zc,WS301,2012-06-21 09:01:54.033,2518.0000,421256,0,0.0000,0.0000,0,0,空换,S,2518.0000,0.0000,0.0000,0.0000,0.0000,2519.0000,0.0000,0.0000,0.0000,0.0000,23,0,0,0,0,23,0,0,0,0
zc,WS301,2012-06-21 09:01:54.817,2518.0000,421256,0,0.0000,0.0000,0,0,空换,S,2518.0000,0.0000,0.0000,0.0000,0.0000,2519.0000,0.0000,0.0000,0.0000,0.0000,120,0,0,0,0,25,0,0,0,0
zc,WS301,2012-06-21 09:01:55.317,2519.0000,421260,4,0.0000,8.0000,6,2,多开,B,2518.0000,0.0000,0.0000,0.0000,0.0000,2519.0000,0.0000,0.0000,0.0000,0.0000,115,0,0,0,0,22,0,0,0,0
zc,WS301,2012-06-21 09:01:55.987,2519.0000,421286,26,0.0000,46.0000,36,10,多开,B,2519.0000,0.0000,0.0000,0.0000,0.0000,2520.0000,0.0000,0.0000,0.0000,0.0000,8,0,0,0,0,47,0,0,0,0
zc,WS301,2012-06-21 09:01:56.533,2519.0000,421286,0,0.0000,0.0000,0,0,多换,B,2519.0000,0.0000,0.0000,0.0000,0.0000,2520.0000,0.0000,0.0000,0.0000,0.0000,16,0,0,0,0,49,0,0,0,0
zc,WS301,2012-06-21 09:01:57.283,2519.0000,421284,-2,0.0000,18.0000,8,10,空平,B,2519.0000,0.0000,0.0000,0.0000,0.0000,2520.0000,0.0000,0.0000,0.0000,0.0000,57,0,0,0,0,57,0,0,0,0
zc,WS301,2012-06-21 09:01:58.080,2520.0000,421284,0,0.0000,4.0000,2,2,多换,B,2519.0000,0.0000,0.0000,0.0000,0.0000,2520.0000,0.0000,0.0000,0.0000,0.0000,56,0,0,0,0,56,0,0,0,0
zc,WS301,2012-06-21 09:01:58.533,2519.0000,421282,-2,0.0000,2.0000,0,2,双平,S,2519.0000,0.0000,0.0000,0.0000,0.0000,2520.0000,0.0000,0.0000,0.0000,0.0000,55,0,0,0,0,56,0,0,0,0
zc,WS301,2012-06-21 09:01:59.770,2520.0000,421338,56,0.0000,186.0000,121,65,多开,B,2520.0000,0.0000,0.0000,0.0000,0.0000,2521.0000,0.0000,0.0000,0.0000,0.0000,290,0,0,0,0,170,0,0,0,0
zc,WS301,2012-06-21 09:02:00.487,2520.0000,421338,0,0.0000,0.0000,0,0,多换,B,2520.0000,0.0000,0.0000,0.0000,0.0000,2521.0000,0.0000,0.0000,0.0000,0.0000,291,0,0,0,0,175,0,0,0,0
zc,WS301,2012-06-21 09:02:00.830,2521.0000,421340,2,0.0000,2.0000,2,0,双开,B,2520.0000,0.0000,0.0000,0.0000,0.0000,2521.0000,0.0000,0.0000,0.0000,0.0000,291,0,0,0,0,174,0,0,0,0
zc,WS301,2012-06-21 09:02:01.613,2521.0000,421360,20,0.0000,24.0000,22,2,多开,B,2520.0000,0.0000,0.0000,0.0000,0.0000,2521.0000,0.0000,0.0000,0.0000,0.0000,284,0,0,0,0,162,0,0,0,0
zc,WS301,2012-06-21 09:02:02.300,2521.0000,421372,12,0.0000,16.0000,14,2,多开,B,2520.0000,0.0000,0.0000,0.0000,0.0000,2521.0000,0.0000,0.0000,0.0000,0.0000,283,0,0,0,0,155,0,0,0,0
zc,WS301,2012-06-21 09:02:02.830,2521.0000,421746,374,0.0000,420.0000,397,23,多开,B,2520.0000,0.0000,0.0000,0.0000,0.0000,2521.0000,0.0000,0.0000,0.0000,0.0000,283,0,0,0,0,25,0,0,0,0
zc,WS301,2012-06-21 09:02:03.330,2520.0000,421756,10,0.0000,12.0000,11,1,空开,S,2520.0000,0.0000,0.0000,0.0000,0.0000,2521.0000,0.0000,0.0000,0.0000,0.0000,282,0,0,0,0,21,0,0,0,0
zc,WS301,2012-06-21 09:02:04.067,2521.0000,421778,22,0.0000,58.0000,40,18,多开,B,2521.0000,0.0000,0.0000,0.0000,0.0000,2522.0000,0.0000,0.0000,0.0000,0.0000,28,0,0,0,0,218,0,0,0,0
zc,WS301,2012-06-21 09:02:04.567,2521.0000,421842,64,0.0000,64.0000,64,0,双开,B,2520.0000,0.0000,0.0000,0.0000,0.0000,2522.0000,0.0000,0.0000,0.0000,0.0000,281,0,0,0,0,226,0,0,0,0
zc,WS301,2012-06-21 09:02:05.330,2521.0000,421842,0,0.0000,0.0000,0,0,多换,B,2521.0000,0.0000,0.0000,0.0000,0.0000,2522.0000,0.0000,0.0000,0.0000,0.0000,1,0,0,0,0,226,0,0,0,0
zc,WS301,2012-06-21 09:02:06.177,2521.0000,421842,0,0.0000,2.0000,1,1,多换,B,2521.0000,0.0000,0.0000,0.0000,0.0000,2522.0000,0.0000,0.0000,0.0000,0.0000,2,0,0,0,0,226,0,0,0,0
zc,WS301,2012-06-21 09:02:06.877,2522.0000,421840,-2,0.0000,2.0000,0,2,双平,B,2521.0000,0.0000,0.0000,0.0000,0.0000,2522.0000,0.0000,0.0000,0.0000,0.0000,2,0,0,0,0,225,0,0,0,0
zc,WS301,2012-06-21 09:02:07.330,2521.0000,421836,-4,0.0000,8.0000,2,6,多平,S,2520.0000,0.0000,0.0000,0.0000,0.0000,2521.0000,0.0000,0.0000,0.0000,0.0000,282,0,0,0,0,8,0,0,0,0
zc,WS301,2012-06-21 09:02:08.050,2521.0000,421836,0,0.0000,6.0000,3,3,空换,S,2520.0000,0.0000,0.0000,0.0000,0.0000,2521.0000,0.0000,0.0000,0.0000,0.0000,283,0,0,0,0,43,0,0,0,0
zc,WS301,2012-06-21 09:02:08.643,2521.0000,421836,0,0.0000,0.0000,0,0,空换,S,2520.0000,0.0000,0.0000,0.0000,0.0000,2521.0000,0.0000,0.0000,0.0000,0.0000,294,0,0,0,0,42,0,0,0,0
zc,WS301,2012-06-21 09:02:09.317,2521.0000,421834,-2,0.0000,2.0000,0,2,双平,S,2520.0000,0.0000,0.0000,0.0000,0.0000,2521.0000,0.0000,0.0000,0.0000,0.0000,294,0,0,0,0,46,0,0,0,0
zc,WS301,2012-06-21 09:02:09.830,2521.0000,421920,86,0.0000,94.0000,90,4,空开,S,2520.0000,0.0000,0.0000,0.0000,0.0000,2521.0000,0.0000,0.0000,0.0000,0.0000,279,0,0,0,0,46,0,0,0,0
zc,WS301,2012-06-21 09:02:10.580,2521.0000,421928,8,0.0000,8.0000,8,0,双开,S,2520.0000,0.0000,0.0000,0.0000,0.0000,2521.0000,0.0000,0.0000,0.0000,0.0000,279,0,0,0,0,43,0,0,0,0
zc,WS301,2012-06-21 09:02:11.097,2521.0000,421932,4,0.0000,4.0000,4,0,双开,S,2520.0000,0.0000,0.0000,0.0000,0.0000,2521.0000,0.0000,0.0000,0.0000,0.0000,279,0,0,0,0,42,0,0,0,0
zc,WS301,2012-06-21 09:02:11.863,2521.0000,421932,0,0.0000,4.0000,2,2,空换,S,2520.0000,0.0000,0.0000,0.0000,0.0000,2521.0000,0.0000,0.0000,0.0000,0.0000,279,0,0,0,0,40,0,0,0,0
zc,WS301,2012-06-21 09:02:12.347,2521.0000,421932,0,0.0000,4.0000,2,2,空换,S,2520.0000,0.0000,0.0000,0.0000,0.0000,2521.0000,0.0000,0.0000,0.0000,0.0000,279,0,0,0,0,38,0,0,0,0
zc,WS301,2012-06-21 09:02:13.020,2521.0000,421932,0,0.0000,0.0000,0,0,空换,S,2520.0000,0.0000,0.0000,0.0000,0.0000,2521.0000,0.0000,0.0000,0.0000,0.0000,279,0,0,0,0,40,0,0,0,0
zc,WS301,2012-06-21 09:02:14.877,2521.0000,421932,0,0.0000,0.0000,0,0,空换,S,2520.0000,0.0000,0.0000,0.0000,0.0000,2521.0000,0.0000,0.0000,0.0000,0.0000,279,0,0,0,0,41,0,0,0,0
zc,WS301,2012-06-21 09:02:15.283,2521.0000,421932,0,0.0000,0.0000,0,0,空换,S,2520.0000,0.0000,0.0000,0.0000,0.0000,2521.0000,0.0000,0.0000,0.0000,0.0000,280,0,0,0,0,61,0,0,0,0
zc,WS301,2012-06-21 09:02:16.033,2521.0000,421934,2,0.0000,4.0000,3,1,空开,S,2520.0000,0.0000,0.0000,0.0000,0.0000,2521.0000,0.0000,0.0000,0.0000,0.0000,280,0,0,0,0,59,0,0,0,0
zc,WS301,2012-06-21 09:02:16.550,2521.0000,421918,-16,0.0000,118.0000,51,67,多平,S,2521.0000,0.0000,0.0000,0.0000,0.0000,2522.0000,0.0000,0.0000,0.0000,0.0000,35,0,0,0,0,244,0,0,0,0
zc,WS301,2012-06-21 09:02:17.770,2521.0000,421918,0,0.0000,0.0000,0,0,空换,S,2521.0000,0.0000,0.0000,0.0000,0.0000,2522.0000,0.0000,0.0000,0.0000,0.0000,40,0,0,0,0,244,0,0,0,0
zc,WS301,2012-06-21 09:02:18.520,2521.0000,421888,-30,0.0000,32.0000,1,31,多平,S,2521.0000,0.0000,0.0000,0.0000,0.0000,2522.0000,0.0000,0.0000,0.0000,0.0000,34,0,0,0,0,251,0,0,0,0
zc,WS301,2012-06-21 09:02:19.033,2521.0000,421856,-32,0.0000,68.0000,18,50,多平,S,2520.0000,0.0000,0.0000,0.0000,0.0000,2521.0000,0.0000,0.0000,0.0000,0.0000,181,0,0,0,0,57,0,0,0,0
zc,WS301,2012-06-21 09:02:19.567,2521.0000,421830,-26,0.0000,30.0000,2,28,多平,S,2520.0000,0.0000,0.0000,0.0000,0.0000,2521.0000,0.0000,0.0000,0.0000,0.0000,181,0,0,0,0,72,0,0,0,0
zc,WS301,2012-06-21 09:02:20.283,2521.0000,421830,0,0.0000,120.0000,60,60,空换,S,2520.0000,0.0000,0.0000,0.0000,0.0000,2521.0000,0.0000,0.0000,0.0000,0.0000,181,0,0,0,0,111,0,0,0,0
zc,WS301,2012-06-21 09:02:21.567,2521.0000,421830,0,0.0000,0.0000,0,0,空换,S,2520.0000,0.0000,0.0000,0.0000,0.0000,2521.0000,0.0000,0.0000,0.0000,0.0000,179,0,0,0,0,144,0,0,0,0
zc,WS301,2012-06-21 09:02:22.050,2521.0000,421826,-4,0.0000,6.0000,1,5,多平,S,2520.0000,0.0000,0.0000,0.0000,0.0000,2521.0000,0.0000,0.0000,0.0000,0.0000,115,0,0,0,0,160,0,0,0,0
zc,WS301,2012-06-21 09:02:22.847,2521.0000,421822,-4,0.0000,6.0000,1,5,多平,S,2520.0000,0.0000,0.0000,0.0000,0.0000,2521.0000,0.0000,0.0000,0.0000,0.0000,113,0,0,0,0,159,0,0,0,0
zc,WS301,2012-06-21 09:02:23.300,2521.0000,421822,0,0.0000,0.0000,0,0,空换,S,2520.0000,0.0000,0.0000,0.0000,0.0000,2521.0000,0.0000,0.0000,0.0000,0.0000,113,0,0,0,0,162,0,0,0,0
zc,WS301,2012-06-21 09:02:24.050,2521.0000,421964,142,0.0000,162.0000,152,10,空开,S,2520.0000,0.0000,0.0000,0.0000,0.0000,2521.0000,0.0000,0.0000,0.0000,0.0000,113,0,0,0,0,82,0,0,0,0
zc,WS301,2012-06-21 09:02:24.317,2521.0000,422020,56,0.0000,60.0000,58,2,空开,S,2520.0000,0.0000,0.0000,0.0000,0.0000,2521.0000,0.0000,0.0000,0.0000,0.0000,113,0,0,0,0,58,0,0,0,0
zc,WS301,2012-06-21 09:02:25.580,2520.0000,422006,-14,0.0000,20.0000,3,17,多平,S,2520.0000,0.0000,0.0000,0.0000,0.0000,2521.0000,0.0000,0.0000,0.0000,0.0000,118,0,0,0,0,58,0,0,0,0
zc,WS301,2012-06-21 09:02:26.317,2520.0000,421984,-22,0.0000,120.0000,49,71,多平,S,2520.0000,0.0000,0.0000,0.0000,0.0000,2521.0000,0.0000,0.0000,0.0000,0.0000,57,0,0,0,0,58,0,0,0,0
zc,WS301,2012-06-21 09:02:26.800,2520.0000,421992,8,0.0000,102.0000,55,47,空开,S,2520.0000,0.0000,0.0000,0.0000,0.0000,2521.0000,0.0000,0.0000,0.0000,0.0000,52,0,0,0,0,13,0,0,0,0
zc,WS301,2012-06-21 09:02:27.580,2520.0000,421992,0,0.0000,0.0000,0,0,空换,S,2520.0000,0.0000,0.0000,0.0000,0.0000,2521.0000,0.0000,0.0000,0.0000,0.0000,52,0,0,0,0,16,0,0,0,0
zc,WS301,2012-06-21 09:02:28.097,2520.0000,421982,-10,0.0000,114.0000,52,62,多平,S,2519.0000,0.0000,0.0000,0.0000,0.0000,2520.0000,0.0000,0.0000,0.0000,0.0000,60,0,0,0,0,43,0,0,0,0
zc,WS301,2012-06-21 09:02:28.817,2520.0000,421990,8,0.0000,34.0000,21,13,空开,S,2519.0000,0.0000,0.0000,0.0000,0.0000,2520.0000,0.0000,0.0000,0.0000,0.0000,48,0,0,0,0,44,0,0,0,0
zc,WS301,2012-06-21 09:02:29.597,2520.0000,421988,-2,0.0000,4.0000,1,3,多平,S,2519.0000,0.0000,0.0000,0.0000,0.0000,2520.0000,0.0000,0.0000,0.0000,0.0000,49,0,0,0,0,43,0,0,0,0
zc,WS301,2012-06-21 09:02:30.050,2521.0000,421994,6,0.0000,88.0000,47,41,多开,B,2520.0000,0.0000,0.0000,0.0000,0.0000,2521.0000,0.0000,0.0000,0.0000,0.0000,57,0,0,0,0,56,0,0,0,0
zc,WS301,2012-06-21 09:02:30.770,2520.0000,421994,0,0.0000,8.0000,4,4,空换,S,2520.0000,0.0000,0.0000,0.0000,0.0000,2521.0000,0.0000,0.0000,0.0000,0.0000,53,0,0,0,0,60,0,0,0,0
zc,WS301,2012-06-21 09:02:31.550,2520.0000,421994,0,0.0000,0.0000,0,0,空换,S,2520.0000,0.0000,0.0000,0.0000,0.0000,2521.0000,0.0000,0.0000,0.0000,0.0000,53,0,0,0,0,90,0,0,0,0
zc,WS301,2012-06-21 09:02:32.067,2520.0000,421996,2,0.0000,4.0000,3,1,空开,S,2520.0000,0.0000,0.0000,0.0000,0.0000,2521.0000,0.0000,0.0000,0.0000,0.0000,90,0,0,0,0,90,0,0,0,0
zc,WS301,2012-06-21 09:02:32.550,2520.0000,421996,0,0.0000,0.0000,0,0,空换,S,2520.0000,0.0000,0.0000,0.0000,0.0000,2521.0000,0.0000,0.0000,0.0000,0.0000,90,0,0,0,0,91,0,0,0,0
zc,WS301,2012-06-21 09:02:33.347,2520.0000,422028,32,0.0000,60.0000,46,14,空开,S,2520.0000,0.0000,0.0000,0.0000,0.0000,2521.0000,0.0000,0.0000,0.0000,0.0000,60,0,0,0,0,93,0,0,0,0
zc,WS301,2012-06-21 09:02:33.800,2521.0000,422058,30,0.0000,68.0000,49,19,多开,B,2520.0000,0.0000,0.0000,0.0000,0.0000,2521.0000,0.0000,0.0000,0.0000,0.0000,30,0,0,0,0,91,0,0,0,0
zc,WS301,2012-06-21 09:02:34.550,2520.0000,422118,60,0.0000,60.0000,60,0,双开,S,2519.0000,0.0000,0.0000,0.0000,0.0000,2520.0000,0.0000,0.0000,0.0000,0.0000,83,0,0,0,0,21,0,0,0,0
zc,WS301,2012-06-21 09:02:35.067,2521.0000,422174,56,0.0000,64.0000,60,4,多开,B,2520.0000,0.0000,0.0000,0.0000,0.0000,2521.0000,0.0000,0.0000,0.0000,0.0000,55,0,0,0,0,108,0,0,0,0
zc,WS301,2012-06-21 09:02:36.050,2521.0000,422176,2,0.0000,2.0000,2,0,双开,B,2520.0000,0.0000,0.0000,0.0000,0.0000,2521.0000,0.0000,0.0000,0.0000,0.0000,62,0,0,0,0,107,0,0,0,0
zc,WS301,2012-06-21 09:02:36.533,2520.0000,422176,0,0.0000,6.0000,3,3,空换,S,2520.0000,0.0000,0.0000,0.0000,0.0000,2521.0000,0.0000,0.0000,0.0000,0.0000,60,0,0,0,0,107,0,0,0,0
zc,WS301,2012-06-21 09:02:37.283,2520.0000,422176,0,0.0000,10.0000,5,5,空换,S,2520.0000,0.0000,0.0000,0.0000,0.0000,2521.0000,0.0000,0.0000,0.0000,0.0000,57,0,0,0,0,107,0,0,0,0
zc,WS301,2012-06-21 09:02:37.800,2520.0000,422180,4,0.0000,4.0000,4,0,双开,S,2520.0000,0.0000,0.0000,0.0000,0.0000,2521.0000,0.0000,0.0000,0.0000,0.0000,55,0,0,0,0,107,0,0,0,0
zc,WS301,2012-06-21 09:02:38.597,2520.0000,422180,0,0.0000,0.0000,0,0,空换,S,2520.0000,0.0000,0.0000,0.0000,0.0000,2521.0000,0.0000,0.0000,0.0000,0.0000,76,0,0,0,0,107,0,0,0,0
zc,WS301,2012-06-21 09:02:39.050,2520.0000,422182,2,0.0000,2.0000,2,0,双开,S,2520.0000,0.0000,0.0000,0.0000,0.0000,2521.0000,0.0000,0.0000,0.0000,0.0000,75,0,0,0,0,109,0,0,0,0
zc,WS301,2012-06-21 09:02:39.533,2520.0000,422184,2,0.0000,4.0000,3,1,空开,S,2520.0000,0.0000,0.0000,0.0000,0.0000,2521.0000,0.0000,0.0000,0.0000,0.0000,79,0,0,0,0,108,0,0,0,0
zc,WS301,2012-06-21 09:02:40.003,2520.0000,422184,0,0.0000,0.0000,0,0,空换,S,2520.0000,0.0000,0.0000,0.0000,0.0000,2521.0000,0.0000,0.0000,0.0000,0.0000,80,0,0,0,0,109,0,0,0,0
zc,WS301,2012-06-21 09:02:41.050,2520.0000,422186,2,0.0000,42.0000,22,20,空开,S,2520.0000,0.0000,0.0000,0.0000,0.0000,2521.0000,0.0000,0.0000,0.0000,0.0000,59,0,0,0,0,113,0,0,0,0
zc,WS301,2012-06-21 09:02:41.330,2520.0000,422186,0,0.0000,0.0000,0,0,空换,S,2520.0000,0.0000,0.0000,0.0000,0.0000,2521.0000,0.0000,0.0000,0.0000,0.0000,59,0,0,0,0,114,0,0,0,0
zc,WS301,2012-06-21 09:02:42.050,2520.0000,422186,0,0.0000,0.0000,0,0,空换,S,2520.0000,0.0000,0.0000,0.0000,0.0000,2521.0000,0.0000,0.0000,0.0000,0.0000,53,0,0,0,0,114,0,0,0,0
zc,WS301,2012-06-21 09:02:42.597,2521.0000,422184,-2,0.0000,24.0000,11,13,空平,B,2520.0000,0.0000,0.0000,0.0000,0.0000,2521.0000,0.0000,0.0000,0.0000,0.0000,46,0,0,0,0,109,0,0,0,0
zc,WS301,2012-06-21 09:02:43.300,2520.0000,422184,0,0.0000,8.0000,4,4,空换,S,2520.0000,0.0000,0.0000,0.0000,0.0000,2521.0000,0.0000,0.0000,0.0000,0.0000,58,0,0,0,0,49,0,0,0,0
zc,WS301,2012-06-21 09:02:43.800,2520.0000,422194,10,0.0000,12.0000,11,1,空开,S,2520.0000,0.0000,0.0000,0.0000,0.0000,2521.0000,0.0000,0.0000,0.0000,0.0000,51,0,0,0,0,44,0,0,0,0
zc,WS301,2012-06-21 09:02:44.533,2520.0000,422194,0,0.0000,10.0000,5,5,空换,S,2520.0000,0.0000,0.0000,0.0000,0.0000,2521.0000,0.0000,0.0000,0.0000,0.0000,46,0,0,0,0,75,0,0,0,0
zc,WS301,2012-06-21 09:02:45.050,2521.0000,422196,2,0.0000,2.0000,2,0,双开,B,2520.0000,0.0000,0.0000,0.0000,0.0000,2521.0000,0.0000,0.0000,0.0000,0.0000,46,0,0,0,0,74,0,0,0,0
zc,WS301,2012-06-21 09:02:45.847,2520.0000,422196,0,0.0000,2.0000,1,1,空换,S,2520.0000,0.0000,0.0000,0.0000,0.0000,2521.0000,0.0000,0.0000,0.0000,0.0000,46,0,0,0,0,77,0,0,0,0
zc,WS301,2012-06-21 09:02:46.533,2520.0000,422206,10,0.0000,16.0000,13,3,空开,S,2520.0000,0.0000,0.0000,0.0000,0.0000,2521.0000,0.0000,0.0000,0.0000,0.0000,39,0,0,0,0,77,0,0,0,0
zc,WS301,2012-06-21 09:02:47.003,2520.0000,422206,0,0.0000,0.0000,0,0,空换,S,2520.0000,0.0000,0.0000,0.0000,0.0000,2521.0000,0.0000,0.0000,0.0000,0.0000,39,0,0,0,0,101,0,0,0,0
zc,WS301,2012-06-21 09:02:47.533,2520.0000,422208,2,0.0000,4.0000,3,1,空开,S,2520.0000,0.0000,0.0000,0.0000,0.0000,2521.0000,0.0000,0.0000,0.0000,0.0000,68,0,0,0,0,102,0,0,0,0
zc,WS301,2012-06-21 09:02:48.033,2520.0000,422208,0,0.0000,6.0000,3,3,空换,S,2520.0000,0.0000,0.0000,0.0000,0.0000,2521.0000,0.0000,0.0000,0.0000,0.0000,65,0,0,0,0,101,0,0,0,0
zc,WS301,2012-06-21 09:02:48.770,2520.0000,422208,0,0.0000,6.0000,3,3,空换,S,2520.0000,0.0000,0.0000,0.0000,0.0000,2521.0000,0.0000,0.0000,0.0000,0.0000,63,0,0,0,0,102,0,0,0,0
zc,WS301,2012-06-21 09:02:50.003,2521.0000,422210,2,0.0000,2.0000,2,0,双开,B,2520.0000,0.0000,0.0000,0.0000,0.0000,2521.0000,0.0000,0.0000,0.0000,0.0000,63,0,0,0,0,101,0,0,0,0
zc,WS301,2012-06-21 09:02:50.520,2521.0000,422212,2,0.0000,2.0000,2,0,双开,B,2520.0000,0.0000,0.0000,0.0000,0.0000,2521.0000,0.0000,0.0000,0.0000,0.0000,63,0,0,0,0,100,0,0,0,0
zc,WS301,2012-06-21 09:02:51.033,2520.0000,422212,0,0.0000,8.0000,4,4,空换,S,2520.0000,0.0000,0.0000,0.0000,0.0000,2521.0000,0.0000,0.0000,0.0000,0.0000,59,0,0,0,0,107,0,0,0,0
zc,WS301,2012-06-21 09:02:51.847,2520.0000,422216,4,0.0000,4.0000,4,0,双开,S,2520.0000,0.0000,0.0000,0.0000,0.0000,2521.0000,0.0000,0.0000,0.0000,0.0000,63,0,0,0,0,107,0,0,0,0
zc,WS301,2012-06-21 09:02:53.067,2520.0000,422216,0,0.0000,2.0000,1,1,空换,S,2520.0000,0.0000,0.0000,0.0000,0.0000,2521.0000,0.0000,0.0000,0.0000,0.0000,67,0,0,0,0,108,0,0,0,0
zc,WS301,2012-06-21 09:02:53.503,2520.0000,422216,0,0.0000,10.0000,5,5,空换,S,2520.0000,0.0000,0.0000,0.0000,0.0000,2521.0000,0.0000,0.0000,0.0000,0.0000,62,0,0,0,0,108,0,0,0,0
zc,WS301,2012-06-21 09:02:54.533,2520.0000,422216,0,0.0000,0.0000,0,0,空换,S,2520.0000,0.0000,0.0000,0.0000,0.0000,2521.0000,0.0000,0.0000,0.0000,0.0000,77,0,0,0,0,113,0,0,0,0
zc,WS301,2012-06-21 09:02:55.300,2521.0000,422228,12,0.0000,32.0000,22,10,多开,B,2520.0000,0.0000,0.0000,0.0000,0.0000,2521.0000,0.0000,0.0000,0.0000,0.0000,71,0,0,0,0,103,0,0,0,0
zc,WS301,2012-06-21 09:02:55.783,2520.0000,422228,0,0.0000,2.0000,1,1,空换,S,2520.0000,0.0000,0.0000,0.0000,0.0000,2521.0000,0.0000,0.0000,0.0000,0.0000,70,0,0,0,0,107,0,0,0,0
zc,WS301,2012-06-21 09:02:56.567,2521.0000,422230,2,0.0000,10.0000,6,4,多开,B,2520.0000,0.0000,0.0000,0.0000,0.0000,2521.0000,0.0000,0.0000,0.0000,0.0000,67,0,0,0,0,106,0,0,0,0
zc,WS301,2012-06-21 09:02:57.050,2520.0000,422230,0,0.0000,4.0000,2,2,空换,S,2520.0000,0.0000,0.0000,0.0000,0.0000,2521.0000,0.0000,0.0000,0.0000,0.0000,67,0,0,0,0,106,0,0,0,0
zc,WS301,2012-06-21 09:02:58.300,2520.0000,422230,0,0.0000,0.0000,0,0,空换,S,2520.0000,0.0000,0.0000,0.0000,0.0000,2521.0000,0.0000,0.0000,0.0000,0.0000,273,0,0,0,0,107,0,0,0,0
zc,WS301,2012-06-21 09:02:58.753,2520.0000,422220,-10,0.0000,16.0000,3,13,多平,S,2520.0000,0.0000,0.0000,0.0000,0.0000,2521.0000,0.0000,0.0000,0.0000,0.0000,272,0,0,0,0,108,0,0,0,0
zc,WS301,2012-06-21 09:02:59.580,2521.0000,422160,-60,0.0000,224.0000,82,142,空平,B,2521.0000,0.0000,0.0000,0.0000,0.0000,2522.0000,0.0000,0.0000,0.0000,0.0000,45,0,0,0,0,284,0,0,0,0
zc,WS301,2012-06-21 09:03:00.020,2521.0000,422160,0,0.0000,0.0000,0,0,多换,B,2521.0000,0.0000,0.0000,0.0000,0.0000,2522.0000,0.0000,0.0000,0.0000,0.0000,46,0,0,0,0,286,0,0,0,0
zc,WS301,2012-06-21 09:03:00.533,2522.0000,422158,-2,0.0000,4.0000,1,3,空平,B,2521.0000,0.0000,0.0000,0.0000,0.0000,2522.0000,0.0000,0.0000,0.0000,0.0000,45,0,0,0,0,285,0,0,0,0
zc,WS301,2012-06-21 09:03:01.050,2521.0000,422156,-2,0.0000,2.0000,0,2,双平,S,2521.0000,0.0000,0.0000,0.0000,0.0000,2522.0000,0.0000,0.0000,0.0000,0.0000,44,0,0,0,0,285,0,0,0,0
zc,WS301,2012-06-21 09:03:01.753,2521.0000,422152,-4,0.0000,4.0000,0,4,双平,S,2521.0000,0.0000,0.0000,0.0000,0.0000,2522.0000,0.0000,0.0000,0.0000,0.0000,42,0,0,0,0,285,0,0,0,0
zc,WS301,2012-06-21 09:03:02.283,2522.0000,422152,0,0.0000,2.0000,1,1,多换,B,2521.0000,0.0000,0.0000,0.0000,0.0000,2522.0000,0.0000,0.0000,0.0000,0.0000,42,0,0,0,0,284,0,0,0,0
zc,WS301,2012-06-21 09:03:02.817,2522.0000,422152,0,0.0000,2.0000,1,1,多换,B,2521.0000,0.0000,0.0000,0.0000,0.0000,2522.0000,0.0000,0.0000,0.0000,0.0000,42,0,0,0,0,283,0,0,0,0
zc,WS301,2012-06-21 09:03:03.550,2522.0000,422330,178,0.0000,202.0000,190,12,多开,B,2521.0000,0.0000,0.0000,0.0000,0.0000,2522.0000,0.0000,0.0000,0.0000,0.0000,42,0,0,0,0,182,0,0,0,0
zc,WS301,2012-06-21 09:03:04.050,2521.0000,422324,-6,0.0000,6.0000,0,6,双平,S,2521.0000,0.0000,0.0000,0.0000,0.0000,2522.0000,0.0000,0.0000,0.0000,0.0000,40,0,0,0,0,183,0,0,0,0
zc,WS301,2012-06-21 09:03:04.770,2521.0000,422324,0,0.0000,0.0000,0,0,空换,S,2521.0000,0.0000,0.0000,0.0000,0.0000,2522.0000,0.0000,0.0000,0.0000,0.0000,45,0,0,0,0,183,0,0,0,0
zc,WS301,2012-06-21 09:03:05.317,2522.0000,422324,0,0.0000,2.0000,1,1,多换,B,2521.0000,0.0000,0.0000,0.0000,0.0000,2522.0000,0.0000,0.0000,0.0000,0.0000,45,0,0,0,0,182,0,0,0,0
zc,WS301,2012-06-21 09:03:06.050,2522.0000,422332,8,0.0000,8.0000,8,0,双开,B,2521.0000,0.0000,0.0000,0.0000,0.0000,2522.0000,0.0000,0.0000,0.0000,0.0000,45,0,0,0,0,179,0,0,0,0
zc,WS301,2012-06-21 09:03:06.503,2521.0000,422330,-2,0.0000,2.0000,0,2,双平,S,2521.0000,0.0000,0.0000,0.0000,0.0000,2522.0000,0.0000,0.0000,0.0000,0.0000,44,0,0,0,0,179,0,0,0,0
zc,WS301,2012-06-21 09:03:07.020,2521.0000,422330,0,0.0000,4.0000,2,2,空换,S,2521.0000,0.0000,0.0000,0.0000,0.0000,2522.0000,0.0000,0.0000,0.0000,0.0000,42,0,0,0,0,178,0,0,0,0
zc,WS301,2012-06-21 09:03:08.253,2521.0000,422328,-2,0.0000,12.0000,5,7,多平,S,2521.0000,0.0000,0.0000,0.0000,0.0000,2522.0000,0.0000,0.0000,0.0000,0.0000,36,0,0,0,0,178,0,0,0,0
zc,WS301,2012-06-21 09:03:08.770,2521.0000,422328,0,0.0000,0.0000,0,0,空换,S,2521.0000,0.0000,0.0000,0.0000,0.0000,2522.0000,0.0000,0.0000,0.0000,0.0000,36,0,0,0,0,184,0,0,0,0
zc,WS301,2012-06-21 09:03:09.550,2521.0000,422308,-20,0.0000,20.0000,0,20,双平,S,2521.0000,0.0000,0.0000,0.0000,0.0000,2522.0000,0.0000,0.0000,0.0000,0.0000,26,0,0,0,0,185,0,0,0,0
zc,WS301,2012-06-21 09:03:10.050,2522.0000,422314,6,0.0000,10.0000,8,2,多开,B,2521.0000,0.0000,0.0000,0.0000,0.0000,2522.0000,0.0000,0.0000,0.0000,0.0000,26,0,0,0,0,183,0,0,0,0
zc,WS301,2012-06-21 09:03:11.270,2522.0000,422188,-126,0.0000,204.0000,39,165,空平,B,2521.0000,0.0000,0.0000,0.0000,0.0000,2522.0000,0.0000,0.0000,0.0000,0.0000,84,0,0,0,0,89,0,0,0,0
zc,WS301,2012-06-21 09:03:11.737,2521.0000,422176,-12,0.0000,16.0000,2,14,多平,S,2521.0000,0.0000,0.0000,0.0000,0.0000,2522.0000,0.0000,0.0000,0.0000,0.0000,76,0,0,0,0,88,0,0,0,0
zc,WS301,2012-06-21 09:03:12.520,2521.0000,422164,-12,0.0000,14.0000,1,13,多平,S,2521.0000,0.0000,0.0000,0.0000,0.0000,2522.0000,0.0000,0.0000,0.0000,0.0000,71,0,0,0,0,89,0,0,0,0
zc,WS301,2012-06-21 09:03:13.020,2521.0000,422164,0,0.0000,2.0000,1,1,空换,S,2521.0000,0.0000,0.0000,0.0000,0.0000,2522.0000,0.0000,0.0000,0.0000,0.0000,72,0,0,0,0,101,0,0,0,0
zc,WS301,2012-06-21 09:03:13.800,2522.0000,422164,0,0.0000,2.0000,1,1,多换,B,2521.0000,0.0000,0.0000,0.0000,0.0000,2522.0000,0.0000,0.0000,0.0000,0.0000,74,0,0,0,0,100,0,0,0,0
zc,WS301,2012-06-21 09:03:14.270,2521.0000,422164,0,0.0000,2.0000,1,1,空换,S,2521.0000,0.0000,0.0000,0.0000,0.0000,2522.0000,0.0000,0.0000,0.0000,0.0000,74,0,0,0,0,100,0,0,0,0
zc,WS301,2012-06-21 09:03:14.783,2522.0000,422164,0,0.0000,20.0000,10,10,多换,B,2521.0000,0.0000,0.0000,0.0000,0.0000,2522.0000,0.0000,0.0000,0.0000,0.0000,74,0,0,0,0,91,0,0,0,0
zc,WS301,2012-06-21 09:03:15.317,2522.0000,422164,0,0.0000,6.0000,3,3,多换,B,2521.0000,0.0000,0.0000,0.0000,0.0000,2522.0000,0.0000,0.0000,0.0000,0.0000,73,0,0,0,0,89,0,0,0,0
zc,WS301,2012-06-21 09:03:16.050,2522.0000,422164,0,0.0000,0.0000,0,0,多换,B,2521.0000,0.0000,0.0000,0.0000,0.0000,2522.0000,0.0000,0.0000,0.0000,0.0000,74,0,0,0,0,89,0,0,0,0
zc,WS301,2012-06-21 09:03:16.783,2522.0000,422164,0,0.0000,10.0000,5,5,多换,B,2521.0000,0.0000,0.0000,0.0000,0.0000,2522.0000,0.0000,0.0000,0.0000,0.0000,73,0,0,0,0,89,0,0,0,0
zc,WS301,2012-06-21 09:03:17.300,2522.0000,422188,24,0.0000,24.0000,24,0,双开,B,2521.0000,0.0000,0.0000,0.0000,0.0000,2522.0000,0.0000,0.0000,0.0000,0.0000,73,0,0,0,0,78,0,0,0,0
zc,WS301,2012-06-21 09:03:18.003,2522.0000,422182,-6,0.0000,24.0000,9,15,空平,B,2521.0000,0.0000,0.0000,0.0000,0.0000,2522.0000,0.0000,0.0000,0.0000,0.0000,62,0,0,0,0,76,0,0,0,0
zc,WS301,2012-06-21 09:03:18.253,2522.0000,422182,0,0.0000,2.0000,1,1,多换,B,2521.0000,0.0000,0.0000,0.0000,0.0000,2522.0000,0.0000,0.0000,0.0000,0.0000,63,0,0,0,0,77,0,0,0,0
zc,WS301,2012-06-21 09:03:19.033,2521.0000,422182,0,0.0000,32.0000,16,16,空换,S,2521.0000,0.0000,0.0000,0.0000,0.0000,2522.0000,0.0000,0.0000,0.0000,0.0000,47,0,0,0,0,77,0,0,0,0
zc,WS301,2012-06-21 09:03:19.550,2521.0000,422164,-18,0.0000,18.0000,0,18,双平,S,2521.0000,0.0000,0.0000,0.0000,0.0000,2522.0000,0.0000,0.0000,0.0000,0.0000,38,0,0,0,0,77,0,0,0,0
zc,WS301,2012-06-21 09:03:20.300,2521.0000,422176,12,0.0000,160.0000,86,74,空开,S,2521.0000,0.0000,0.0000,0.0000,0.0000,2522.0000,0.0000,0.0000,0.0000,0.0000,8,0,0,0,0,59,0,0,0,0
zc,WS301,2012-06-21 09:03:20.783,2522.0000,422180,4,0.0000,6.0000,5,1,多开,B,2521.0000,0.0000,0.0000,0.0000,0.0000,2522.0000,0.0000,0.0000,0.0000,0.0000,8,0,0,0,0,56,0,0,0,0
zc,WS301,2012-06-21 09:03:21.520,2521.0000,422180,0,0.0000,2.0000,1,1,空换,S,2521.0000,0.0000,0.0000,0.0000,0.0000,2522.0000,0.0000,0.0000,0.0000,0.0000,8,0,0,0,0,56,0,0,0,0
zc,WS301,2012-06-21 09:03:22.020,2522.0000,422182,2,0.0000,20.0000,11,9,多开,B,2521.0000,0.0000,0.0000,0.0000,0.0000,2522.0000,0.0000,0.0000,0.0000,0.0000,3,0,0,0,0,51,0,0,0,0
zc,WS301,2012-06-21 09:03:22.550,2521.0000,422208,26,0.0000,28.0000,27,1,空开,S,2520.0000,0.0000,0.0000,0.0000,0.0000,2522.0000,0.0000,0.0000,0.0000,0.0000,453,0,0,0,0,51,0,0,0,0
zc,WS301,2012-06-21 09:03:23.283,2521.0000,422208,0,0.0000,2.0000,1,1,空换,S,2521.0000,0.0000,0.0000,0.0000,0.0000,2522.0000,0.0000,0.0000,0.0000,0.0000,1,0,0,0,0,51,0,0,0,0
zc,WS301,2012-06-21 09:03:23.753,2522.0000,422248,40,0.0000,82.0000,61,21,多开,B,2521.0000,0.0000,0.0000,0.0000,0.0000,2522.0000,0.0000,0.0000,0.0000,0.0000,51,0,0,0,0,11,0,0,0,0
zc,WS301,2012-06-21 09:03:24.520,2522.0000,422248,0,0.0000,0.0000,0,0,多换,B,2521.0000,0.0000,0.0000,0.0000,0.0000,2522.0000,0.0000,0.0000,0.0000,0.0000,52,0,0,0,0,11,0,0,0,0
zc,WS301,2012-06-21 09:03:25.033,2522.0000,422250,2,0.0000,2.0000,2,0,双开,B,2521.0000,0.0000,0.0000,0.0000,0.0000,2522.0000,0.0000,0.0000,0.0000,0.0000,52,0,0,0,0,10,0,0,0,0
zc,WS301,2012-06-21 09:03:25.783,2521.0000,422252,2,0.0000,4.0000,3,1,空开,S,2521.0000,0.0000,0.0000,0.0000,0.0000,2522.0000,0.0000,0.0000,0.0000,0.0000,72,0,0,0,0,11,0,0,0,0
zc,WS301,2012-06-21 09:03:26.533,2522.0000,422254,2,0.0000,2.0000,2,0,双开,B,2521.0000,0.0000,0.0000,0.0000,0.0000,2522.0000,0.0000,0.0000,0.0000,0.0000,112,0,0,0,0,11,0,0,0,0
zc,WS301,2012-06-21 09:03:27.253,2522.0000,422254,0,0.0000,0.0000,0,0,多换,B,2521.0000,0.0000,0.0000,0.0000,0.0000,2522.0000,0.0000,0.0000,0.0000,0.0000,112,0,0,0,0,13,0,0,0,0
zc,WS301,2012-06-21 09:03:27.737,2521.0000,422242,-12,0.0000,60.0000,24,36,多平,S,2521.0000,0.0000,0.0000,0.0000,0.0000,2522.0000,0.0000,0.0000,0.0000,0.0000,107,0,0,0,0,15,0,0,0,0
zc,WS301,2012-06-21 09:03:28.283,2521.0000,422242,0,0.0000,32.0000,16,16,空换,S,2521.0000,0.0000,0.0000,0.0000,0.0000,2523.0000,0.0000,0.0000,0.0000,0.0000,107,0,0,0,0,63,0,0,0,0
zc,WS301,2012-06-21 09:03:28.817,2522.0000,422048,-194,0.0000,282.0000,44,238,空平,B,2521.0000,0.0000,0.0000,0.0000,0.0000,2523.0000,0.0000,0.0000,0.0000,0.0000,12,0,0,0,0,53,0,0,0,0
zc,WS301,2012-06-21 09:03:29.847,2522.0000,422048,0,0.0000,2.0000,1,1,多换,B,2521.0000,0.0000,0.0000,0.0000,0.0000,2523.0000,0.0000,0.0000,0.0000,0.0000,111,0,0,0,0,52,0,0,0,0
zc,WS301,2012-06-21 09:03:30.033,2522.0000,422048,0,0.0000,0.0000,0,0,多换,B,2521.0000,0.0000,0.0000,0.0000,0.0000,2522.0000,0.0000,0.0000,0.0000,0.0000,112,0,0,0,0,1,0,0,0,0
zc,WS301,2012-06-21 09:03:30.783,2522.0000,422048,0,0.0000,2.0000,1,1,多换,B,2521.0000,0.0000,0.0000,0.0000,0.0000,2523.0000,0.0000,0.0000,0.0000,0.0000,164,0,0,0,0,66,0,0,0,0
zc,WS301,2012-06-21 09:03:31.283,2522.0000,422048,0,0.0000,0.0000,0,0,多换,B,2521.0000,0.0000,0.0000,0.0000,0.0000,2523.0000,0.0000,0.0000,0.0000,0.0000,165,0,0,0,0,66,0,0,0,0
zc,WS301,2012-06-21 09:03:31.783,2523.0000,422046,-2,0.0000,4.0000,1,3,空平,B,2521.0000,0.0000,0.0000,0.0000,0.0000,2523.0000,0.0000,0.0000,0.0000,0.0000,164,0,0,0,0,65,0,0,0,0
zc,WS301,2012-06-21 09:03:32.533,2523.0000,422046,0,0.0000,2.0000,1,1,多换,B,2521.0000,0.0000,0.0000,0.0000,0.0000,2523.0000,0.0000,0.0000,0.0000,0.0000,165,0,0,0,0,64,0,0,0,0
zc,WS301,2012-06-21 09:03:33.050,2523.0000,422046,0,0.0000,80.0000,40,40,多换,B,2521.0000,0.0000,0.0000,0.0000,0.0000,2523.0000,0.0000,0.0000,0.0000,0.0000,165,0,0,0,0,91,0,0,0,0
zc,WS301,2012-06-21 09:03:33.817,2522.0000,422048,2,0.0000,2.0000,2,0,双开,S,2522.0000,0.0000,0.0000,0.0000,0.0000,2523.0000,0.0000,0.0000,0.0000,0.0000,19,0,0,0,0,99,0,0,0,0
zc,WS301,2012-06-21 09:03:34.270,2522.0000,422048,0,0.0000,0.0000,0,0,空换,S,2522.0000,0.0000,0.0000,0.0000,0.0000,2523.0000,0.0000,0.0000,0.0000,0.0000,19,0,0,0,0,100,0,0,0,0
zc,WS301,2012-06-21 09:03:35.050,2522.0000,422048,0,0.0000,6.0000,3,3,空换,S,2522.0000,0.0000,0.0000,0.0000,0.0000,2523.0000,0.0000,0.0000,0.0000,0.0000,16,0,0,0,0,92,0,0,0,0
zc,WS301,2012-06-21 09:03:35.533,2523.0000,422048,0,0.0000,20.0000,10,10,多换,B,2522.0000,0.0000,0.0000,0.0000,0.0000,2523.0000,0.0000,0.0000,0.0000,0.0000,17,0,0,0,0,84,0,0,0,0
zc,WS301,2012-06-21 09:03:36.283,2522.0000,422048,0,0.0000,22.0000,11,11,空换,S,2522.0000,0.0000,0.0000,0.0000,0.0000,2523.0000,0.0000,0.0000,0.0000,0.0000,8,0,0,0,0,92,0,0,0,0
zc,WS301,2012-06-21 09:03:36.550,2522.0000,422050,2,0.0000,16.0000,9,7,空开,S,2521.0000,0.0000,0.0000,0.0000,0.0000,2522.0000,0.0000,0.0000,0.0000,0.0000,165,0,0,0,0,8,0,0,0,0
zc,WS301,2012-06-21 09:03:37.300,2522.0000,422050,0,0.0000,10.0000,5,5,空换,S,2521.0000,0.0000,0.0000,0.0000,0.0000,2522.0000,0.0000,0.0000,0.0000,0.0000,162,0,0,0,0,18,0,0,0,0
zc,WS301,2012-06-21 09:03:37.753,2523.0000,422078,28,0.0000,84.0000,56,28,多开,B,2522.0000,0.0000,0.0000,0.0000,0.0000,2523.0000,0.0000,0.0000,0.0000,0.0000,2,0,0,0,0,156,0,0,0,0
zc,WS301,2012-06-21 09:03:38.503,2523.0000,422078,0,0.0000,0.0000,0,0,多换,B,2522.0000,0.0000,0.0000,0.0000,0.0000,2523.0000,0.0000,0.0000,0.0000,0.0000,12,0,0,0,0,156,0,0,0,0
zc,WS301,2012-06-21 09:03:39.067,2522.0000,422080,2,0.0000,12.0000,7,5,空开,S,2522.0000,0.0000,0.0000,0.0000,0.0000,2523.0000,0.0000,0.0000,0.0000,0.0000,39,0,0,0,0,156,0,0,0,0
zc,WS301,2012-06-21 09:03:39.533,2522.0000,422080,0,0.0000,2.0000,1,1,空换,S,2522.0000,0.0000,0.0000,0.0000,0.0000,2523.0000,0.0000,0.0000,0.0000,0.0000,41,0,0,0,0,156,0,0,0,0
zc,WS301,2012-06-21 09:03:40.237,2522.0000,422080,0,0.0000,4.0000,2,2,空换,S,2522.0000,0.0000,0.0000,0.0000,0.0000,2523.0000,0.0000,0.0000,0.0000,0.0000,56,0,0,0,0,157,0,0,0,0
zc,WS301,2012-06-21 09:03:40.503,2523.0000,422080,0,0.0000,2.0000,1,1,多换,B,2522.0000,0.0000,0.0000,0.0000,0.0000,2523.0000,0.0000,0.0000,0.0000,0.0000,56,0,0,0,0,153,0,0,0,0
zc,WS301,2012-06-21 09:03:41.270,2523.0000,422082,2,0.0000,4.0000,3,1,多开,B,2522.0000,0.0000,0.0000,0.0000,0.0000,2523.0000,0.0000,0.0000,0.0000,0.0000,115,0,0,0,0,192,0,0,0,0
zc,WS301,2012-06-21 09:03:41.783,2523.0000,422084,2,0.0000,92.0000,47,45,多开,B,2522.0000,0.0000,0.0000,0.0000,0.0000,2523.0000,0.0000,0.0000,0.0000,0.0000,139,0,0,0,0,152,0,0,0,0
zc,WS301,2012-06-21 09:03:42.550,2523.0000,422082,-2,0.0000,2.0000,0,2,双平,B,2522.0000,0.0000,0.0000,0.0000,0.0000,2523.0000,0.0000,0.0000,0.0000,0.0000,139,0,0,0,0,151,0,0,0,0
zc,WS301,2012-06-21 09:03:43.033,2522.0000,422088,6,0.0000,8.0000,7,1,空开,S,2522.0000,0.0000,0.0000,0.0000,0.0000,2523.0000,0.0000,0.0000,0.0000,0.0000,138,0,0,0,0,146,0,0,0,0
zc,WS301,2012-06-21 09:03:43.580,2523.0000,422090,2,0.0000,4.0000,3,1,多开,B,2522.0000,0.0000,0.0000,0.0000,0.0000,2523.0000,0.0000,0.0000,0.0000,0.0000,138,0,0,0,0,144,0,0,0,0
zc,WS301,2012-06-21 09:03:44.270,2523.0000,422090,0,0.0000,6.0000,3,3,多换,B,2522.0000,0.0000,0.0000,0.0000,0.0000,2523.0000,0.0000,0.0000,0.0000,0.0000,168,0,0,0,0,142,0,0,0,0
zc,WS301,2012-06-21 09:03:44.783,2523.0000,422092,2,0.0000,2.0000,2,0,双开,B,2522.0000,0.0000,0.0000,0.0000,0.0000,2523.0000,0.0000,0.0000,0.0000,0.0000,168,0,0,0,0,141,0,0,0,0
zc,WS301,2012-06-21 09:03:45.550,2523.0000,422096,4,0.0000,4.0000,4,0,双开,B,2522.0000,0.0000,0.0000,0.0000,0.0000,2523.0000,0.0000,0.0000,0.0000,0.0000,168,0,0,0,0,140,0,0,0,0
zc,WS301,2012-06-21 09:03:45.753,2523.0000,422096,0,0.0000,0.0000,0,0,多换,B,2522.0000,0.0000,0.0000,0.0000,0.0000,2523.0000,0.0000,0.0000,0.0000,0.0000,172,0,0,0,0,145,0,0,0,0
zc,WS301,2012-06-21 09:03:46.520,2523.0000,422096,0,0.0000,0.0000,0,0,多换,B,2522.0000,0.0000,0.0000,0.0000,0.0000,2523.0000,0.0000,0.0000,0.0000,0.0000,173,0,0,0,0,115,0,0,0,0
zc,WS301,2012-06-21 09:03:47.003,2523.0000,422110,14,0.0000,14.0000,14,0,双开,B,2522.0000,0.0000,0.0000,0.0000,0.0000,2523.0000,0.0000,0.0000,0.0000,0.0000,174,0,0,0,0,99,0,0,0,0
zc,WS301,2012-06-21 09:03:47.753,2522.0000,422110,0,0.0000,6.0000,3,3,空换,S,2522.0000,0.0000,0.0000,0.0000,0.0000,2523.0000,0.0000,0.0000,0.0000,0.0000,171,0,0,0,0,98,0,0,0,0
zc,WS301,2012-06-21 09:03:48.270,2523.0000,422120,10,0.0000,10.0000,10,0,双开,B,2522.0000,0.0000,0.0000,0.0000,0.0000,2523.0000,0.0000,0.0000,0.0000,0.0000,171,0,0,0,0,87,0,0,0,0
zc,WS301,2012-06-21 09:03:48.800,2523.0000,422196,76,0.0000,152.0000,114,38,多开,B,2523.0000,0.0000,0.0000,0.0000,0.0000,2524.0000,0.0000,0.0000,0.0000,0.0000,39,0,0,0,0,35,0,0,0,0
zc,WS301,2012-06-21 09:03:49.550,2523.0000,422196,0,0.0000,0.0000,0,0,多换,B,2523.0000,0.0000,0.0000,0.0000,0.0000,2524.0000,0.0000,0.0000,0.0000,0.0000,69,0,0,0,0,37,0,0,0,0
zc,WS301,2012-06-21 09:03:49.737,2523.0000,422198,2,0.0000,6.0000,4,2,多开,B,2523.0000,0.0000,0.0000,0.0000,0.0000,2524.0000,0.0000,0.0000,0.0000,0.0000,66,0,0,0,0,41,0,0,0,0
zc,WS301,2012-06-21 09:03:50.800,2524.0000,422200,2,0.0000,6.0000,4,2,多开,B,2523.0000,0.0000,0.0000,0.0000,0.0000,2524.0000,0.0000,0.0000,0.0000,0.0000,64,0,0,0,0,40,0,0,0,0
zc,WS301,2012-06-21 09:03:51.237,2524.0000,422200,0,0.0000,0.0000,0,0,多换,B,2523.0000,0.0000,0.0000,0.0000,0.0000,2524.0000,0.0000,0.0000,0.0000,0.0000,64,0,0,0,0,38,0,0,0,0
zc,WS301,2012-06-21 09:03:51.817,2524.0000,422252,52,0.0000,86.0000,69,17,多开,B,2524.0000,0.0000,0.0000,0.0000,0.0000,2525.0000,0.0000,0.0000,0.0000,0.0000,57,0,0,0,0,75,0,0,0,0
zc,WS301,2012-06-21 09:03:52.300,2524.0000,422252,0,0.0000,0.0000,0,0,多换,B,2524.0000,0.0000,0.0000,0.0000,0.0000,2525.0000,0.0000,0.0000,0.0000,0.0000,57,0,0,0,0,85,0,0,0,0
zc,WS301,2012-06-21 09:03:53.050,2524.0000,422252,0,0.0000,16.0000,8,8,多换,B,2524.0000,0.0000,0.0000,0.0000,0.0000,2525.0000,0.0000,0.0000,0.0000,0.0000,49,0,0,0,0,82,0,0,0,0
zc,WS301,2012-06-21 09:03:53.597,2524.0000,422252,0,0.0000,6.0000,3,3,多换,B,2524.0000,0.0000,0.0000,0.0000,0.0000,2525.0000,0.0000,0.0000,0.0000,0.0000,61,0,0,0,0,75,0,0,0,0
zc,WS301,2012-06-21 09:03:54.033,2525.0000,422282,30,0.0000,64.0000,47,17,多开,B,2524.0000,0.0000,0.0000,0.0000,0.0000,2525.0000,0.0000,0.0000,0.0000,0.0000,65,0,0,0,0,58,0,0,0,0
zc,WS301,2012-06-21 09:03:54.800,2525.0000,422272,-10,0.0000,12.0000,1,11,空平,B,2524.0000,0.0000,0.0000,0.0000,0.0000,2525.0000,0.0000,0.0000,0.0000,0.0000,65,0,0,0,0,62,0,0,0,0
zc,WS301,2012-06-21 09:03:55.317,2524.0000,422272,0,0.0000,4.0000,2,2,空换,S,2524.0000,0.0000,0.0000,0.0000,0.0000,2525.0000,0.0000,0.0000,0.0000,0.0000,63,0,0,0,0,62,0,0,0,0
zc,WS301,2012-06-21 09:03:56.067,2525.0000,422310,38,0.0000,130.0000,84,46,多开,B,2525.0000,0.0000,0.0000,0.0000,0.0000,2526.0000,0.0000,0.0000,0.0000,0.0000,2,0,0,0,0,64,0,0,0,0
zc,WS301,2012-06-21 09:03:56.550,2525.0000,422304,-6,0.0000,10.0000,2,8,空平,B,2525.0000,0.0000,0.0000,0.0000,0.0000,2526.0000,0.0000,0.0000,0.0000,0.0000,3,0,0,0,0,71,0,0,0,0
zc,WS301,2012-06-21 09:03:57.317,2525.0000,422304,0,0.0000,0.0000,0,0,多换,B,2525.0000,0.0000,0.0000,0.0000,0.0000,2526.0000,0.0000,0.0000,0.0000,0.0000,5,0,0,0,0,51,0,0,0,0
zc,WS301,2012-06-21 09:03:57.533,2525.0000,422306,2,0.0000,12.0000,7,5,多开,B,2525.0000,0.0000,0.0000,0.0000,0.0000,2526.0000,0.0000,0.0000,0.0000,0.0000,39,0,0,0,0,52,0,0,0,0
zc,WS301,2012-06-21 09:03:58.317,2525.0000,422310,4,0.0000,4.0000,4,0,双开,B,2525.0000,0.0000,0.0000,0.0000,0.0000,2526.0000,0.0000,0.0000,0.0000,0.0000,67,0,0,0,0,52,0,0,0,0
zc,WS301,2012-06-21 09:03:58.783,2525.0000,422312,2,0.0000,2.0000,2,0,双开,B,2525.0000,0.0000,0.0000,0.0000,0.0000,2526.0000,0.0000,0.0000,0.0000,0.0000,66,0,0,0,0,53,0,0,0,0
zc,WS301,2012-06-21 09:03:59.567,2525.0000,422312,0,0.0000,0.0000,0,0,多换,B,2525.0000,0.0000,0.0000,0.0000,0.0000,2526.0000,0.0000,0.0000,0.0000,0.0000,70,0,0,0,0,54,0,0,0,0
zc,WS301,2012-06-21 09:04:01.270,2525.0000,422312,0,0.0000,0.0000,0,0,多换,B,2525.0000,0.0000,0.0000,0.0000,0.0000,2526.0000,0.0000,0.0000,0.0000,0.0000,70,0,0,0,0,58,0,0,0,0
zc,WS301,2012-06-21 09:04:01.830,2525.0000,422312,0,0.0000,10.0000,5,5,多换,B,2525.0000,0.0000,0.0000,0.0000,0.0000,2526.0000,0.0000,0.0000,0.0000,0.0000,65,0,0,0,0,73,0,0,0,0
zc,WS301,2012-06-21 09:04:02.520,2525.0000,422312,0,0.0000,0.0000,0,0,多换,B,2525.0000,0.0000,0.0000,0.0000,0.0000,2526.0000,0.0000,0.0000,0.0000,0.0000,65,0,0,0,0,84,0,0,0,0
zc,WS301,2012-06-21 09:04:03.067,2525.0000,422312,0,0.0000,0.0000,0,0,多换,B,2525.0000,0.0000,0.0000,0.0000,0.0000,2526.0000,0.0000,0.0000,0.0000,0.0000,166,0,0,0,0,90,0,0,0,0
zc,WS301,2012-06-21 09:04:03.737,2525.0000,422312,0,0.0000,2.0000,1,1,多换,B,2525.0000,0.0000,0.0000,0.0000,0.0000,2526.0000,0.0000,0.0000,0.0000,0.0000,165,0,0,0,0,145,0,0,0,0
zc,WS301,2012-06-21 09:04:04.300,2526.0000,422312,0,0.0000,6.0000,3,3,多换,B,2525.0000,0.0000,0.0000,0.0000,0.0000,2526.0000,0.0000,0.0000,0.0000,0.0000,154,0,0,0,0,161,0,0,0,0
zc,WS301,2012-06-21 09:04:05.080,2526.0000,422306,-6,0.0000,6.0000,0,6,双平,B,2525.0000,0.0000,0.0000,0.0000,0.0000,2526.0000,0.0000,0.0000,0.0000,0.0000,154,0,0,0,0,158,0,0,0,0
zc,WS301,2012-06-21 09:04:05.533,2526.0000,422328,22,0.0000,54.0000,38,16,多开,B,2525.0000,0.0000,0.0000,0.0000,0.0000,2526.0000,0.0000,0.0000,0.0000,0.0000,141,0,0,0,0,135,0,0,0,0
zc,WS301,2012-06-21 09:04:06.097,2526.0000,422328,0,0.0000,24.0000,12,12,多换,B,2525.0000,0.0000,0.0000,0.0000,0.0000,2526.0000,0.0000,0.0000,0.0000,0.0000,139,0,0,0,0,125,0,0,0,0
zc,WS301,2012-06-21 09:04:06.567,2525.0000,422328,0,0.0000,4.0000,2,2,空换,S,2525.0000,0.0000,0.0000,0.0000,0.0000,2526.0000,0.0000,0.0000,0.0000,0.0000,127,0,0,0,0,127,0,0,0,0
zc,WS301,2012-06-21 09:04:07.330,2526.0000,422334,6,0.0000,6.0000,6,0,双开,B,2525.0000,0.0000,0.0000,0.0000,0.0000,2526.0000,0.0000,0.0000,0.0000,0.0000,126,0,0,0,0,127,0,0,0,0
zc,WS301,2012-06-21 09:04:07.770,2526.0000,422334,0,0.0000,0.0000,0,0,多换,B,2525.0000,0.0000,0.0000,0.0000,0.0000,2526.0000,0.0000,0.0000,0.0000,0.0000,126,0,0,0,0,142,0,0,0,0
zc,WS301,2012-06-21 09:04:08.613,2526.0000,422334,0,0.0000,4.0000,2,2,多换,B,2525.0000,0.0000,0.0000,0.0000,0.0000,2526.0000,0.0000,0.0000,0.0000,0.0000,126,0,0,0,0,140,0,0,0,0
zc,WS301,2012-06-21 09:04:09.283,2525.0000,422344,10,0.0000,16.0000,13,3,空开,S,2525.0000,0.0000,0.0000,0.0000,0.0000,2526.0000,0.0000,0.0000,0.0000,0.0000,134,0,0,0,0,137,0,0,0,0
zc,WS301,2012-06-21 09:04:09.817,2525.0000,422346,2,0.0000,6.0000,4,2,空开,S,2525.0000,0.0000,0.0000,0.0000,0.0000,2526.0000,0.0000,0.0000,0.0000,0.0000,131,0,0,0,0,139,0,0,0,0
zc,WS301,2012-06-21 09:04:10.270,2526.0000,422390,44,0.0000,46.0000,45,1,多开,B,2525.0000,0.0000,0.0000,0.0000,0.0000,2526.0000,0.0000,0.0000,0.0000,0.0000,143,0,0,0,0,121,0,0,0,0
zc,WS301,2012-06-21 09:04:11.097,2525.0000,422392,2,0.0000,20.0000,11,9,空开,S,2525.0000,0.0000,0.0000,0.0000,0.0000,2526.0000,0.0000,0.0000,0.0000,0.0000,132,0,0,0,0,120,0,0,0,0
zc,WS301,2012-06-21 09:04:11.550,2525.0000,422394,2,0.0000,2.0000,2,0,双开,S,2525.0000,0.0000,0.0000,0.0000,0.0000,2526.0000,0.0000,0.0000,0.0000,0.0000,131,0,0,0,0,125,0,0,0,0
zc,WS301,2012-06-21 09:04:11.987,2525.0000,422400,6,0.0000,12.0000,9,3,空开,S,2525.0000,0.0000,0.0000,0.0000,0.0000,2526.0000,0.0000,0.0000,0.0000,0.0000,125,0,0,0,0,126,0,0,0,0
zc,WS301,2012-06-21 09:04:12.800,2525.0000,422396,-4,0.0000,40.0000,18,22,多平,S,2525.0000,0.0000,0.0000,0.0000,0.0000,2526.0000,0.0000,0.0000,0.0000,0.0000,107,0,0,0,0,129,0,0,0,0
zc,WS301,2012-06-21 09:04:13.270,2525.0000,422396,0,0.0000,0.0000,0,0,空换,S,2525.0000,0.0000,0.0000,0.0000,0.0000,2526.0000,0.0000,0.0000,0.0000,0.0000,107,0,0,0,0,133,0,0,0,0
zc,WS301,2012-06-21 09:04:13.737,2525.0000,422418,22,0.0000,246.0000,134,112,空开,S,2525.0000,0.0000,0.0000,0.0000,0.0000,2526.0000,0.0000,0.0000,0.0000,0.0000,4,0,0,0,0,114,0,0,0,0
zc,WS301,2012-06-21 09:04:14.567,2525.0000,422438,20,0.0000,30.0000,25,5,空开,S,2524.0000,0.0000,0.0000,0.0000,0.0000,2525.0000,0.0000,0.0000,0.0000,0.0000,39,0,0,0,0,1,0,0,0,0
zc,WS301,2012-06-21 09:04:15.033,2524.0000,422440,2,0.0000,2.0000,2,0,双开,S,2524.0000,0.0000,0.0000,0.0000,0.0000,2525.0000,0.0000,0.0000,0.0000,0.0000,38,0,0,0,0,3,0,0,0,0
zc,WS301,2012-06-21 09:04:15.783,2525.0000,422440,0,0.0000,2.0000,1,1,多换,B,2524.0000,0.0000,0.0000,0.0000,0.0000,2525.0000,0.0000,0.0000,0.0000,0.0000,31,0,0,0,0,97,0,0,0,0
zc,WS301,2012-06-21 09:04:16.550,2524.0000,422442,2,0.0000,2.0000,2,0,双开,S,2524.0000,0.0000,0.0000,0.0000,0.0000,2525.0000,0.0000,0.0000,0.0000,0.0000,33,0,0,0,0,114,0,0,0,0
zc,WS301,2012-06-21 09:04:17.003,2525.0000,422442,0,0.0000,2.0000,1,1,多换,B,2524.0000,0.0000,0.0000,0.0000,0.0000,2525.0000,0.0000,0.0000,0.0000,0.0000,33,0,0,0,0,123,0,0,0,0
zc,WS301,2012-06-21 09:04:17.520,2524.0000,422444,2,0.0000,8.0000,5,3,空开,S,2524.0000,0.0000,0.0000,0.0000,0.0000,2525.0000,0.0000,0.0000,0.0000,0.0000,29,0,0,0,0,146,0,0,0,0
zc,WS301,2012-06-21 09:04:18.363,2524.0000,422448,4,0.0000,14.0000,9,5,空开,S,2524.0000,0.0000,0.0000,0.0000,0.0000,2525.0000,0.0000,0.0000,0.0000,0.0000,13,0,0,0,0,153,0,0,0,0
zc,WS301,2012-06-21 09:04:18.800,2524.0000,422508,60,0.0000,72.0000,66,6,空开,S,2524.0000,0.0000,0.0000,0.0000,0.0000,2525.0000,0.0000,0.0000,0.0000,0.0000,10,0,0,0,0,121,0,0,0,0
zc,WS301,2012-06-21 09:04:19.550,2524.0000,422510,2,0.0000,10.0000,6,4,空开,S,2524.0000,0.0000,0.0000,0.0000,0.0000,2525.0000,0.0000,0.0000,0.0000,0.0000,5,0,0,0,0,122,0,0,0,0
zc,WS301,2012-06-21 09:04:20.003,2524.0000,422508,-2,0.0000,8.0000,3,5,多平,S,2524.0000,0.0000,0.0000,0.0000,0.0000,2525.0000,0.0000,0.0000,0.0000,0.0000,2,0,0,0,0,122,0,0,0,0
zc,WS301,2012-06-21 09:04:21.033,2524.0000,422504,-4,0.0000,4.0000,0,4,双平,S,2523.0000,0.0000,0.0000,0.0000,0.0000,2525.0000,0.0000,0.0000,0.0000,0.0000,206,0,0,0,0,126,0,0,0,0
zc,WS301,2012-06-21 09:04:21.567,2524.0000,422504,0,0.0000,6.0000,3,3,空换,S,2524.0000,0.0000,0.0000,0.0000,0.0000,2525.0000,0.0000,0.0000,0.0000,0.0000,6,0,0,0,0,127,0,0,0,0
zc,WS301,2012-06-21 09:04:22.330,2524.0000,422504,0,0.0000,6.0000,3,3,空换,S,2524.0000,0.0000,0.0000,0.0000,0.0000,2525.0000,0.0000,0.0000,0.0000,0.0000,3,0,0,0,0,129,0,0,0,0
zc,WS301,2012-06-21 09:04:22.783,2524.0000,422504,0,0.0000,0.0000,0,0,空换,S,2524.0000,0.0000,0.0000,0.0000,0.0000,2525.0000,0.0000,0.0000,0.0000,0.0000,5,0,0,0,0,129,0,0,0,0
zc,WS301,2012-06-21 09:04:23.300,2524.0000,422510,6,0.0000,6.0000,6,0,双开,S,2524.0000,0.0000,0.0000,0.0000,0.0000,2525.0000,0.0000,0.0000,0.0000,0.0000,10,0,0,0,0,99,0,0,0,0
zc,WS301,2012-06-21 09:04:23.817,2524.0000,422510,0,0.0000,10.0000,5,5,空换,S,2524.0000,0.0000,0.0000,0.0000,0.0000,2525.0000,0.0000,0.0000,0.0000,0.0000,10,0,0,0,0,103,0,0,0,0
zc,WS301,2012-06-21 09:04:24.567,2524.0000,422510,0,0.0000,2.0000,1,1,空换,S,2524.0000,0.0000,0.0000,0.0000,0.0000,2525.0000,0.0000,0.0000,0.0000,0.0000,15,0,0,0,0,103,0,0,0,0
zc,WS301,2012-06-21 09:04:25.050,2524.0000,422510,0,0.0000,0.0000,0,0,空换,S,2524.0000,0.0000,0.0000,0.0000,0.0000,2525.0000,0.0000,0.0000,0.0000,0.0000,45,0,0,0,0,124,0,0,0,0
zc,WS301,2012-06-21 09:04:25.550,2524.0000,422510,0,0.0000,8.0000,4,4,空换,S,2524.0000,0.0000,0.0000,0.0000,0.0000,2525.0000,0.0000,0.0000,0.0000,0.0000,41,0,0,0,0,125,0,0,0,0
zc,WS301,2012-06-21 09:04:26.300,2524.0000,422512,2,0.0000,22.0000,12,10,空开,S,2524.0000,0.0000,0.0000,0.0000,0.0000,2525.0000,0.0000,0.0000,0.0000,0.0000,30,0,0,0,0,127,0,0,0,0
zc,WS301,2012-06-21 09:04:26.783,2525.0000,422514,2,0.0000,2.0000,2,0,双开,B,2524.0000,0.0000,0.0000,0.0000,0.0000,2525.0000,0.0000,0.0000,0.0000,0.0000,30,0,0,0,0,126,0,0,0,0
zc,WS301,2012-06-21 09:04:27.503,2524.0000,422504,-10,0.0000,10.0000,0,10,双平,S,2524.0000,0.0000,0.0000,0.0000,0.0000,2525.0000,0.0000,0.0000,0.0000,0.0000,50,0,0,0,0,131,0,0,0,0
zc,WS301,2012-06-21 09:04:27.753,2524.0000,422506,2,0.0000,2.0000,2,0,双开,S,2524.0000,0.0000,0.0000,0.0000,0.0000,2525.0000,0.0000,0.0000,0.0000,0.0000,54,0,0,0,0,130,0,0,0,0
zc,WS301,2012-06-21 09:04:28.533,2524.0000,422506,0,0.0000,8.0000,4,4,空换,S,2524.0000,0.0000,0.0000,0.0000,0.0000,2525.0000,0.0000,0.0000,0.0000,0.0000,110,0,0,0,0,130,0,0,0,0
zc,WS301,2012-06-21 09:04:29.033,2525.0000,422652,146,0.0000,160.0000,153,7,多开,B,2524.0000,0.0000,0.0000,0.0000,0.0000,2525.0000,0.0000,0.0000,0.0000,0.0000,110,0,0,0,0,180,0,0,0,0
zc,WS301,2012-06-21 09:04:29.800,2524.0000,422654,2,0.0000,4.0000,3,1,空开,S,2524.0000,0.0000,0.0000,0.0000,0.0000,2525.0000,0.0000,0.0000,0.0000,0.0000,109,0,0,0,0,209,0,0,0,0
zc,WS301,2012-06-21 09:04:30.237,2525.0000,422644,-10,0.0000,52.0000,21,31,空平,B,2524.0000,0.0000,0.0000,0.0000,0.0000,2525.0000,0.0000,0.0000,0.0000,0.0000,94,0,0,0,0,184,0,0,0,0
zc,WS301,2012-06-21 09:04:31.033,2524.0000,422648,4,0.0000,6.0000,5,1,空开,S,2524.0000,0.0000,0.0000,0.0000,0.0000,2525.0000,0.0000,0.0000,0.0000,0.0000,91,0,0,0,0,184,0,0,0,0
zc,WS301,2012-06-21 09:04:31.567,2524.0000,422648,0,0.0000,0.0000,0,0,空换,S,2524.0000,0.0000,0.0000,0.0000,0.0000,2525.0000,0.0000,0.0000,0.0000,0.0000,91,0,0,0,0,185,0,0,0,0
zc,WS301,2012-06-21 09:04:32.050,2524.0000,422650,2,0.0000,2.0000,2,0,双开,S,2524.0000,0.0000,0.0000,0.0000,0.0000,2525.0000,0.0000,0.0000,0.0000,0.0000,150,0,0,0,0,189,0,0,0,0
zc,WS301,2012-06-21 09:04:32.737,2524.0000,422650,0,0.0000,8.0000,4,4,空换,S,2524.0000,0.0000,0.0000,0.0000,0.0000,2525.0000,0.0000,0.0000,0.0000,0.0000,146,0,0,0,0,189,0,0,0,0
zc,WS301,2012-06-21 09:04:33.270,2525.0000,422688,38,0.0000,40.0000,39,1,多开,B,2524.0000,0.0000,0.0000,0.0000,0.0000,2525.0000,0.0000,0.0000,0.0000,0.0000,139,0,0,0,0,175,0,0,0,0
zc,WS301,2012-06-21 09:04:33.737,2525.0000,422688,0,0.0000,0.0000,0,0,多换,B,2524.0000,0.0000,0.0000,0.0000,0.0000,2525.0000,0.0000,0.0000,0.0000,0.0000,139,0,0,0,0,177,0,0,0,0
zc,WS301,2012-06-21 09:04:34.253,2525.0000,422690,2,0.0000,16.0000,9,7,多开,B,2524.0000,0.0000,0.0000,0.0000,0.0000,2525.0000,0.0000,0.0000,0.0000,0.0000,142,0,0,0,0,172,0,0,0,0
zc,WS301,2012-06-21 09:04:34.987,2524.0000,422680,-10,0.0000,28.0000,9,19,多平,S,2524.0000,0.0000,0.0000,0.0000,0.0000,2525.0000,0.0000,0.0000,0.0000,0.0000,129,0,0,0,0,173,0,0,0,0
zc,WS301,2012-06-21 09:04:35.520,2524.0000,422692,12,0.0000,212.0000,112,100,空开,S,2524.0000,0.0000,0.0000,0.0000,0.0000,2525.0000,0.0000,0.0000,0.0000,0.0000,129,0,0,0,0,73,0,0,0,0
zc,WS301,2012-06-21 09:04:36.253,2524.0000,422692,0,0.0000,0.0000,0,0,空换,S,2524.0000,0.0000,0.0000,0.0000,0.0000,2525.0000,0.0000,0.0000,0.0000,0.0000,126,0,0,0,0,75,0,0,0,0
zc,WS301,2012-06-21 09:04:36.770,2524.0000,422694,2,0.0000,2.0000,2,0,双开,S,2524.0000,0.0000,0.0000,0.0000,0.0000,2525.0000,0.0000,0.0000,0.0000,0.0000,127,0,0,0,0,80,0,0,0,0
zc,WS301,2012-06-21 09:04:37.237,2525.0000,422754,60,0.0000,100.0000,80,20,多开,B,2524.0000,0.0000,0.0000,0.0000,0.0000,2525.0000,0.0000,0.0000,0.0000,0.0000,127,0,0,0,0,30,0,0,0,0
zc,WS301,2012-06-21 09:04:38.080,2524.0000,422754,0,0.0000,6.0000,3,3,空换,S,2524.0000,0.0000,0.0000,0.0000,0.0000,2525.0000,0.0000,0.0000,0.0000,0.0000,143,0,0,0,0,32,0,0,0,0
zc,WS301,2012-06-21 09:04:38.567,2525.0000,422756,2,0.0000,12.0000,7,5,多开,B,2524.0000,0.0000,0.0000,0.0000,0.0000,2525.0000,0.0000,0.0000,0.0000,0.0000,141,0,0,0,0,30,0,0,0,0
zc,WS301,2012-06-21 09:04:39.270,2525.0000,422800,44,0.0000,80.0000,62,18,多开,B,2525.0000,0.0000,0.0000,0.0000,0.0000,2526.0000,0.0000,0.0000,0.0000,0.0000,27,0,0,0,0,169,0,0,0,0
zc,WS301,2012-06-21 09:04:39.783,2525.0000,422808,8,0.0000,8.0000,8,0,双开,B,2525.0000,0.0000,0.0000,0.0000,0.0000,2526.0000,0.0000,0.0000,0.0000,0.0000,24,0,0,0,0,167,0,0,0,0
zc,WS301,2012-06-21 09:04:40.270,2525.0000,422808,0,0.0000,2.0000,1,1,多换,B,2525.0000,0.0000,0.0000,0.0000,0.0000,2526.0000,0.0000,0.0000,0.0000,0.0000,24,0,0,0,0,167,0,0,0,0
zc,WS301,2012-06-21 09:04:40.987,2525.0000,422830,22,0.0000,22.0000,22,0,双开,B,2525.0000,0.0000,0.0000,0.0000,0.0000,2526.0000,0.0000,0.0000,0.0000,0.0000,24,0,0,0,0,177,0,0,0,0
zc,WS301,2012-06-21 09:04:41.550,2525.0000,422836,6,0.0000,20.0000,13,7,多开,B,2525.0000,0.0000,0.0000,0.0000,0.0000,2526.0000,0.0000,0.0000,0.0000,0.0000,14,0,0,0,0,175,0,0,0,0
zc,WS301,2012-06-21 09:04:42.020,2525.0000,422842,6,0.0000,16.0000,11,5,多开,B,2525.0000,0.0000,0.0000,0.0000,0.0000,2526.0000,0.0000,0.0000,0.0000,0.0000,6,0,0,0,0,178,0,0,0,0
zc,WS301,2012-06-21 09:04:43.270,2525.0000,422842,0,0.0000,10.0000,5,5,多换,B,2525.0000,0.0000,0.0000,0.0000,0.0000,2526.0000,0.0000,0.0000,0.0000,0.0000,11,0,0,0,0,177,0,0,0,0
zc,WS301,2012-06-21 09:04:44.550,2525.0000,422830,-12,0.0000,22.0000,5,17,空平,B,2524.0000,0.0000,0.0000,0.0000,0.0000,2525.0000,0.0000,0.0000,0.0000,0.0000,156,0,0,0,0,5,0,0,0,0
zc,WS301,2012-06-21 09:04:45.020,2525.0000,422830,0,0.0000,0.0000,0,0,多换,B,2524.0000,0.0000,0.0000,0.0000,0.0000,2525.0000,0.0000,0.0000,0.0000,0.0000,94,0,0,0,0,8,0,0,0,0
zc,WS301,2012-06-21 09:04:45.770,2524.0000,422830,0,0.0000,2.0000,1,1,空换,S,2524.0000,0.0000,0.0000,0.0000,0.0000,2525.0000,0.0000,0.0000,0.0000,0.0000,90,0,0,0,0,8,0,0,0,0
zc,WS301,2012-06-21 09:04:46.283,2524.0000,422826,-4,0.0000,6.0000,1,5,多平,S,2524.0000,0.0000,0.0000,0.0000,0.0000,2525.0000,0.0000,0.0000,0.0000,0.0000,89,0,0,0,0,6,0,0,0,0
zc,WS301,2012-06-21 09:04:47.003,2524.0000,422844,18,0.0000,38.0000,28,10,空开,S,2524.0000,0.0000,0.0000,0.0000,0.0000,2525.0000,0.0000,0.0000,0.0000,0.0000,76,0,0,0,0,2,0,0,0,0
zc,WS301,2012-06-21 09:04:47.503,2525.0000,422844,0,0.0000,2.0000,1,1,多换,B,2524.0000,0.0000,0.0000,0.0000,0.0000,2525.0000,0.0000,0.0000,0.0000,0.0000,76,0,0,0,0,81,0,0,0,0
zc,WS301,2012-06-21 09:04:48.033,2525.0000,422834,-10,0.0000,14.0000,2,12,空平,B,2524.0000,0.0000,0.0000,0.0000,0.0000,2525.0000,0.0000,0.0000,0.0000,0.0000,76,0,0,0,0,75,0,0,0,0
zc,WS301,2012-06-21 09:04:48.580,2525.0000,422834,0,0.0000,0.0000,0,0,多换,B,2524.0000,0.0000,0.0000,0.0000,0.0000,2525.0000,0.0000,0.0000,0.0000,0.0000,79,0,0,0,0,83,0,0,0,0
zc,WS301,2012-06-21 09:04:49.347,2524.0000,422834,0,0.0000,18.0000,9,9,空换,S,2524.0000,0.0000,0.0000,0.0000,0.0000,2525.0000,0.0000,0.0000,0.0000,0.0000,83,0,0,0,0,86,0,0,0,0
zc,WS301,2012-06-21 09:04:49.770,2525.0000,422834,0,0.0000,2.0000,1,1,多换,B,2524.0000,0.0000,0.0000,0.0000,0.0000,2525.0000,0.0000,0.0000,0.0000,0.0000,97,0,0,0,0,87,0,0,0,0
zc,WS301,2012-06-21 09:04:51.533,2525.0000,422834,0,0.0000,32.0000,16,16,多换,B,2524.0000,0.0000,0.0000,0.0000,0.0000,2525.0000,0.0000,0.0000,0.0000,0.0000,85,0,0,0,0,74,0,0,0,0
zc,WS301,2012-06-21 09:04:52.283,2525.0000,422834,0,0.0000,0.0000,0,0,多换,B,2524.0000,0.0000,0.0000,0.0000,0.0000,2525.0000,0.0000,0.0000,0.0000,0.0000,135,0,0,0,0,85,0,0,0,0
zc,WS301,2012-06-21 09:04:52.770,2525.0000,422834,0,0.0000,0.0000,0,0,多换,B,2524.0000,0.0000,0.0000,0.0000,0.0000,2525.0000,0.0000,0.0000,0.0000,0.0000,155,0,0,0,0,88,0,0,0,0
zc,WS301,2012-06-21 09:04:53.503,2525.0000,422834,0,0.0000,0.0000,0,0,多换,B,2524.0000,0.0000,0.0000,0.0000,0.0000,2525.0000,0.0000,0.0000,0.0000,0.0000,156,0,0,0,0,94,0,0,0,0
zc,WS301,2012-06-21 09:04:54.050,2525.0000,422834,0,0.0000,6.0000,3,3,多换,B,2524.0000,0.0000,0.0000,0.0000,0.0000,2525.0000,0.0000,0.0000,0.0000,0.0000,156,0,0,0,0,93,0,0,0,0
zc,WS301,2012-06-21 09:04:54.770,2524.0000,422830,-4,0.0000,40.0000,18,22,多平,S,2524.0000,0.0000,0.0000,0.0000,0.0000,2525.0000,0.0000,0.0000,0.0000,0.0000,136,0,0,0,0,95,0,0,0,0
zc,WS301,2012-06-21 09:04:55.270,2525.0000,422790,-40,0.0000,40.0000,0,40,双平,B,2524.0000,0.0000,0.0000,0.0000,0.0000,2525.0000,0.0000,0.0000,0.0000,0.0000,137,0,0,0,0,81,0,0,0,0
zc,WS301,2012-06-21 09:04:55.753,2525.0000,422790,0,0.0000,4.0000,2,2,多换,B,2524.0000,0.0000,0.0000,0.0000,0.0000,2525.0000,0.0000,0.0000,0.0000,0.0000,137,0,0,0,0,79,0,0,0,0
zc,WS301,2012-06-21 09:04:57.050,2525.0000,422790,0,0.0000,0.0000,0,0,多换,B,2524.0000,0.0000,0.0000,0.0000,0.0000,2525.0000,0.0000,0.0000,0.0000,0.0000,147,0,0,0,0,82,0,0,0,0
zc,WS301,2012-06-21 09:04:57.550,2525.0000,422928,138,0.0000,210.0000,174,36,多开,B,2524.0000,0.0000,0.0000,0.0000,0.0000,2525.0000,0.0000,0.0000,0.0000,0.0000,142,0,0,0,0,49,0,0,0,0
zc,WS301,2012-06-21 09:04:58.033,2524.0000,422926,-2,0.0000,18.0000,8,10,多平,S,2524.0000,0.0000,0.0000,0.0000,0.0000,2525.0000,0.0000,0.0000,0.0000,0.0000,139,0,0,0,0,45,0,0,0,0
zc,WS301,2012-06-21 09:04:58.737,2524.0000,422924,-2,0.0000,2.0000,0,2,双平,S,2524.0000,0.0000,0.0000,0.0000,0.0000,2525.0000,0.0000,0.0000,0.0000,0.0000,139,0,0,0,0,49,0,0,0,0
zc,WS301,2012-06-21 09:04:59.270,2525.0000,422938,14,0.0000,18.0000,16,2,多开,B,2524.0000,0.0000,0.0000,0.0000,0.0000,2525.0000,0.0000,0.0000,0.0000,0.0000,135,0,0,0,0,44,0,0,0,0
zc,WS301,2012-06-21 09:05:00.003,2525.0000,422952,14,0.0000,28.0000,21,7,多开,B,2524.0000,0.0000,0.0000,0.0000,0.0000,2525.0000,0.0000,0.0000,0.0000,0.0000,131,0,0,0,0,37,0,0,0,0
zc,WS301,2012-06-21 09:05:00.580,2525.0000,422986,34,0.0000,78.0000,56,22,多开,B,2525.0000,0.0000,0.0000,0.0000,0.0000,2526.0000,0.0000,0.0000,0.0000,0.0000,121,0,0,0,0,272,0,0,0,0
zc,WS301,2012-06-21 09:05:01.270,2525.0000,422988,2,0.0000,20.0000,11,9,多开,B,2525.0000,0.0000,0.0000,0.0000,0.0000,2526.0000,0.0000,0.0000,0.0000,0.0000,111,0,0,0,0,272,0,0,0,0
zc,WS301,2012-06-21 09:05:01.830,2525.0000,422988,0,0.0000,0.0000,0,0,多换,B,2525.0000,0.0000,0.0000,0.0000,0.0000,2526.0000,0.0000,0.0000,0.0000,0.0000,182,0,0,0,0,272,0,0,0,0
zc,WS301,2012-06-21 09:05:02.503,2525.0000,422990,2,0.0000,2.0000,2,0,双开,B,2525.0000,0.0000,0.0000,0.0000,0.0000,2526.0000,0.0000,0.0000,0.0000,0.0000,181,0,0,0,0,272,0,0,0,0
zc,WS301,2012-06-21 09:05:03.020,2525.0000,422994,4,0.0000,6.0000,5,1,多开,B,2525.0000,0.0000,0.0000,0.0000,0.0000,2526.0000,0.0000,0.0000,0.0000,0.0000,179,0,0,0,0,271,0,0,0,0
zc,WS301,2012-06-21 09:05:03.770,2525.0000,422996,2,0.0000,2.0000,2,0,双开,B,2525.0000,0.0000,0.0000,0.0000,0.0000,2526.0000,0.0000,0.0000,0.0000,0.0000,178,0,0,0,0,272,0,0,0,0
zc,WS301,2012-06-21 09:05:04.270,2525.0000,423000,4,0.0000,4.0000,4,0,双开,B,2525.0000,0.0000,0.0000,0.0000,0.0000,2526.0000,0.0000,0.0000,0.0000,0.0000,176,0,0,0,0,272,0,0,0,0
zc,WS301,2012-06-21 09:05:04.783,2525.0000,423092,92,0.0000,94.0000,93,1,多开,B,2525.0000,0.0000,0.0000,0.0000,0.0000,2526.0000,0.0000,0.0000,0.0000,0.0000,130,0,0,0,0,272,0,0,0,0
zc,WS301,2012-06-21 09:05:05.503,2525.0000,423092,0,0.0000,6.0000,3,3,多换,B,2525.0000,0.0000,0.0000,0.0000,0.0000,2526.0000,0.0000,0.0000,0.0000,0.0000,127,0,0,0,0,273,0,0,0,0
zc,WS301,2012-06-21 09:05:06.050,2525.0000,423092,0,0.0000,2.0000,1,1,多换,B,2525.0000,0.0000,0.0000,0.0000,0.0000,2526.0000,0.0000,0.0000,0.0000,0.0000,126,0,0,0,0,272,0,0,0,0
zc,WS301,2012-06-21 09:05:06.770,2525.0000,423132,40,0.0000,42.0000,41,1,多开,B,2525.0000,0.0000,0.0000,0.0000,0.0000,2526.0000,0.0000,0.0000,0.0000,0.0000,175,0,0,0,0,255,0,0,0,0
zc,WS301,2012-06-21 09:05:07.253,2526.0000,423132,0,0.0000,4.0000,2,2,多换,B,2525.0000,0.0000,0.0000,0.0000,0.0000,2526.0000,0.0000,0.0000,0.0000,0.0000,175,0,0,0,0,253,0,0,0,0
zc,WS301,2012-06-21 09:05:08.003,2525.0000,423132,0,0.0000,4.0000,2,2,空换,S,2525.0000,0.0000,0.0000,0.0000,0.0000,2526.0000,0.0000,0.0000,0.0000,0.0000,173,0,0,0,0,253,0,0,0,0
zc,WS301,2012-06-21 09:05:08.520,2526.0000,423132,0,0.0000,2.0000,1,1,多换,B,2525.0000,0.0000,0.0000,0.0000,0.0000,2526.0000,0.0000,0.0000,0.0000,0.0000,183,0,0,0,0,253,0,0,0,0
zc,WS301,2012-06-21 09:05:09.300,2525.0000,423134,2,0.0000,2.0000,2,0,双开,S,2525.0000,0.0000,0.0000,0.0000,0.0000,2526.0000,0.0000,0.0000,0.0000,0.0000,182,0,0,0,0,255,0,0,0,0
zc,WS301,2012-06-21 09:05:11.050,2525.0000,423134,0,0.0000,4.0000,2,2,空换,S,2525.0000,0.0000,0.0000,0.0000,0.0000,2526.0000,0.0000,0.0000,0.0000,0.0000,201,0,0,0,0,255,0,0,0,0
zc,WS301,2012-06-21 09:05:11.783,2525.0000,423134,0,0.0000,0.0000,0,0,空换,S,2525.0000,0.0000,0.0000,0.0000,0.0000,2526.0000,0.0000,0.0000,0.0000,0.0000,206,0,0,0,0,256,0,0,0,0
zc,WS301,2012-06-21 09:05:12.753,2525.0000,423134,0,0.0000,0.0000,0,0,空换,S,2525.0000,0.0000,0.0000,0.0000,0.0000,2526.0000,0.0000,0.0000,0.0000,0.0000,207,0,0,0,0,257,0,0,0,0
zc,WS301,2012-06-21 09:05:13.520,2525.0000,423136,2,0.0000,4.0000,3,1,空开,S,2525.0000,0.0000,0.0000,0.0000,0.0000,2526.0000,0.0000,0.0000,0.0000,0.0000,207,0,0,0,0,257,0,0,0,0
zc,WS301,2012-06-21 09:05:14.800,2525.0000,423136,0,0.0000,0.0000,0,0,空换,S,2525.0000,0.0000,0.0000,0.0000,0.0000,2526.0000,0.0000,0.0000,0.0000,0.0000,217,0,0,0,0,258,0,0,0,0
zc,WS301,2012-06-21 09:05:15.033,2525.0000,423138,2,0.0000,2.0000,2,0,双开,S,2525.0000,0.0000,0.0000,0.0000,0.0000,2526.0000,0.0000,0.0000,0.0000,0.0000,218,0,0,0,0,258,0,0,0,0
zc,WS301,2012-06-21 09:05:15.737,2525.0000,423138,0,0.0000,0.0000,0,0,空换,S,2525.0000,0.0000,0.0000,0.0000,0.0000,2526.0000,0.0000,0.0000,0.0000,0.0000,218,0,0,0,0,260,0,0,0,0
zc,WS301,2012-06-21 09:05:16.270,2525.0000,423140,2,0.0000,2.0000,2,0,双开,S,2525.0000,0.0000,0.0000,0.0000,0.0000,2526.0000,0.0000,0.0000,0.0000,0.0000,217,0,0,0,0,285,0,0,0,0
zc,WS301,2012-06-21 09:05:17.020,2525.0000,423312,172,0.0000,226.0000,199,27,空开,S,2525.0000,0.0000,0.0000,0.0000,0.0000,2526.0000,0.0000,0.0000,0.0000,0.0000,204,0,0,0,0,205,0,0,0,0
zc,WS301,2012-06-21 09:05:17.503,2526.0000,423368,56,0.0000,60.0000,58,2,多开,B,2525.0000,0.0000,0.0000,0.0000,0.0000,2526.0000,0.0000,0.0000,0.0000,0.0000,204,0,0,0,0,175,0,0,0,0
zc,WS301,2012-06-21 09:05:18.317,2526.0000,423388,20,0.0000,80.0000,50,30,多开,B,2525.0000,0.0000,0.0000,0.0000,0.0000,2526.0000,0.0000,0.0000,0.0000,0.0000,204,0,0,0,0,137,0,0,0,0
zc,WS301,2012-06-21 09:05:18.800,2526.0000,423258,-130,0.0000,284.0000,77,207,空平,B,2526.0000,0.0000,0.0000,0.0000,0.0000,2527.0000,0.0000,0.0000,0.0000,0.0000,110,0,0,0,0,87,0,0,0,0
zc,WS301,2012-06-21 09:05:19.567,2526.0000,423264,6,0.0000,8.0000,7,1,多开,B,2526.0000,0.0000,0.0000,0.0000,0.0000,2527.0000,0.0000,0.0000,0.0000,0.0000,111,0,0,0,0,96,0,0,0,0
zc,WS301,2012-06-21 09:05:20.003,2527.0000,423302,38,0.0000,66.0000,52,14,多开,B,2526.0000,0.0000,0.0000,0.0000,0.0000,2527.0000,0.0000,0.0000,0.0000,0.0000,103,0,0,0,0,74,0,0,0,0
zc,WS301,2012-06-21 09:05:21.317,2527.0000,423360,58,0.0000,212.0000,135,77,多开,B,2527.0000,0.0000,0.0000,0.0000,0.0000,2528.0000,0.0000,0.0000,0.0000,0.0000,224,0,0,0,0,229,0,0,0,0
zc,WS301,2012-06-21 09:05:21.783,2528.0000,423360,0,0.0000,2.0000,1,1,多换,B,2527.0000,0.0000,0.0000,0.0000,0.0000,2528.0000,0.0000,0.0000,0.0000,0.0000,225,0,0,0,0,233,0,0,0,0
zc,WS301,2012-06-21 09:05:22.533,2528.0000,423354,-6,0.0000,10.0000,2,8,空平,B,2527.0000,0.0000,0.0000,0.0000,0.0000,2528.0000,0.0000,0.0000,0.0000,0.0000,231,0,0,0,0,230,0,0,0,0
zc,WS301,2012-06-21 09:05:22.987,2528.0000,423342,-12,0.0000,24.0000,6,18,空平,B,2527.0000,0.0000,0.0000,0.0000,0.0000,2528.0000,0.0000,0.0000,0.0000,0.0000,231,0,0,0,0,221,0,0,0,0
zc,WS301,2012-06-21 09:05:23.753,2527.0000,423362,20,0.0000,50.0000,35,15,空开,S,2527.0000,0.0000,0.0000,0.0000,0.0000,2528.0000,0.0000,0.0000,0.0000,0.0000,219,0,0,0,0,206,0,0,0,0
zc,WS301,2012-06-21 09:05:24.300,2528.0000,423370,8,0.0000,8.0000,8,0,双开,B,2527.0000,0.0000,0.0000,0.0000,0.0000,2528.0000,0.0000,0.0000,0.0000,0.0000,218,0,0,0,0,206,0,0,0,0
zc,WS301,2012-06-21 09:05:25.020,2528.0000,423374,4,0.0000,4.0000,4,0,双开,B,2527.0000,0.0000,0.0000,0.0000,0.0000,2528.0000,0.0000,0.0000,0.0000,0.0000,218,0,0,0,0,204,0,0,0,0
zc,WS301,2012-06-21 09:05:25.503,2528.0000,423416,42,0.0000,70.0000,56,14,多开,B,2527.0000,0.0000,0.0000,0.0000,0.0000,2528.0000,0.0000,0.0000,0.0000,0.0000,217,0,0,0,0,188,0,0,0,0
zc,WS301,2012-06-21 09:05:26.330,2528.0000,423430,14,0.0000,14.0000,14,0,双开,B,2527.0000,0.0000,0.0000,0.0000,0.0000,2528.0000,0.0000,0.0000,0.0000,0.0000,217,0,0,0,0,192,0,0,0,0
zc,WS301,2012-06-21 09:05:26.770,2528.0000,423440,10,0.0000,56.0000,33,23,多开,B,2527.0000,0.0000,0.0000,0.0000,0.0000,2528.0000,0.0000,0.0000,0.0000,0.0000,217,0,0,0,0,182,0,0,0,0
zc,WS301,2012-06-21 09:05:27.520,2528.0000,423438,-2,0.0000,24.0000,11,13,空平,B,2527.0000,0.0000,0.0000,0.0000,0.0000,2528.0000,0.0000,0.0000,0.0000,0.0000,217,0,0,0,0,180,0,0,0,0
zc,WS301,2012-06-21 09:05:28.067,2528.0000,423458,20,0.0000,48.0000,34,14,多开,B,2527.0000,0.0000,0.0000,0.0000,0.0000,2528.0000,0.0000,0.0000,0.0000,0.0000,222,0,0,0,0,157,0,0,0,0
zc,WS301,2012-06-21 09:05:28.737,2528.0000,423408,-50,0.0000,82.0000,16,66,空平,B,2527.0000,0.0000,0.0000,0.0000,0.0000,2528.0000,0.0000,0.0000,0.0000,0.0000,222,0,0,0,0,117,0,0,0,0
zc,WS301,2012-06-21 09:05:29.237,2528.0000,423408,0,0.0000,2.0000,1,1,多换,B,2527.0000,0.0000,0.0000,0.0000,0.0000,2528.0000,0.0000,0.0000,0.0000,0.0000,222,0,0,0,0,116,0,0,0,0
zc,WS301,2012-06-21 09:05:29.800,2527.0000,423424,16,0.0000,16.0000,16,0,双开,S,2527.0000,0.0000,0.0000,0.0000,0.0000,2528.0000,0.0000,0.0000,0.0000,0.0000,214,0,0,0,0,116,0,0,0,0
zc,WS301,2012-06-21 09:05:30.520,2528.0000,423424,0,0.0000,28.0000,14,14,多换,B,2527.0000,0.0000,0.0000,0.0000,0.0000,2528.0000,0.0000,0.0000,0.0000,0.0000,214,0,0,0,0,102,0,0,0,0
zc,WS301,2012-06-21 09:05:31.067,2527.0000,423414,-10,0.0000,22.0000,6,16,多平,S,2527.0000,0.0000,0.0000,0.0000,0.0000,2528.0000,0.0000,0.0000,0.0000,0.0000,211,0,0,0,0,97,0,0,0,0
zc,WS301,2012-06-21 09:05:31.783,2528.0000,423414,0,0.0000,44.0000,22,22,多换,B,2527.0000,0.0000,0.0000,0.0000,0.0000,2528.0000,0.0000,0.0000,0.0000,0.0000,216,0,0,0,0,76,0,0,0,0
zc,WS301,2012-06-21 09:05:32.237,2528.0000,423374,-40,0.0000,44.0000,2,42,空平,B,2527.0000,0.0000,0.0000,0.0000,0.0000,2528.0000,0.0000,0.0000,0.0000,0.0000,216,0,0,0,0,65,0,0,0,0
zc,WS301,2012-06-21 09:05:33.020,2528.0000,423304,-70,0.0000,124.0000,27,97,空平,B,2527.0000,0.0000,0.0000,0.0000,0.0000,2528.0000,0.0000,0.0000,0.0000,0.0000,216,0,0,0,0,53,0,0,0,0
zc,WS301,2012-06-21 09:05:33.533,2528.0000,423324,20,0.0000,44.0000,32,12,多开,B,2527.0000,0.0000,0.0000,0.0000,0.0000,2528.0000,0.0000,0.0000,0.0000,0.0000,216,0,0,0,0,32,0,0,0,0
zc,WS301,2012-06-21 09:05:34.020,2528.0000,423346,22,0.0000,24.0000,23,1,多开,B,2527.0000,0.0000,0.0000,0.0000,0.0000,2528.0000,0.0000,0.0000,0.0000,0.0000,266,0,0,0,0,129,0,0,0,0
zc,WS301,2012-06-21 09:05:34.520,2528.0000,423356,10,0.0000,48.0000,29,19,多开,B,2527.0000,0.0000,0.0000,0.0000,0.0000,2528.0000,0.0000,0.0000,0.0000,0.0000,266,0,0,0,0,108,0,0,0,0
zc,WS301,2012-06-21 09:05:35.270,2528.0000,423354,-2,0.0000,28.0000,13,15,空平,B,2527.0000,0.0000,0.0000,0.0000,0.0000,2528.0000,0.0000,0.0000,0.0000,0.0000,256,0,0,0,0,106,0,0,0,0
zc,WS301,2012-06-21 09:05:36.020,2528.0000,423316,-38,0.0000,44.0000,3,41,空平,B,2527.0000,0.0000,0.0000,0.0000,0.0000,2528.0000,0.0000,0.0000,0.0000,0.0000,255,0,0,0,0,89,0,0,0,0
zc,WS301,2012-06-21 09:05:36.783,2528.0000,423306,-10,0.0000,10.0000,0,10,双平,B,2527.0000,0.0000,0.0000,0.0000,0.0000,2528.0000,0.0000,0.0000,0.0000,0.0000,255,0,0,0,0,87,0,0,0,0
zc,WS301,2012-06-21 09:05:37.270,2528.0000,423300,-6,0.0000,20.0000,7,13,空平,B,2527.0000,0.0000,0.0000,0.0000,0.0000,2528.0000,0.0000,0.0000,0.0000,0.0000,254,0,0,0,0,84,0,0,0,0
zc,WS301,2012-06-21 09:05:38.067,2528.0000,423300,0,0.0000,18.0000,9,9,多换,B,2527.0000,0.0000,0.0000,0.0000,0.0000,2528.0000,0.0000,0.0000,0.0000,0.0000,254,0,0,0,0,117,0,0,0,0
zc,WS301,2012-06-21 09:05:38.520,2528.0000,423300,0,0.0000,4.0000,2,2,多换,B,2527.0000,0.0000,0.0000,0.0000,0.0000,2528.0000,0.0000,0.0000,0.0000,0.0000,254,0,0,0,0,142,0,0,0,0
zc,WS301,2012-06-21 09:05:39.050,2527.0000,423300,0,0.0000,32.0000,16,16,空换,S,2527.0000,0.0000,0.0000,0.0000,0.0000,2528.0000,0.0000,0.0000,0.0000,0.0000,253,0,0,0,0,128,0,0,0,0
zc,WS301,2012-06-21 09:05:39.770,2528.0000,423358,58,0.0000,148.0000,103,45,多开,B,2527.0000,0.0000,0.0000,0.0000,0.0000,2528.0000,0.0000,0.0000,0.0000,0.0000,253,0,0,0,0,63,0,0,0,0
zc,WS301,2012-06-21 09:05:40.253,2528.0000,423358,0,0.0000,70.0000,35,35,多换,B,2527.0000,0.0000,0.0000,0.0000,0.0000,2528.0000,0.0000,0.0000,0.0000,0.0000,248,0,0,0,0,39,0,0,0,0
zc,WS301,2012-06-21 09:05:41.003,2528.0000,423380,22,0.0000,90.0000,56,34,多开,B,2527.0000,0.0000,0.0000,0.0000,0.0000,2528.0000,0.0000,0.0000,0.0000,0.0000,257,0,0,0,0,17,0,0,0,0
zc,WS301,2012-06-21 09:05:41.550,2528.0000,423390,10,0.0000,44.0000,27,17,多开,B,2527.0000,0.0000,0.0000,0.0000,0.0000,2528.0000,0.0000,0.0000,0.0000,0.0000,267,0,0,0,0,46,0,0,0,0
zc,WS301,2012-06-21 09:05:42.253,2528.0000,423398,8,0.0000,8.0000,8,0,双开,B,2527.0000,0.0000,0.0000,0.0000,0.0000,2528.0000,0.0000,0.0000,0.0000,0.0000,267,0,0,0,0,43,0,0,0,0
zc,WS301,2012-06-21 09:05:42.533,2528.0000,423432,34,0.0000,34.0000,34,0,双开,B,2527.0000,0.0000,0.0000,0.0000,0.0000,2528.0000,0.0000,0.0000,0.0000,0.0000,273,0,0,0,0,27,0,0,0,0
zc,WS301,2012-06-21 09:05:43.347,2528.0000,423412,-20,0.0000,80.0000,30,50,空平,B,2528.0000,0.0000,0.0000,0.0000,0.0000,2529.0000,0.0000,0.0000,0.0000,0.0000,68,0,0,0,0,174,0,0,0,0
zc,WS301,2012-06-21 09:05:43.817,2528.0000,423390,-22,0.0000,22.0000,0,22,双平,B,2528.0000,0.0000,0.0000,0.0000,0.0000,2529.0000,0.0000,0.0000,0.0000,0.0000,128,0,0,0,0,183,0,0,0,0
zc,WS301,2012-06-21 09:05:44.550,2528.0000,423376,-14,0.0000,30.0000,8,22,空平,B,2528.0000,0.0000,0.0000,0.0000,0.0000,2529.0000,0.0000,0.0000,0.0000,0.0000,120,0,0,0,0,183,0,0,0,0
zc,WS301,2012-06-21 09:05:45.003,2528.0000,423380,4,0.0000,26.0000,15,11,多开,B,2528.0000,0.0000,0.0000,0.0000,0.0000,2529.0000,0.0000,0.0000,0.0000,0.0000,120,0,0,0,0,173,0,0,0,0
zc,WS301,2012-06-21 09:05:45.567,2529.0000,423384,4,0.0000,10.0000,7,3,多开,B,2528.0000,0.0000,0.0000,0.0000,0.0000,2529.0000,0.0000,0.0000,0.0000,0.0000,140,0,0,0,0,168,0,0,0,0
zc,WS301,2012-06-21 09:05:46.330,2528.0000,423384,0,0.0000,2.0000,1,1,空换,S,2528.0000,0.0000,0.0000,0.0000,0.0000,2529.0000,0.0000,0.0000,0.0000,0.0000,139,0,0,0,0,169,0,0,0,0
zc,WS301,2012-06-21 09:05:46.737,2528.0000,423434,50,0.0000,56.0000,53,3,空开,S,2528.0000,0.0000,0.0000,0.0000,0.0000,2529.0000,0.0000,0.0000,0.0000,0.0000,139,0,0,0,0,143,0,0,0,0
zc,WS301,2012-06-21 09:05:47.533,2529.0000,423592,158,0.0000,296.0000,227,69,多开,B,2529.0000,0.0000,0.0000,0.0000,0.0000,2530.0000,0.0000,0.0000,0.0000,0.0000,363,0,0,0,0,521,0,0,0,0
zc,WS301,2012-06-21 09:05:48.020,2529.0000,423594,2,0.0000,6.0000,4,2,多开,B,2529.0000,0.0000,0.0000,0.0000,0.0000,2530.0000,0.0000,0.0000,0.0000,0.0000,361,0,0,0,0,525,0,0,0,0
zc,WS301,2012-06-21 09:05:48.520,2529.0000,423590,-4,0.0000,576.0000,286,290,空平,B,2529.0000,0.0000,0.0000,0.0000,0.0000,2530.0000,0.0000,0.0000,0.0000,0.0000,330,0,0,0,0,276,0,0,0,0
zc,WS301,2012-06-21 09:05:49.003,2529.0000,423596,6,0.0000,16.0000,11,5,多开,B,2529.0000,0.0000,0.0000,0.0000,0.0000,2530.0000,0.0000,0.0000,0.0000,0.0000,329,0,0,0,0,273,0,0,0,0
zc,WS301,2012-06-21 09:05:49.830,2529.0000,423828,232,0.0000,392.0000,312,80,多开,B,2529.0000,0.0000,0.0000,0.0000,0.0000,2530.0000,0.0000,0.0000,0.0000,0.0000,320,0,0,0,0,86,0,0,0,0
zc,WS301,2012-06-21 09:05:50.567,2530.0000,423800,-28,0.0000,204.0000,88,116,空平,B,2530.0000,0.0000,0.0000,0.0000,0.0000,2531.0000,0.0000,0.0000,0.0000,0.0000,2,0,0,0,0,49,0,0,0,0
zc,WS301,2012-06-21 09:05:51.347,2530.0000,423768,-32,0.0000,72.0000,20,52,空平,B,2530.0000,0.0000,0.0000,0.0000,0.0000,2531.0000,0.0000,0.0000,0.0000,0.0000,3,0,0,0,0,28,0,0,0,0
zc,WS301,2012-06-21 09:05:51.817,2530.0000,423780,12,0.0000,64.0000,38,26,多开,B,2530.0000,0.0000,0.0000,0.0000,0.0000,2531.0000,0.0000,0.0000,0.0000,0.0000,94,0,0,0,0,224,0,0,0,0
zc,WS301,2012-06-21 09:05:52.300,2531.0000,423788,8,0.0000,18.0000,13,5,多开,B,2530.0000,0.0000,0.0000,0.0000,0.0000,2531.0000,0.0000,0.0000,0.0000,0.0000,82,0,0,0,0,229,0,0,0,0
zc,WS301,2012-06-21 09:05:52.800,2531.0000,423802,14,0.0000,54.0000,34,20,多开,B,2530.0000,0.0000,0.0000,0.0000,0.0000,2531.0000,0.0000,0.0000,0.0000,0.0000,70,0,0,0,0,214,0,0,0,0
zc,WS301,2012-06-21 09:05:53.550,2531.0000,423804,2,0.0000,18.0000,10,8,多开,B,2530.0000,0.0000,0.0000,0.0000,0.0000,2531.0000,0.0000,0.0000,0.0000,0.0000,69,0,0,0,0,207,0,0,0,0
zc,WS301,2012-06-21 09:05:54.270,2531.0000,423806,2,0.0000,16.0000,9,7,多开,B,2530.0000,0.0000,0.0000,0.0000,0.0000,2531.0000,0.0000,0.0000,0.0000,0.0000,69,0,0,0,0,202,0,0,0,0
zc,WS301,2012-06-21 09:05:54.503,2531.0000,423794,-12,0.0000,66.0000,27,39,空平,B,2530.0000,0.0000,0.0000,0.0000,0.0000,2531.0000,0.0000,0.0000,0.0000,0.0000,26,0,0,0,0,206,0,0,0,0
zc,WS301,2012-06-21 09:05:55.253,2531.0000,423790,-4,0.0000,20.0000,8,12,空平,B,2530.0000,0.0000,0.0000,0.0000,0.0000,2531.0000,0.0000,0.0000,0.0000,0.0000,62,0,0,0,0,209,0,0,0,0
zc,WS301,2012-06-21 09:05:55.770,2531.0000,423788,-2,0.0000,110.0000,54,56,空平,B,2530.0000,0.0000,0.0000,0.0000,0.0000,2531.0000,0.0000,0.0000,0.0000,0.0000,24,0,0,0,0,208,0,0,0,0
