市场代码,合约代码,时间,最新,持仓,增仓,成交额,成交量,开仓,平仓,成交类型,方向,买一价,买二价,买三价,买四价,买五价,卖一价,卖二价,卖三价,卖四价,卖五价,买一量,买二量,买三量,买四量,买五量,卖一量,卖二量,卖三量,卖四量,卖五量
zc,WT207,2012-06-21 08:03:05.987,0.0000,54,0,0.0000,0.0000,0,0,空换,S,0.0000,0.0000,0.0000,0.0000,0.0000,0.0000,0.0000,0.0000,0.0000,0.0000,0,0,0,0,0,0,0,0,0,0
zc,WT207,2012-06-21 08:19:05.973,0.0000,54,0,0.0000,0.0000,0,0,空换,S,0.0000,0.0000,0.0000,0.0000,0.0000,0.0000,0.0000,0.0000,0.0000,0.0000,0,0,0,0,0,0,0,0,0,0
zc,WT207,2012-06-21 08:20:05.973,0.0000,54,0,0.0000,0.0000,0,0,空换,S,0.0000,0.0000,0.0000,0.0000,0.0000,0.0000,0.0000,0.0000,0.0000,0.0000,0,0,0,0,0,0,0,0,0,0
zc,WT207,2012-06-21 08:33:05.957,0.0000,54,0,0.0000,0.0000,0,0,空换,S,0.0000,0.0000,0.0000,0.0000,0.0000,0.0000,0.0000,0.0000,0.0000,0.0000,0,0,0,0,0,0,0,0,0,0
zc,WT207,2012-06-21 08:52:05.973,0.0000,54,0,0.0000,0.0000,0,0,空换,S,0.0000,0.0000,0.0000,0.0000,0.0000,0.0000,0.0000,0.0000,0.0000,0.0000,0,0,0,0,0,0,0,0,0,0
zc,WT207,2012-06-21 08:54:05.973,0.0000,54,0,0.0000,0.0000,0,0,空换,S,0.0000,0.0000,0.0000,0.0000,0.0000,0.0000,0.0000,0.0000,0.0000,0.0000,0,0,0,0,0,0,0,0,0,0
zc,WT207,2012-06-21 09:05:11.067,0.0000,54,0,0.0000,0.0000,0,0,空换,S,2031.0000,0.0000,0.0000,0.0000,0.0000,0.0000,0.0000,0.0000,0.0000,0.0000,1,0,0,0,0,0,0,0,0,0
zc,WT207,2012-06-21 09:07:41.753,2031.0000,54,0,0.0000,2.0000,1,1,多换,B,0.0000,0.0000,0.0000,0.0000,0.0000,0.0000,0.0000,0.0000,0.0000,0.0000,0,0,0,0,0,0,0,0,0,0
zc,WT207,2012-06-21 09:07:54.753,2031.0000,54,0,0.0000,0.0000,0,0,多换,B,2031.0000,0.0000,0.0000,0.0000,0.0000,0.0000,0.0000,0.0000,0.0000,0.0000,1,0,0,0,0,0,0,0,0,0
zc,WT207,2012-06-21 09:08:03.737,2031.0000,54,0,0.0000,0.0000,0,0,多换,B,2031.0000,0.0000,0.0000,0.0000,0.0000,2180.0000,0.0000,0.0000,0.0000,0.0000,1,0,0,0,0,1,0,0,0,0
zc,WT207,2012-06-21 09:08:10.830,2031.0000,54,0,0.0000,0.0000,0,0,多换,B,2031.0000,0.0000,0.0000,0.0000,0.0000,2113.0000,0.0000,0.0000,0.0000,0.0000,1,0,0,0,0,3,0,0,0,0
zc,WT207,2012-06-21 09:08:37.020,2031.0000,54,0,0.0000,0.0000,0,0,多换,B,2031.0000,0.0000,0.0000,0.0000,0.0000,2112.0000,0.0000,0.0000,0.0000,0.0000,1,0,0,0,0,1,0,0,0,0
zc,WT207,2012-06-21 09:08:48.520,2031.0000,54,0,0.0000,0.0000,0,0,多换,B,2031.0000,0.0000,0.0000,0.0000,0.0000,2109.0000,0.0000,0.0000,0.0000,0.0000,1,0,0,0,0,3,0,0,0,0
zc,WT207,2012-06-21 09:09:52.550,2031.0000,54,0,0.0000,0.0000,0,0,多换,B,2031.0000,0.0000,0.0000,0.0000,0.0000,2108.0000,0.0000,0.0000,0.0000,0.0000,1,0,0,0,0,1,0,0,0,0
zc,WT207,2012-06-21 09:10:06.080,2031.0000,54,0,0.0000,0.0000,0,0,多换,B,2033.0000,0.0000,0.0000,0.0000,0.0000,2108.0000,0.0000,0.0000,0.0000,0.0000,3,0,0,0,0,1,0,0,0,0
zc,WT207,2012-06-21 09:13:28.237,2031.0000,54,0,0.0000,0.0000,0,0,多换,B,2033.0000,0.0000,0.0000,0.0000,0.0000,2198.0000,0.0000,0.0000,0.0000,0.0000,3,0,0,0,0,1,0,0,0,0
zc,WT207,2012-06-21 09:13:28.753,2031.0000,54,0,0.0000,0.0000,0,0,多换,B,2033.0000,0.0000,0.0000,0.0000,0.0000,2195.0000,0.0000,0.0000,0.0000,0.0000,3,0,0,0,0,6,0,0,0,0
zc,WT207,2012-06-21 09:13:41.270,2031.0000,54,0,0.0000,0.0000,0,0,多换,B,2033.0000,0.0000,0.0000,0.0000,0.0000,2155.0000,0.0000,0.0000,0.0000,0.0000,3,0,0,0,0,1,0,0,0,0
zc,WT207,2012-06-21 09:13:42.520,2031.0000,54,0,0.0000,0.0000,0,0,多换,B,2033.0000,0.0000,0.0000,0.0000,0.0000,2153.0000,0.0000,0.0000,0.0000,0.0000,3,0,0,0,0,3,0,0,0,0
zc,WT207,2012-06-21 09:13:55.800,2031.0000,54,0,0.0000,0.0000,0,0,多换,B,2033.0000,0.0000,0.0000,0.0000,0.0000,2122.0000,0.0000,0.0000,0.0000,0.0000,3,0,0,0,0,3,0,0,0,0
zc,WT207,2012-06-21 09:14:32.487,2031.0000,54,0,0.0000,0.0000,0,0,多换,B,2033.0000,0.0000,0.0000,0.0000,0.0000,2121.0000,0.0000,0.0000,0.0000,0.0000,3,0,0,0,0,1,0,0,0,0
zc,WT207,2012-06-21 09:17:05.957,2031.0000,54,0,0.0000,0.0000,0,0,多换,B,2033.0000,0.0000,0.0000,0.0000,0.0000,2121.0000,0.0000,0.0000,0.0000,0.0000,3,0,0,0,0,1,0,0,0,0
zc,WT207,2012-06-21 09:19:13.737,2031.0000,54,0,0.0000,0.0000,0,0,多换,B,2060.0000,0.0000,0.0000,0.0000,0.0000,2121.0000,0.0000,0.0000,0.0000,0.0000,1,0,0,0,0,1,0,0,0,0
zc,WT207,2012-06-21 09:19:23.987,2031.0000,54,0,0.0000,0.0000,0,0,多换,B,2060.0000,0.0000,0.0000,0.0000,0.0000,2121.0000,0.0000,0.0000,0.0000,0.0000,6,0,0,0,0,1,0,0,0,0
zc,WT207,2012-06-21 09:19:59.270,2031.0000,54,0,0.0000,0.0000,0,0,多换,B,2060.0000,0.0000,0.0000,0.0000,0.0000,2121.0000,0.0000,0.0000,0.0000,0.0000,5,0,0,0,0,1,0,0,0,0
zc,WT207,2012-06-21 09:20:00.473,2031.0000,54,0,0.0000,0.0000,0,0,多换,B,2060.0000,0.0000,0.0000,0.0000,0.0000,2121.0000,0.0000,0.0000,0.0000,0.0000,4,0,0,0,0,1,0,0,0,0
zc,WT207,2012-06-21 09:20:11.973,2031.0000,54,0,0.0000,0.0000,0,0,多换,B,2060.0000,0.0000,0.0000,0.0000,0.0000,2121.0000,0.0000,0.0000,0.0000,0.0000,3,0,0,0,0,1,0,0,0,0
zc,WT207,2012-06-21 09:21:01.237,2031.0000,54,0,0.0000,0.0000,0,0,多换,B,2061.0000,0.0000,0.0000,0.0000,0.0000,2121.0000,0.0000,0.0000,0.0000,0.0000,2,0,0,0,0,1,0,0,0,0
zc,WT207,2012-06-21 09:21:04.753,2031.0000,54,0,0.0000,0.0000,0,0,多换,B,2061.0000,0.0000,0.0000,0.0000,0.0000,2121.0000,0.0000,0.0000,0.0000,0.0000,1,0,0,0,0,1,0,0,0,0
zc,WT207,2012-06-21 09:21:09.457,2031.0000,54,0,0.0000,0.0000,0,0,多换,B,2062.0000,0.0000,0.0000,0.0000,0.0000,2121.0000,0.0000,0.0000,0.0000,0.0000,1,0,0,0,0,1,0,0,0,0
zc,WT207,2012-06-21 09:21:14.753,2031.0000,54,0,0.0000,0.0000,0,0,多换,B,2061.0000,0.0000,0.0000,0.0000,0.0000,2121.0000,0.0000,0.0000,0.0000,0.0000,1,0,0,0,0,1,0,0,0,0
zc,WT207,2012-06-21 09:21:15.723,2031.0000,54,0,0.0000,0.0000,0,0,多换,B,2060.0000,0.0000,0.0000,0.0000,0.0000,2121.0000,0.0000,0.0000,0.0000,0.0000,3,0,0,0,0,1,0,0,0,0
zc,WT207,2012-06-21 09:22:46.020,2031.0000,54,0,0.0000,0.0000,0,0,多换,B,2061.0000,0.0000,0.0000,0.0000,0.0000,2121.0000,0.0000,0.0000,0.0000,0.0000,3,0,0,0,0,1,0,0,0,0
zc,WT207,2012-06-21 09:23:11.503,2031.0000,54,0,0.0000,0.0000,0,0,多换,B,2060.0000,0.0000,0.0000,0.0000,0.0000,2121.0000,0.0000,0.0000,0.0000,0.0000,3,0,0,0,0,1,0,0,0,0
zc,WT207,2012-06-21 09:23:23.737,2031.0000,54,0,0.0000,0.0000,0,0,多换,B,2063.0000,0.0000,0.0000,0.0000,0.0000,2121.0000,0.0000,0.0000,0.0000,0.0000,1,0,0,0,0,1,0,0,0,0
zc,WT207,2012-06-21 09:23:26.207,2031.0000,54,0,0.0000,0.0000,0,0,多换,B,2060.0000,0.0000,0.0000,0.0000,0.0000,2121.0000,0.0000,0.0000,0.0000,0.0000,3,0,0,0,0,1,0,0,0,0
zc,WT207,2012-06-21 09:24:13.987,2031.0000,54,0,0.0000,0.0000,0,0,多换,B,2060.0000,0.0000,0.0000,0.0000,0.0000,2121.0000,0.0000,0.0000,0.0000,0.0000,4,0,0,0,0,1,0,0,0,0
zc,WT207,2012-06-21 09:24:26.973,2031.0000,54,0,0.0000,0.0000,0,0,多换,B,2060.0000,0.0000,0.0000,0.0000,0.0000,2121.0000,0.0000,0.0000,0.0000,0.0000,3,0,0,0,0,1,0,0,0,0
zc,WT207,2012-06-21 09:24:31.503,2031.0000,54,0,0.0000,0.0000,0,0,多换,B,2060.0000,0.0000,0.0000,0.0000,0.0000,2121.0000,0.0000,0.0000,0.0000,0.0000,4,0,0,0,0,1,0,0,0,0
zc,WT207,2012-06-21 09:24:53.253,2031.0000,54,0,0.0000,0.0000,0,0,多换,B,2060.0000,0.0000,0.0000,0.0000,0.0000,2121.0000,0.0000,0.0000,0.0000,0.0000,8,0,0,0,0,1,0,0,0,0
zc,WT207,2012-06-21 09:25:17.003,2031.0000,54,0,0.0000,0.0000,0,0,多换,B,2061.0000,0.0000,0.0000,0.0000,0.0000,2121.0000,0.0000,0.0000,0.0000,0.0000,1,0,0,0,0,1,0,0,0,0
zc,WT207,2012-06-21 09:25:45.723,2031.0000,54,0,0.0000,0.0000,0,0,多换,B,2061.0000,0.0000,0.0000,0.0000,0.0000,2121.0000,0.0000,0.0000,0.0000,0.0000,2,0,0,0,0,1,0,0,0,0
zc,WT207,2012-06-21 09:26:23.473,2031.0000,54,0,0.0000,0.0000,0,0,多换,B,2061.0000,0.0000,0.0000,0.0000,0.0000,2121.0000,0.0000,0.0000,0.0000,0.0000,3,0,0,0,0,1,0,0,0,0
zc,WT207,2012-06-21 09:26:32.770,2031.0000,54,0,0.0000,0.0000,0,0,多换,B,2062.0000,0.0000,0.0000,0.0000,0.0000,2121.0000,0.0000,0.0000,0.0000,0.0000,3,0,0,0,0,1,0,0,0,0
zc,WT207,2012-06-21 09:26:45.003,2031.0000,54,0,0.0000,0.0000,0,0,多换,B,2063.0000,0.0000,0.0000,0.0000,0.0000,2121.0000,0.0000,0.0000,0.0000,0.0000,1,0,0,0,0,1,0,0,0,0
zc,WT207,2012-06-21 09:26:54.973,2031.0000,54,0,0.0000,0.0000,0,0,多换,B,2068.0000,0.0000,0.0000,0.0000,0.0000,2121.0000,0.0000,0.0000,0.0000,0.0000,1,0,0,0,0,1,0,0,0,0
zc,WT207,2012-06-21 09:26:58.033,2031.0000,54,0,0.0000,0.0000,0,0,多换,B,2063.0000,0.0000,0.0000,0.0000,0.0000,2121.0000,0.0000,0.0000,0.0000,0.0000,4,0,0,0,0,1,0,0,0,0
zc,WT207,2012-06-21 09:27:06.067,2031.0000,54,0,0.0000,0.0000,0,0,多换,B,2064.0000,0.0000,0.0000,0.0000,0.0000,2121.0000,0.0000,0.0000,0.0000,0.0000,1,0,0,0,0,1,0,0,0,0
zc,WT207,2012-06-21 09:27:16.487,2031.0000,54,0,0.0000,0.0000,0,0,多换,B,2064.0000,0.0000,0.0000,0.0000,0.0000,2121.0000,0.0000,0.0000,0.0000,0.0000,3,0,0,0,0,1,0,0,0,0
zc,WT207,2012-06-21 09:27:20.003,2031.0000,54,0,0.0000,0.0000,0,0,多换,B,2064.0000,0.0000,0.0000,0.0000,0.0000,2121.0000,0.0000,0.0000,0.0000,0.0000,8,0,0,0,0,1,0,0,0,0
zc,WT207,2012-06-21 09:27:24.223,2031.0000,54,0,0.0000,0.0000,0,0,多换,B,2065.0000,0.0000,0.0000,0.0000,0.0000,2121.0000,0.0000,0.0000,0.0000,0.0000,1,0,0,0,0,1,0,0,0,0
zc,WT207,2012-06-21 09:27:27.723,2031.0000,54,0,0.0000,0.0000,0,0,多换,B,2065.0000,0.0000,0.0000,0.0000,0.0000,2121.0000,0.0000,0.0000,0.0000,0.0000,2,0,0,0,0,1,0,0,0,0
zc,WT207,2012-06-21 09:27:42.737,2031.0000,54,0,0.0000,0.0000,0,0,多换,B,2065.0000,0.0000,0.0000,0.0000,0.0000,2121.0000,0.0000,0.0000,0.0000,0.0000,1,0,0,0,0,1,0,0,0,0
zc,WT207,2012-06-21 09:29:04.190,2031.0000,54,0,0.0000,0.0000,0,0,多换,B,2065.0000,0.0000,0.0000,0.0000,0.0000,2121.0000,0.0000,0.0000,0.0000,0.0000,6,0,0,0,0,1,0,0,0,0
zc,WT207,2012-06-21 09:29:22.033,2031.0000,54,0,0.0000,0.0000,0,0,多换,B,2065.0000,0.0000,0.0000,0.0000,0.0000,2121.0000,0.0000,0.0000,0.0000,0.0000,5,0,0,0,0,1,0,0,0,0
zc,WT207,2012-06-21 09:29:26.253,2031.0000,54,0,0.0000,0.0000,0,0,多换,B,2065.0000,0.0000,0.0000,0.0000,0.0000,2121.0000,0.0000,0.0000,0.0000,0.0000,1,0,0,0,0,1,0,0,0,0
zc,WT207,2012-06-21 09:29:49.473,2031.0000,54,0,0.0000,0.0000,0,0,多换,B,2065.0000,0.0000,0.0000,0.0000,0.0000,2121.0000,0.0000,0.0000,0.0000,0.0000,9,0,0,0,0,1,0,0,0,0
zc,WT207,2012-06-21 09:30:19.737,2031.0000,54,0,0.0000,0.0000,0,0,多换,B,2065.0000,0.0000,0.0000,0.0000,0.0000,2121.0000,0.0000,0.0000,0.0000,0.0000,1,0,0,0,0,1,0,0,0,0
zc,WT207,2012-06-21 09:31:41.723,2031.0000,54,0,0.0000,0.0000,0,0,多换,B,2064.0000,0.0000,0.0000,0.0000,0.0000,2121.0000,0.0000,0.0000,0.0000,0.0000,8,0,0,0,0,1,0,0,0,0
zc,WT207,2012-06-21 09:33:02.723,2031.0000,54,0,0.0000,0.0000,0,0,多换,B,2065.0000,0.0000,0.0000,0.0000,0.0000,2121.0000,0.0000,0.0000,0.0000,0.0000,1,0,0,0,0,1,0,0,0,0
zc,WT207,2012-06-21 09:46:05.927,2031.0000,54,0,0.0000,0.0000,0,0,多换,B,2065.0000,0.0000,0.0000,0.0000,0.0000,2121.0000,0.0000,0.0000,0.0000,0.0000,1,0,0,0,0,1,0,0,0,0
zc,WT207,2012-06-21 09:46:47.473,2031.0000,54,0,0.0000,0.0000,0,0,多换,B,2064.0000,0.0000,0.0000,0.0000,0.0000,2121.0000,0.0000,0.0000,0.0000,0.0000,8,0,0,0,0,1,0,0,0,0
zc,WT207,2012-06-21 09:46:49.177,2031.0000,54,0,0.0000,0.0000,0,0,多换,B,2065.0000,0.0000,0.0000,0.0000,0.0000,2121.0000,0.0000,0.0000,0.0000,0.0000,1,0,0,0,0,1,0,0,0,0
zc,WT207,2012-06-21 09:48:18.927,2031.0000,54,0,0.0000,0.0000,0,0,多换,B,2065.0000,0.0000,0.0000,0.0000,0.0000,2137.0000,0.0000,0.0000,0.0000,0.0000,1,0,0,0,0,4,0,0,0,0
zc,WT207,2012-06-21 09:48:22.160,2065.0000,54,0,0.0000,2.0000,1,1,多换,B,2063.0000,0.0000,0.0000,0.0000,0.0000,2137.0000,0.0000,0.0000,0.0000,0.0000,8,0,0,0,0,4,0,0,0,0
zc,WT207,2012-06-21 09:48:27.207,2065.0000,54,0,0.0000,0.0000,0,0,多换,B,2063.0000,0.0000,0.0000,0.0000,0.0000,2137.0000,0.0000,0.0000,0.0000,0.0000,8,0,0,0,0,5,0,0,0,0
zc,WT207,2012-06-21 09:48:30.723,2065.0000,54,0,0.0000,0.0000,0,0,多换,B,2063.0000,0.0000,0.0000,0.0000,0.0000,2136.0000,0.0000,0.0000,0.0000,0.0000,8,0,0,0,0,1,0,0,0,0
zc,WT207,2012-06-21 09:50:07.457,2065.0000,54,0,0.0000,0.0000,0,0,多换,B,2063.0000,0.0000,0.0000,0.0000,0.0000,2136.0000,0.0000,0.0000,0.0000,0.0000,5,0,0,0,0,1,0,0,0,0
zc,WT207,2012-06-21 09:50:19.927,2065.0000,54,0,0.0000,0.0000,0,0,多换,B,2063.0000,0.0000,0.0000,0.0000,0.0000,2136.0000,0.0000,0.0000,0.0000,0.0000,3,0,0,0,0,1,0,0,0,0
zc,WT207,2012-06-21 09:50:23.440,2065.0000,54,0,0.0000,0.0000,0,0,多换,B,2063.0000,0.0000,0.0000,0.0000,0.0000,2136.0000,0.0000,0.0000,0.0000,0.0000,1,0,0,0,0,1,0,0,0,0
zc,WT207,2012-06-21 09:50:35.910,2065.0000,54,0,0.0000,0.0000,0,0,多换,B,2063.0000,0.0000,0.0000,0.0000,0.0000,2136.0000,0.0000,0.0000,0.0000,0.0000,8,0,0,0,0,1,0,0,0,0
zc,WT207,2012-06-21 09:50:56.207,2065.0000,54,0,0.0000,0.0000,0,0,多换,B,2063.0000,0.0000,0.0000,0.0000,0.0000,2136.0000,0.0000,0.0000,0.0000,0.0000,4,0,0,0,0,1,0,0,0,0
zc,WT207,2012-06-21 09:51:04.473,2065.0000,54,0,0.0000,0.0000,0,0,多换,B,2062.0000,0.0000,0.0000,0.0000,0.0000,2136.0000,0.0000,0.0000,0.0000,0.0000,8,0,0,0,0,1,0,0,0,0
zc,WT207,2012-06-21 09:51:44.707,2065.0000,54,0,0.0000,0.0000,0,0,多换,B,2062.0000,0.0000,0.0000,0.0000,0.0000,2136.0000,0.0000,0.0000,0.0000,0.0000,8,0,0,0,0,6,0,0,0,0
zc,WT207,2012-06-21 09:52:05.910,2065.0000,54,0,0.0000,0.0000,0,0,多换,B,2062.0000,0.0000,0.0000,0.0000,0.0000,2136.0000,0.0000,0.0000,0.0000,0.0000,8,0,0,0,0,6,0,0,0,0
zc,WT207,2012-06-21 09:53:05.910,2065.0000,54,0,0.0000,0.0000,0,0,多换,B,2062.0000,0.0000,0.0000,0.0000,0.0000,2136.0000,0.0000,0.0000,0.0000,0.0000,8,0,0,0,0,6,0,0,0,0
zc,WT207,2012-06-21 09:53:07.690,2065.0000,54,0,0.0000,0.0000,0,0,多换,B,2062.0000,0.0000,0.0000,0.0000,0.0000,2136.0000,0.0000,0.0000,0.0000,0.0000,3,0,0,0,0,6,0,0,0,0
zc,WT207,2012-06-21 09:53:08.190,2065.0000,54,0,0.0000,0.0000,0,0,多换,B,2062.0000,0.0000,0.0000,0.0000,0.0000,2136.0000,0.0000,0.0000,0.0000,0.0000,2,0,0,0,0,6,0,0,0,0
zc,WT207,2012-06-21 09:53:10.457,2065.0000,54,0,0.0000,0.0000,0,0,多换,B,2062.0000,0.0000,0.0000,0.0000,0.0000,2136.0000,0.0000,0.0000,0.0000,0.0000,1,0,0,0,0,6,0,0,0,0
zc,WT207,2012-06-21 09:53:11.660,2065.0000,54,0,0.0000,0.0000,0,0,多换,B,2060.0000,0.0000,0.0000,0.0000,0.0000,2135.0000,0.0000,0.0000,0.0000,0.0000,8,0,0,0,0,1,0,0,0,0
zc,WT207,2012-06-21 09:53:14.940,2065.0000,54,0,0.0000,0.0000,0,0,多换,B,2060.0000,0.0000,0.0000,0.0000,0.0000,2135.0000,0.0000,0.0000,0.0000,0.0000,8,0,0,0,0,2,0,0,0,0
zc,WT207,2012-06-21 09:53:16.190,2065.0000,54,0,0.0000,0.0000,0,0,多换,B,2060.0000,0.0000,0.0000,0.0000,0.0000,2134.0000,0.0000,0.0000,0.0000,0.0000,8,0,0,0,0,1,0,0,0,0
zc,WT207,2012-06-21 09:53:19.473,2065.0000,54,0,0.0000,0.0000,0,0,多换,B,2061.0000,0.0000,0.0000,0.0000,0.0000,2134.0000,0.0000,0.0000,0.0000,0.0000,1,0,0,0,0,1,0,0,0,0
zc,WT207,2012-06-21 09:53:27.487,2065.0000,54,0,0.0000,0.0000,0,0,多换,B,2061.0000,0.0000,0.0000,0.0000,0.0000,2134.0000,0.0000,0.0000,0.0000,0.0000,4,0,0,0,0,1,0,0,0,0
zc,WT207,2012-06-21 09:53:29.503,2065.0000,54,0,0.0000,0.0000,0,0,多换,B,2061.0000,0.0000,0.0000,0.0000,0.0000,2134.0000,0.0000,0.0000,0.0000,0.0000,3,0,0,0,0,1,0,0,0,0
zc,WT207,2012-06-21 09:54:18.677,2065.0000,54,0,0.0000,0.0000,0,0,多换,B,2060.0000,0.0000,0.0000,0.0000,0.0000,2134.0000,0.0000,0.0000,0.0000,0.0000,8,0,0,0,0,1,0,0,0,0
zc,WT207,2012-06-21 09:54:37.940,2065.0000,54,0,0.0000,0.0000,0,0,多换,B,2061.0000,0.0000,0.0000,0.0000,0.0000,2134.0000,0.0000,0.0000,0.0000,0.0000,3,0,0,0,0,1,0,0,0,0
zc,WT207,2012-06-21 09:55:07.427,2065.0000,54,0,0.0000,0.0000,0,0,多换,B,2061.0000,0.0000,0.0000,0.0000,0.0000,2134.0000,0.0000,0.0000,0.0000,0.0000,4,0,0,0,0,1,0,0,0,0
zc,WT207,2012-06-21 09:55:44.190,2065.0000,54,0,0.0000,0.0000,0,0,多换,B,2061.0000,0.0000,0.0000,0.0000,0.0000,2134.0000,0.0000,0.0000,0.0000,0.0000,3,0,0,0,0,1,0,0,0,0
zc,WT207,2012-06-21 09:56:50.473,2065.0000,54,0,0.0000,0.0000,0,0,多换,B,2061.0000,0.0000,0.0000,0.0000,0.0000,2134.0000,0.0000,0.0000,0.0000,0.0000,4,0,0,0,0,1,0,0,0,0
zc,WT207,2012-06-21 09:57:47.473,2065.0000,54,0,0.0000,0.0000,0,0,多换,B,2061.0000,0.0000,0.0000,0.0000,0.0000,2134.0000,0.0000,0.0000,0.0000,0.0000,9,0,0,0,0,1,0,0,0,0
zc,WT207,2012-06-21 09:57:59.737,2065.0000,54,0,0.0000,0.0000,0,0,多换,B,2062.0000,0.0000,0.0000,0.0000,0.0000,2134.0000,0.0000,0.0000,0.0000,0.0000,8,0,0,0,0,1,0,0,0,0
zc,WT207,2012-06-21 09:59:53.003,2065.0000,54,0,0.0000,0.0000,0,0,多换,B,2062.0000,0.0000,0.0000,0.0000,0.0000,2136.0000,0.0000,0.0000,0.0000,0.0000,8,0,0,0,0,5,0,0,0,0
zc,WT207,2012-06-21 10:00:26.020,2065.0000,54,0,0.0000,0.0000,0,0,多换,B,2062.0000,0.0000,0.0000,0.0000,0.0000,2135.0000,0.0000,0.0000,0.0000,0.0000,8,0,0,0,0,1,0,0,0,0
zc,WT207,2012-06-21 10:01:05.957,2065.0000,54,0,0.0000,0.0000,0,0,多换,B,2062.0000,0.0000,0.0000,0.0000,0.0000,2135.0000,0.0000,0.0000,0.0000,0.0000,8,0,0,0,0,1,0,0,0,0
zc,WT207,2012-06-21 10:01:27.487,2065.0000,54,0,0.0000,0.0000,0,0,多换,B,2062.0000,0.0000,0.0000,0.0000,0.0000,2135.0000,0.0000,0.0000,0.0000,0.0000,6,0,0,0,0,1,0,0,0,0
zc,WT207,2012-06-21 10:02:11.707,2065.0000,54,0,0.0000,0.0000,0,0,多换,B,2062.0000,0.0000,0.0000,0.0000,0.0000,2135.0000,0.0000,0.0000,0.0000,0.0000,7,0,0,0,0,1,0,0,0,0
zc,WT207,2012-06-21 10:02:12.737,2065.0000,54,0,0.0000,0.0000,0,0,多换,B,2062.0000,0.0000,0.0000,0.0000,0.0000,2135.0000,0.0000,0.0000,0.0000,0.0000,6,0,0,0,0,1,0,0,0,0
zc,WT207,2012-06-21 10:02:28.003,2065.0000,54,0,0.0000,0.0000,0,0,多换,B,2061.0000,0.0000,0.0000,0.0000,0.0000,2135.0000,0.0000,0.0000,0.0000,0.0000,8,0,0,0,0,6,0,0,0,0
zc,WT207,2012-06-21 10:03:54.473,2065.0000,54,0,0.0000,0.0000,0,0,多换,B,2061.0000,0.0000,0.0000,0.0000,0.0000,2135.0000,0.0000,0.0000,0.0000,0.0000,7,0,0,0,0,6,0,0,0,0
zc,WT207,2012-06-21 10:04:18.237,2065.0000,54,0,0.0000,0.0000,0,0,多换,B,2061.0000,0.0000,0.0000,0.0000,0.0000,2135.0000,0.0000,0.0000,0.0000,0.0000,5,0,0,0,0,6,0,0,0,0
zc,WT207,2012-06-21 10:04:25.487,2065.0000,54,0,0.0000,0.0000,0,0,多换,B,2061.0000,0.0000,0.0000,0.0000,0.0000,2135.0000,0.0000,0.0000,0.0000,0.0000,5,0,0,0,0,5,0,0,0,0
zc,WT207,2012-06-21 10:04:26.003,2065.0000,54,0,0.0000,0.0000,0,0,多换,B,2061.0000,0.0000,0.0000,0.0000,0.0000,2134.0000,0.0000,0.0000,0.0000,0.0000,5,0,0,0,0,1,0,0,0,0
zc,WT207,2012-06-21 10:05:24.237,2065.0000,54,0,0.0000,0.0000,0,0,多换,B,2061.0000,0.0000,0.0000,0.0000,0.0000,2134.0000,0.0000,0.0000,0.0000,0.0000,3,0,0,0,0,1,0,0,0,0
zc,WT207,2012-06-21 10:07:04.487,2065.0000,54,0,0.0000,0.0000,0,0,多换,B,2061.0000,0.0000,0.0000,0.0000,0.0000,2133.0000,0.0000,0.0000,0.0000,0.0000,3,0,0,0,0,5,0,0,0,0
zc,WT207,2012-06-21 10:07:55.440,2065.0000,54,0,0.0000,0.0000,0,0,多换,B,2061.0000,0.0000,0.0000,0.0000,0.0000,2132.0000,0.0000,0.0000,0.0000,0.0000,3,0,0,0,0,1,0,0,0,0
zc,WT207,2012-06-21 10:08:55.457,2065.0000,54,0,0.0000,0.0000,0,0,多换,B,2061.0000,0.0000,0.0000,0.0000,0.0000,2132.0000,0.0000,0.0000,0.0000,0.0000,3,0,0,0,0,2,0,0,0,0
zc,WT207,2012-06-21 10:09:26.473,2065.0000,54,0,0.0000,0.0000,0,0,多换,B,2061.0000,0.0000,0.0000,0.0000,0.0000,2132.0000,0.0000,0.0000,0.0000,0.0000,3,0,0,0,0,1,0,0,0,0
zc,WT207,2012-06-21 10:09:27.237,2065.0000,54,0,0.0000,0.0000,0,0,多换,B,2061.0000,0.0000,0.0000,0.0000,0.0000,2131.0000,0.0000,0.0000,0.0000,0.0000,3,0,0,0,0,1,0,0,0,0
zc,WT207,2012-06-21 10:10:05.690,2065.0000,54,0,0.0000,0.0000,0,0,多换,B,2061.0000,0.0000,0.0000,0.0000,0.0000,2131.0000,0.0000,0.0000,0.0000,0.0000,3,0,0,0,0,1,0,0,0,0
zc,WT207,2012-06-21 10:12:09.940,2065.0000,54,0,0.0000,0.0000,0,0,多换,B,2061.0000,0.0000,0.0000,0.0000,0.0000,2131.0000,0.0000,0.0000,0.0000,0.0000,4,0,0,0,0,1,0,0,0,0
zc,WT207,2012-06-21 10:12:17.223,2065.0000,54,0,0.0000,0.0000,0,0,多换,B,2061.0000,0.0000,0.0000,0.0000,0.0000,2131.0000,0.0000,0.0000,0.0000,0.0000,3,0,0,0,0,1,0,0,0,0
zc,WT207,2012-06-21 10:18:05.677,2065.0000,54,0,0.0000,0.0000,0,0,多换,B,2061.0000,0.0000,0.0000,0.0000,0.0000,2131.0000,0.0000,0.0000,0.0000,0.0000,3,0,0,0,0,1,0,0,0,0
zc,WT207,2012-06-21 10:32:29.910,2065.0000,54,0,0.0000,0.0000,0,0,多换,B,2061.0000,0.0000,0.0000,0.0000,0.0000,2131.0000,0.0000,0.0000,0.0000,0.0000,3,0,0,0,0,6,0,0,0,0
zc,WT207,2012-06-21 10:32:36.177,2065.0000,54,0,0.0000,0.0000,0,0,多换,B,2057.0000,0.0000,0.0000,0.0000,0.0000,2131.0000,0.0000,0.0000,0.0000,0.0000,2,0,0,0,0,6,0,0,0,0
zc,WT207,2012-06-21 10:32:38.427,2065.0000,54,0,0.0000,0.0000,0,0,多换,B,2057.0000,0.0000,0.0000,0.0000,0.0000,2131.0000,0.0000,0.0000,0.0000,0.0000,1,0,0,0,0,6,0,0,0,0
zc,WT207,2012-06-21 10:32:42.927,2065.0000,54,0,0.0000,0.0000,0,0,多换,B,2056.0000,0.0000,0.0000,0.0000,0.0000,2131.0000,0.0000,0.0000,0.0000,0.0000,2,0,0,0,0,6,0,0,0,0
zc,WT207,2012-06-21 10:32:45.927,2065.0000,54,0,0.0000,0.0000,0,0,多换,B,2056.0000,0.0000,0.0000,0.0000,0.0000,2131.0000,0.0000,0.0000,0.0000,0.0000,1,0,0,0,0,6,0,0,0,0
zc,WT207,2012-06-21 10:33:07.690,2065.0000,54,0,0.0000,0.0000,0,0,多换,B,2056.0000,0.0000,0.0000,0.0000,0.0000,2131.0000,0.0000,0.0000,0.0000,0.0000,2,0,0,0,0,6,0,0,0,0
zc,WT207,2012-06-21 10:33:46.940,2065.0000,54,0,0.0000,0.0000,0,0,多换,B,2056.0000,0.0000,0.0000,0.0000,0.0000,2131.0000,0.0000,0.0000,0.0000,0.0000,2,0,0,0,0,5,0,0,0,0
zc,WT207,2012-06-21 10:33:47.457,2065.0000,54,0,0.0000,0.0000,0,0,多换,B,2056.0000,0.0000,0.0000,0.0000,0.0000,2130.0000,0.0000,0.0000,0.0000,0.0000,2,0,0,0,0,1,0,0,0,0
zc,WT207,2012-06-21 10:34:07.753,2065.0000,54,0,0.0000,0.0000,0,0,多换,B,2056.0000,0.0000,0.0000,0.0000,0.0000,2130.0000,0.0000,0.0000,0.0000,0.0000,2,0,0,0,0,1,0,0,0,0
zc,WT207,2012-06-21 10:34:45.707,2065.0000,54,0,0.0000,0.0000,0,0,多换,B,2057.0000,0.0000,0.0000,0.0000,0.0000,2130.0000,0.0000,0.0000,0.0000,0.0000,3,0,0,0,0,1,0,0,0,0
zc,WT207,2012-06-21 10:35:21.440,2065.0000,54,0,0.0000,0.0000,0,0,多换,B,2056.0000,0.0000,0.0000,0.0000,0.0000,2130.0000,0.0000,0.0000,0.0000,0.0000,1,0,0,0,0,1,0,0,0,0
zc,WT207,2012-06-21 10:35:47.410,2065.0000,54,0,0.0000,0.0000,0,0,多换,B,2056.0000,0.0000,0.0000,0.0000,0.0000,2130.0000,0.0000,0.0000,0.0000,0.0000,2,0,0,0,0,1,0,0,0,0
zc,WT207,2012-06-21 10:36:36.177,2065.0000,54,0,0.0000,0.0000,0,0,多换,B,2057.0000,0.0000,0.0000,0.0000,0.0000,2130.0000,0.0000,0.0000,0.0000,0.0000,1,0,0,0,0,1,0,0,0,0
zc,WT207,2012-06-21 10:36:46.910,2065.0000,54,0,0.0000,0.0000,0,0,多换,B,2056.0000,0.0000,0.0000,0.0000,0.0000,2130.0000,0.0000,0.0000,0.0000,0.0000,2,0,0,0,0,1,0,0,0,0
zc,WT207,2012-06-21 10:36:52.177,2065.0000,54,0,0.0000,0.0000,0,0,多换,B,2056.0000,0.0000,0.0000,0.0000,0.0000,2130.0000,0.0000,0.0000,0.0000,0.0000,3,0,0,0,0,1,0,0,0,0
zc,WT207,2012-06-21 10:36:56.177,2065.0000,54,0,0.0000,0.0000,0,0,多换,B,2056.0000,0.0000,0.0000,0.0000,0.0000,2130.0000,0.0000,0.0000,0.0000,0.0000,4,0,0,0,0,1,0,0,0,0
zc,WT207,2012-06-21 10:36:56.677,2065.0000,54,0,0.0000,0.0000,0,0,多换,B,2057.0000,0.0000,0.0000,0.0000,0.0000,2130.0000,0.0000,0.0000,0.0000,0.0000,1,0,0,0,0,1,0,0,0,0
zc,WT207,2012-06-21 10:38:04.893,2065.0000,54,0,0.0000,0.0000,0,0,多换,B,2058.0000,0.0000,0.0000,0.0000,0.0000,2130.0000,0.0000,0.0000,0.0000,0.0000,8,0,0,0,0,1,0,0,0,0
zc,WT207,2012-06-21 10:38:41.473,2065.0000,54,0,0.0000,0.0000,0,0,多换,B,2056.0000,0.0000,0.0000,0.0000,0.0000,2130.0000,0.0000,0.0000,0.0000,0.0000,3,0,0,0,0,1,0,0,0,0
zc,WT207,2012-06-21 10:38:46.427,2065.0000,54,0,0.0000,0.0000,0,0,多换,B,2058.0000,0.0000,0.0000,0.0000,0.0000,2130.0000,0.0000,0.0000,0.0000,0.0000,8,0,0,0,0,1,0,0,0,0
zc,WT207,2012-06-21 10:38:52.190,2065.0000,54,0,0.0000,0.0000,0,0,多换,B,2061.0000,0.0000,0.0000,0.0000,0.0000,2130.0000,0.0000,0.0000,0.0000,0.0000,2,0,0,0,0,1,0,0,0,0
zc,WT207,2012-06-21 10:38:57.427,2065.0000,54,0,0.0000,0.0000,0,0,多换,B,2058.0000,0.0000,0.0000,0.0000,0.0000,2130.0000,0.0000,0.0000,0.0000,0.0000,8,0,0,0,0,1,0,0,0,0
zc,WT207,2012-06-21 10:39:15.177,2065.0000,54,0,0.0000,0.0000,0,0,多换,B,2057.0000,0.0000,0.0000,0.0000,0.0000,2130.0000,0.0000,0.0000,0.0000,0.0000,1,0,0,0,0,1,0,0,0,0
zc,WT207,2012-06-21 10:39:21.143,2065.0000,54,0,0.0000,0.0000,0,0,多换,B,2057.0000,0.0000,0.0000,0.0000,0.0000,2130.0000,0.0000,0.0000,0.0000,0.0000,2,0,0,0,0,1,0,0,0,0
zc,WT207,2012-06-21 10:39:22.957,2065.0000,54,0,0.0000,0.0000,0,0,多换,B,2062.0000,0.0000,0.0000,0.0000,0.0000,2130.0000,0.0000,0.0000,0.0000,0.0000,8,0,0,0,0,1,0,0,0,0
zc,WT207,2012-06-21 10:39:28.457,2065.0000,54,0,0.0000,0.0000,0,0,多换,B,2062.0000,0.0000,0.0000,0.0000,0.0000,2130.0000,0.0000,0.0000,0.0000,0.0000,1,0,0,0,0,1,0,0,0,0
zc,WT207,2012-06-21 10:40:03.940,2065.0000,54,0,0.0000,0.0000,0,0,多换,B,2060.0000,0.0000,0.0000,0.0000,0.0000,2130.0000,0.0000,0.0000,0.0000,0.0000,2,0,0,0,0,1,0,0,0,0
zc,WT207,2012-06-21 10:40:06.677,2065.0000,54,0,0.0000,0.0000,0,0,多换,B,2060.0000,0.0000,0.0000,0.0000,0.0000,2130.0000,0.0000,0.0000,0.0000,0.0000,3,0,0,0,0,1,0,0,0,0
zc,WT207,2012-06-21 10:40:10.160,2065.0000,54,0,0.0000,0.0000,0,0,多换,B,2061.0000,0.0000,0.0000,0.0000,0.0000,2130.0000,0.0000,0.0000,0.0000,0.0000,1,0,0,0,0,1,0,0,0,0
zc,WT207,2012-06-21 10:40:11.910,2065.0000,54,0,0.0000,0.0000,0,0,多换,B,2060.0000,0.0000,0.0000,0.0000,0.0000,2130.0000,0.0000,0.0000,0.0000,0.0000,3,0,0,0,0,1,0,0,0,0
zc,WT207,2012-06-21 10:40:23.160,2065.0000,54,0,0.0000,0.0000,0,0,多换,B,2060.0000,0.0000,0.0000,0.0000,0.0000,2130.0000,0.0000,0.0000,0.0000,0.0000,1,0,0,0,0,1,0,0,0,0
zc,WT207,2012-06-21 10:40:24.940,2065.0000,54,0,0.0000,0.0000,0,0,多换,B,2061.0000,0.0000,0.0000,0.0000,0.0000,2130.0000,0.0000,0.0000,0.0000,0.0000,2,0,0,0,0,1,0,0,0,0
zc,WT207,2012-06-21 10:41:48.910,2065.0000,54,0,0.0000,0.0000,0,0,多换,B,2061.0000,0.0000,0.0000,0.0000,0.0000,2130.0000,0.0000,0.0000,0.0000,0.0000,4,0,0,0,0,1,0,0,0,0
zc,WT207,2012-06-21 10:41:56.660,2065.0000,54,0,0.0000,0.0000,0,0,多换,B,2061.0000,0.0000,0.0000,0.0000,0.0000,2130.0000,0.0000,0.0000,0.0000,0.0000,6,0,0,0,0,1,0,0,0,0
zc,WT207,2012-06-21 10:43:27.737,2065.0000,54,0,0.0000,0.0000,0,0,多换,B,2061.0000,0.0000,0.0000,0.0000,0.0000,2130.0000,0.0000,0.0000,0.0000,0.0000,5,0,0,0,0,1,0,0,0,0
zc,WT207,2012-06-21 10:43:32.973,2065.0000,54,0,0.0000,0.0000,0,0,多换,B,2060.0000,0.0000,0.0000,0.0000,0.0000,2130.0000,0.0000,0.0000,0.0000,0.0000,1,0,0,0,0,1,0,0,0,0
zc,WT207,2012-06-21 10:44:17.223,2065.0000,54,0,0.0000,0.0000,0,0,多换,B,2059.0000,0.0000,0.0000,0.0000,0.0000,2130.0000,0.0000,0.0000,0.0000,0.0000,1,0,0,0,0,1,0,0,0,0
zc,WT207,2012-06-21 10:44:33.660,2065.0000,54,0,0.0000,0.0000,0,0,多换,B,2058.0000,0.0000,0.0000,0.0000,0.0000,2130.0000,0.0000,0.0000,0.0000,0.0000,1,0,0,0,0,1,0,0,0,0
zc,WT207,2012-06-21 10:44:39.973,2065.0000,54,0,0.0000,0.0000,0,0,多换,B,2058.0000,0.0000,0.0000,0.0000,0.0000,2130.0000,0.0000,0.0000,0.0000,0.0000,2,0,0,0,0,1,0,0,0,0
zc,WT207,2012-06-21 10:44:44.690,2065.0000,54,0,0.0000,0.0000,0,0,多换,B,2059.0000,0.0000,0.0000,0.0000,0.0000,2130.0000,0.0000,0.0000,0.0000,0.0000,1,0,0,0,0,1,0,0,0,0
zc,WT207,2012-06-21 10:44:45.177,2065.0000,54,0,0.0000,0.0000,0,0,多换,B,2058.0000,0.0000,0.0000,0.0000,0.0000,2130.0000,0.0000,0.0000,0.0000,0.0000,1,0,0,0,0,1,0,0,0,0
zc,WT207,2012-06-21 10:44:56.707,2065.0000,54,0,0.0000,0.0000,0,0,多换,B,2057.0000,0.0000,0.0000,0.0000,0.0000,2130.0000,0.0000,0.0000,0.0000,0.0000,1,0,0,0,0,1,0,0,0,0
zc,WT207,2012-06-21 10:45:05.660,2065.0000,54,0,0.0000,0.0000,0,0,多换,B,2057.0000,0.0000,0.0000,0.0000,0.0000,2130.0000,0.0000,0.0000,0.0000,0.0000,1,0,0,0,0,1,0,0,0,0
zc,WT207,2012-06-21 10:45:09.707,2065.0000,54,0,0.0000,0.0000,0,0,多换,B,2056.0000,0.0000,0.0000,0.0000,0.0000,2130.0000,0.0000,0.0000,0.0000,0.0000,2,0,0,0,0,2,0,0,0,0
zc,WT207,2012-06-21 10:45:11.457,2065.0000,54,0,0.0000,0.0000,0,0,多换,B,2056.0000,0.0000,0.0000,0.0000,0.0000,2130.0000,0.0000,0.0000,0.0000,0.0000,2,0,0,0,0,1,0,0,0,0
zc,WT207,2012-06-21 10:46:19.393,2065.0000,54,0,0.0000,0.0000,0,0,多换,B,2056.0000,0.0000,0.0000,0.0000,0.0000,2130.0000,0.0000,0.0000,0.0000,0.0000,2,0,0,0,0,2,0,0,0,0
zc,WT207,2012-06-21 10:46:42.177,2065.0000,54,0,0.0000,0.0000,0,0,多换,B,2056.0000,0.0000,0.0000,0.0000,0.0000,2130.0000,0.0000,0.0000,0.0000,0.0000,1,0,0,0,0,2,0,0,0,0
zc,WT207,2012-06-21 10:46:55.677,2065.0000,54,0,0.0000,0.0000,0,0,多换,B,2056.0000,0.0000,0.0000,0.0000,0.0000,2130.0000,0.0000,0.0000,0.0000,0.0000,2,0,0,0,0,2,0,0,0,0
zc,WT207,2012-06-21 10:46:58.910,2065.0000,54,0,0.0000,0.0000,0,0,多换,B,2056.0000,0.0000,0.0000,0.0000,0.0000,2130.0000,0.0000,0.0000,0.0000,0.0000,2,0,0,0,0,1,0,0,0,0
zc,WT207,2012-06-21 10:47:02.440,2065.0000,54,0,0.0000,0.0000,0,0,多换,B,2056.0000,0.0000,0.0000,0.0000,0.0000,2130.0000,0.0000,0.0000,0.0000,0.0000,1,0,0,0,0,1,0,0,0,0
zc,WT207,2012-06-21 10:47:49.660,2065.0000,54,0,0.0000,0.0000,0,0,多换,B,2056.0000,0.0000,0.0000,0.0000,0.0000,2130.0000,0.0000,0.0000,0.0000,0.0000,2,0,0,0,0,1,0,0,0,0
zc,WT207,2012-06-21 10:48:09.427,2065.0000,54,0,0.0000,0.0000,0,0,多换,B,2056.0000,0.0000,0.0000,0.0000,0.0000,2130.0000,0.0000,0.0000,0.0000,0.0000,3,0,0,0,0,1,0,0,0,0
zc,WT207,2012-06-21 10:50:05.643,2065.0000,54,0,0.0000,0.0000,0,0,多换,B,2056.0000,0.0000,0.0000,0.0000,0.0000,2130.0000,0.0000,0.0000,0.0000,0.0000,3,0,0,0,0,1,0,0,0,0
zc,WT207,2012-06-21 10:50:16.143,2065.0000,54,0,0.0000,0.0000,0,0,多换,B,2056.0000,0.0000,0.0000,0.0000,0.0000,2130.0000,0.0000,0.0000,0.0000,0.0000,4,0,0,0,0,1,0,0,0,0
zc,WT207,2012-06-21 10:50:51.927,2065.0000,54,0,0.0000,0.0000,0,0,多换,B,2056.0000,0.0000,0.0000,0.0000,0.0000,2130.0000,0.0000,0.0000,0.0000,0.0000,3,0,0,0,0,1,0,0,0,0
zc,WT207,2012-06-21 10:51:20.177,2065.0000,54,0,0.0000,0.0000,0,0,多换,B,2056.0000,0.0000,0.0000,0.0000,0.0000,2130.0000,0.0000,0.0000,0.0000,0.0000,4,0,0,0,0,1,0,0,0,0
zc,WT207,2012-06-21 10:51:33.690,2065.0000,54,0,0.0000,0.0000,0,0,多换,B,2056.0000,0.0000,0.0000,0.0000,0.0000,2130.0000,0.0000,0.0000,0.0000,0.0000,3,0,0,0,0,1,0,0,0,0
zc,WT207,2012-06-21 10:58:05.643,2065.0000,54,0,0.0000,0.0000,0,0,多换,B,2056.0000,0.0000,0.0000,0.0000,0.0000,2130.0000,0.0000,0.0000,0.0000,0.0000,3,0,0,0,0,1,0,0,0,0
zc,WT207,2012-06-21 10:59:31.177,2065.0000,54,0,0.0000,0.0000,0,0,多换,B,2057.0000,0.0000,0.0000,0.0000,0.0000,2130.0000,0.0000,0.0000,0.0000,0.0000,1,0,0,0,0,1,0,0,0,0
zc,WT207,2012-06-21 11:00:23.690,2065.0000,54,0,0.0000,0.0000,0,0,多换,B,2056.0000,0.0000,0.0000,0.0000,0.0000,2130.0000,0.0000,0.0000,0.0000,0.0000,3,0,0,0,0,1,0,0,0,0
zc,WT207,2012-06-21 11:00:56.190,2065.0000,54,0,0.0000,0.0000,0,0,多换,B,2056.0000,0.0000,0.0000,0.0000,0.0000,2130.0000,0.0000,0.0000,0.0000,0.0000,2,0,0,0,0,1,0,0,0,0
zc,WT207,2012-06-21 11:04:51.143,2065.0000,54,0,0.0000,0.0000,0,0,多换,B,2054.0000,0.0000,0.0000,0.0000,0.0000,2129.0000,0.0000,0.0000,0.0000,0.0000,4,0,0,0,0,5,0,0,0,0
zc,WT207,2012-06-21 11:04:56.410,2065.0000,54,0,0.0000,0.0000,0,0,多换,B,2054.0000,0.0000,0.0000,0.0000,0.0000,2129.0000,0.0000,0.0000,0.0000,0.0000,5,0,0,0,0,5,0,0,0,0
zc,WT207,2012-06-21 11:05:05.643,2065.0000,54,0,0.0000,0.0000,0,0,多换,B,2054.0000,0.0000,0.0000,0.0000,0.0000,2129.0000,0.0000,0.0000,0.0000,0.0000,5,0,0,0,0,5,0,0,0,0
zc,WT207,2012-06-21 11:05:38.893,2065.0000,54,0,0.0000,0.0000,0,0,多换,B,2054.0000,0.0000,0.0000,0.0000,0.0000,2130.0000,0.0000,0.0000,0.0000,0.0000,5,0,0,0,0,1,0,0,0,0
zc,WT207,2012-06-21 11:05:47.127,2065.0000,54,0,0.0000,0.0000,0,0,多换,B,2055.0000,0.0000,0.0000,0.0000,0.0000,2130.0000,0.0000,0.0000,0.0000,0.0000,1,0,0,0,0,1,0,0,0,0
zc,WT207,2012-06-21 11:05:47.643,2065.0000,54,0,0.0000,0.0000,0,0,多换,B,2053.0000,0.0000,0.0000,0.0000,0.0000,2127.0000,0.0000,0.0000,0.0000,0.0000,8,0,0,0,0,5,0,0,0,0
zc,WT207,2012-06-21 11:05:59.143,2065.0000,54,0,0.0000,0.0000,0,0,多换,B,2053.0000,0.0000,0.0000,0.0000,0.0000,2127.0000,0.0000,0.0000,0.0000,0.0000,8,0,0,0,0,4,0,0,0,0
zc,WT207,2012-06-21 11:06:01.143,2065.0000,54,0,0.0000,0.0000,0,0,多换,B,2053.0000,0.0000,0.0000,0.0000,0.0000,2127.0000,0.0000,0.0000,0.0000,0.0000,8,0,0,0,0,3,0,0,0,0
zc,WT207,2012-06-21 11:06:13.643,2065.0000,54,0,0.0000,0.0000,0,0,多换,B,2053.0000,0.0000,0.0000,0.0000,0.0000,2127.0000,0.0000,0.0000,0.0000,0.0000,8,0,0,0,0,4,0,0,0,0
zc,WT207,2012-06-21 11:06:14.160,2065.0000,54,0,0.0000,0.0000,0,0,多换,B,2053.0000,0.0000,0.0000,0.0000,0.0000,2127.0000,0.0000,0.0000,0.0000,0.0000,8,0,0,0,0,3,0,0,0,0
zc,WT207,2012-06-21 11:06:14.940,2065.0000,54,0,0.0000,0.0000,0,0,多换,B,2053.0000,0.0000,0.0000,0.0000,0.0000,2127.0000,0.0000,0.0000,0.0000,0.0000,8,0,0,0,0,2,0,0,0,0
zc,WT207,2012-06-21 11:06:16.393,2065.0000,54,0,0.0000,0.0000,0,0,多换,B,2053.0000,0.0000,0.0000,0.0000,0.0000,2127.0000,0.0000,0.0000,0.0000,0.0000,8,0,0,0,0,1,0,0,0,0
zc,WT207,2012-06-21 11:06:19.643,2065.0000,54,0,0.0000,0.0000,0,0,多换,B,2054.0000,0.0000,0.0000,0.0000,0.0000,2129.0000,0.0000,0.0000,0.0000,0.0000,1,0,0,0,0,2,0,0,0,0
zc,WT207,2012-06-21 11:06:22.440,2065.0000,54,0,0.0000,0.0000,0,0,多换,B,2054.0000,0.0000,0.0000,0.0000,0.0000,2129.0000,0.0000,0.0000,0.0000,0.0000,1,0,0,0,0,3,0,0,0,0
zc,WT207,2012-06-21 11:06:25.143,2065.0000,54,0,0.0000,0.0000,0,0,多换,B,2054.0000,0.0000,0.0000,0.0000,0.0000,2128.0000,0.0000,0.0000,0.0000,0.0000,1,0,0,0,0,1,0,0,0,0
zc,WT207,2012-06-21 11:06:33.190,2065.0000,54,0,0.0000,0.0000,0,0,多换,B,2054.0000,0.0000,0.0000,0.0000,0.0000,2127.0000,0.0000,0.0000,0.0000,0.0000,1,0,0,0,0,1,0,0,0,0
zc,WT207,2012-06-21 11:07:05.660,2065.0000,54,0,0.0000,0.0000,0,0,多换,B,2054.0000,0.0000,0.0000,0.0000,0.0000,2127.0000,0.0000,0.0000,0.0000,0.0000,1,0,0,0,0,1,0,0,0,0
zc,WT207,2012-06-21 11:07:38.660,2065.0000,54,0,0.0000,0.0000,0,0,多换,B,2054.0000,0.0000,0.0000,0.0000,0.0000,2127.0000,0.0000,0.0000,0.0000,0.0000,2,0,0,0,0,1,0,0,0,0
zc,WT207,2012-06-21 11:09:05.660,2065.0000,54,0,0.0000,0.0000,0,0,多换,B,2054.0000,0.0000,0.0000,0.0000,0.0000,2127.0000,0.0000,0.0000,0.0000,0.0000,2,0,0,0,0,1,0,0,0,0
zc,WT207,2012-06-21 11:10:05.643,2065.0000,54,0,0.0000,0.0000,0,0,多换,B,2054.0000,0.0000,0.0000,0.0000,0.0000,2127.0000,0.0000,0.0000,0.0000,0.0000,2,0,0,0,0,1,0,0,0,0
zc,WT207,2012-06-21 11:13:05.643,2065.0000,54,0,0.0000,0.0000,0,0,多换,B,2054.0000,0.0000,0.0000,0.0000,0.0000,2127.0000,0.0000,0.0000,0.0000,0.0000,2,0,0,0,0,1,0,0,0,0
zc,WT207,2012-06-21 11:14:08.677,2065.0000,54,0,0.0000,0.0000,0,0,多换,B,2055.0000,0.0000,0.0000,0.0000,0.0000,2127.0000,0.0000,0.0000,0.0000,0.0000,1,0,0,0,0,1,0,0,0,0
zc,WT207,2012-06-21 11:16:46.973,2065.0000,54,0,0.0000,0.0000,0,0,多换,B,2054.0000,0.0000,0.0000,0.0000,0.0000,2127.0000,0.0000,0.0000,0.0000,0.0000,1,0,0,0,0,1,0,0,0,0
zc,WT207,2012-06-21 11:17:05.643,2065.0000,54,0,0.0000,0.0000,0,0,多换,B,2054.0000,0.0000,0.0000,0.0000,0.0000,2127.0000,0.0000,0.0000,0.0000,0.0000,1,0,0,0,0,1,0,0,0,0
zc,WT207,2012-06-21 11:19:00.690,2065.0000,54,0,0.0000,0.0000,0,0,多换,B,2055.0000,0.0000,0.0000,0.0000,0.0000,2127.0000,0.0000,0.0000,0.0000,0.0000,1,0,0,0,0,1,0,0,0,0
zc,WT207,2012-06-21 11:22:54.973,2065.0000,54,0,0.0000,0.0000,0,0,多换,B,2055.0000,0.0000,0.0000,0.0000,0.0000,2112.0000,0.0000,0.0000,0.0000,0.0000,1,0,0,0,0,1,0,0,0,0
zc,WT207,2012-06-21 11:23:05.643,2065.0000,54,0,0.0000,0.0000,0,0,多换,B,2055.0000,0.0000,0.0000,0.0000,0.0000,2112.0000,0.0000,0.0000,0.0000,0.0000,1,0,0,0,0,1,0,0,0,0
zc,WT207,2012-06-21 11:26:05.660,2065.0000,54,0,0.0000,0.0000,0,0,多换,B,2055.0000,0.0000,0.0000,0.0000,0.0000,2112.0000,0.0000,0.0000,0.0000,0.0000,1,0,0,0,0,1,0,0,0,0
zc,WT207,2012-06-21 11:27:11.910,2065.0000,54,0,0.0000,0.0000,0,0,多换,B,2055.0000,0.0000,0.0000,0.0000,0.0000,2111.0000,0.0000,0.0000,0.0000,0.0000,1,0,0,0,0,1,0,0,0,0
zc,WT207,2012-06-21 11:29:49.690,2065.0000,54,0,0.0000,0.0000,0,0,多换,B,2054.0000,0.0000,0.0000,0.0000,0.0000,2111.0000,0.0000,0.0000,0.0000,0.0000,8,0,0,0,0,1,0,0,0,0
zc,WT207,2012-06-21 11:38:05.627,2065.0000,54,0,0.0000,0.0000,0,0,多换,B,2054.0000,0.0000,0.0000,0.0000,0.0000,2111.0000,0.0000,0.0000,0.0000,0.0000,8,0,0,0,0,1,0,0,0,0
zc,WT207,2012-06-21 11:40:05.613,2065.0000,54,0,0.0000,0.0000,0,0,多换,B,2054.0000,0.0000,0.0000,0.0000,0.0000,2111.0000,0.0000,0.0000,0.0000,0.0000,8,0,0,0,0,1,0,0,0,0
zc,WT207,2012-06-21 11:51:05.613,2065.0000,54,0,0.0000,0.0000,0,0,多换,B,2054.0000,0.0000,0.0000,0.0000,0.0000,2111.0000,0.0000,0.0000,0.0000,0.0000,8,0,0,0,0,1,0,0,0,0
zc,WT207,2012-06-21 11:58:05.597,2065.0000,54,0,0.0000,0.0000,0,0,多换,B,2054.0000,0.0000,0.0000,0.0000,0.0000,2111.0000,0.0000,0.0000,0.0000,0.0000,8,0,0,0,0,1,0,0,0,0
zc,WT207,2012-06-21 12:01:05.597,2065.0000,54,0,0.0000,0.0000,0,0,多换,B,2054.0000,0.0000,0.0000,0.0000,0.0000,2111.0000,0.0000,0.0000,0.0000,0.0000,8,0,0,0,0,1,0,0,0,0
zc,WT207,2012-06-21 12:03:05.597,2065.0000,54,0,0.0000,0.0000,0,0,多换,B,2054.0000,0.0000,0.0000,0.0000,0.0000,2111.0000,0.0000,0.0000,0.0000,0.0000,8,0,0,0,0,1,0,0,0,0
zc,WT207,2012-06-21 12:05:05.597,2065.0000,54,0,0.0000,0.0000,0,0,多换,B,2054.0000,0.0000,0.0000,0.0000,0.0000,2111.0000,0.0000,0.0000,0.0000,0.0000,8,0,0,0,0,1,0,0,0,0
zc,WT207,2012-06-21 12:12:05.597,2065.0000,54,0,0.0000,0.0000,0,0,多换,B,2054.0000,0.0000,0.0000,0.0000,0.0000,2111.0000,0.0000,0.0000,0.0000,0.0000,8,0,0,0,0,1,0,0,0,0
zc,WT207,2012-06-21 12:19:05.580,2065.0000,54,0,0.0000,0.0000,0,0,多换,B,2054.0000,0.0000,0.0000,0.0000,0.0000,2111.0000,0.0000,0.0000,0.0000,0.0000,8,0,0,0,0,1,0,0,0,0
zc,WT207,2012-06-21 12:23:05.580,2065.0000,54,0,0.0000,0.0000,0,0,多换,B,2054.0000,0.0000,0.0000,0.0000,0.0000,2111.0000,0.0000,0.0000,0.0000,0.0000,8,0,0,0,0,1,0,0,0,0
zc,WT207,2012-06-21 12:24:05.567,2065.0000,54,0,0.0000,0.0000,0,0,多换,B,2054.0000,0.0000,0.0000,0.0000,0.0000,2111.0000,0.0000,0.0000,0.0000,0.0000,8,0,0,0,0,1,0,0,0,0
zc,WT207,2012-06-21 12:34:05.567,2065.0000,54,0,0.0000,0.0000,0,0,多换,B,2054.0000,0.0000,0.0000,0.0000,0.0000,2111.0000,0.0000,0.0000,0.0000,0.0000,8,0,0,0,0,1,0,0,0,0
zc,WT207,2012-06-21 12:37:05.567,2065.0000,54,0,0.0000,0.0000,0,0,多换,B,2054.0000,0.0000,0.0000,0.0000,0.0000,2111.0000,0.0000,0.0000,0.0000,0.0000,8,0,0,0,0,1,0,0,0,0
zc,WT207,2012-06-21 12:40:05.567,2065.0000,54,0,0.0000,0.0000,0,0,多换,B,2054.0000,0.0000,0.0000,0.0000,0.0000,2111.0000,0.0000,0.0000,0.0000,0.0000,8,0,0,0,0,1,0,0,0,0
zc,WT207,2012-06-21 12:52:05.533,2065.0000,54,0,0.0000,0.0000,0,0,多换,B,2054.0000,0.0000,0.0000,0.0000,0.0000,2111.0000,0.0000,0.0000,0.0000,0.0000,8,0,0,0,0,1,0,0,0,0
zc,WT207,2012-06-21 12:53:05.550,2065.0000,54,0,0.0000,0.0000,0,0,多换,B,2054.0000,0.0000,0.0000,0.0000,0.0000,2111.0000,0.0000,0.0000,0.0000,0.0000,8,0,0,0,0,1,0,0,0,0
zc,WT207,2012-06-21 13:10:05.520,2065.0000,54,0,0.0000,0.0000,0,0,多换,B,2054.0000,0.0000,0.0000,0.0000,0.0000,2111.0000,0.0000,0.0000,0.0000,0.0000,8,0,0,0,0,1,0,0,0,0
zc,WT207,2012-06-21 13:22:05.520,2065.0000,54,0,0.0000,0.0000,0,0,多换,B,2054.0000,0.0000,0.0000,0.0000,0.0000,2111.0000,0.0000,0.0000,0.0000,0.0000,8,0,0,0,0,1,0,0,0,0
zc,WT207,2012-06-21 13:30:08.317,2065.0000,54,0,0.0000,0.0000,0,0,多换,B,2055.0000,0.0000,0.0000,0.0000,0.0000,2111.0000,0.0000,0.0000,0.0000,0.0000,1,0,0,0,0,1,0,0,0,0
zc,WT207,2012-06-21 13:31:07.567,2065.0000,54,0,0.0000,0.0000,0,0,多换,B,2054.0000,0.0000,0.0000,0.0000,0.0000,2111.0000,0.0000,0.0000,0.0000,0.0000,8,0,0,0,0,1,0,0,0,0
zc,WT207,2012-06-21 13:31:27.050,2065.0000,54,0,0.0000,0.0000,0,0,多换,B,2055.0000,0.0000,0.0000,0.0000,0.0000,2111.0000,0.0000,0.0000,0.0000,0.0000,1,0,0,0,0,1,0,0,0,0
zc,WT207,2012-06-21 13:33:39.817,2065.0000,54,0,0.0000,0.0000,0,0,多换,B,2055.0000,0.0000,0.0000,0.0000,0.0000,2111.0000,0.0000,0.0000,0.0000,0.0000,2,0,0,0,0,1,0,0,0,0
zc,WT207,2012-06-21 13:35:56.020,2065.0000,54,0,0.0000,0.0000,0,0,多换,B,2055.0000,0.0000,0.0000,0.0000,0.0000,2111.0000,0.0000,0.0000,0.0000,0.0000,1,0,0,0,0,1,0,0,0,0
zc,WT207,2012-06-21 13:37:10.067,2065.0000,54,0,0.0000,0.0000,0,0,多换,B,2055.0000,0.0000,0.0000,0.0000,0.0000,2111.0000,0.0000,0.0000,0.0000,0.0000,2,0,0,0,0,1,0,0,0,0
zc,WT207,2012-06-21 13:38:05.503,2065.0000,54,0,0.0000,0.0000,0,0,多换,B,2055.0000,0.0000,0.0000,0.0000,0.0000,2111.0000,0.0000,0.0000,0.0000,0.0000,2,0,0,0,0,1,0,0,0,0
zc,WT207,2012-06-21 13:39:12.753,2065.0000,54,0,0.0000,0.0000,0,0,多换,B,2056.0000,0.0000,0.0000,0.0000,0.0000,2111.0000,0.0000,0.0000,0.0000,0.0000,8,0,0,0,0,1,0,0,0,0
zc,WT207,2012-06-21 13:39:43.770,2065.0000,54,0,0.0000,0.0000,0,0,多换,B,2057.0000,0.0000,0.0000,0.0000,0.0000,2111.0000,0.0000,0.0000,0.0000,0.0000,1,0,0,0,0,1,0,0,0,0
zc,WT207,2012-06-21 13:40:55.270,2065.0000,54,0,0.0000,0.0000,0,0,多换,B,2055.0000,0.0000,0.0000,0.0000,0.0000,2111.0000,0.0000,0.0000,0.0000,0.0000,1,0,0,0,0,1,0,0,0,0
zc,WT207,2012-06-21 13:41:49.770,2065.0000,54,0,0.0000,0.0000,0,0,多换,B,2055.0000,0.0000,0.0000,0.0000,0.0000,2111.0000,0.0000,0.0000,0.0000,0.0000,2,0,0,0,0,1,0,0,0,0
zc,WT207,2012-06-21 13:43:43.253,2065.0000,54,0,0.0000,0.0000,0,0,多换,B,2055.0000,0.0000,0.0000,0.0000,0.0000,2112.0000,0.0000,0.0000,0.0000,0.0000,2,0,0,0,0,1,0,0,0,0
zc,WT207,2012-06-21 13:45:14.783,2065.0000,54,0,0.0000,0.0000,0,0,多换,B,2055.0000,0.0000,0.0000,0.0000,0.0000,2112.0000,0.0000,0.0000,0.0000,0.0000,1,0,0,0,0,1,0,0,0,0
zc,WT207,2012-06-21 13:45:22.503,2065.0000,54,0,0.0000,0.0000,0,0,多换,B,2054.0000,0.0000,0.0000,0.0000,0.0000,2112.0000,0.0000,0.0000,0.0000,0.0000,8,0,0,0,0,1,0,0,0,0
zc,WT207,2012-06-21 13:45:26.503,2065.0000,54,0,0.0000,0.0000,0,0,多换,B,2055.0000,0.0000,0.0000,0.0000,0.0000,2112.0000,0.0000,0.0000,0.0000,0.0000,1,0,0,0,0,1,0,0,0,0
zc,WT207,2012-06-21 13:46:07.283,2065.0000,54,0,0.0000,0.0000,0,0,多换,B,2054.0000,0.0000,0.0000,0.0000,0.0000,2112.0000,0.0000,0.0000,0.0000,0.0000,8,0,0,0,0,1,0,0,0,0
zc,WT207,2012-06-21 13:46:42.283,2065.0000,54,0,0.0000,0.0000,0,0,多换,B,2055.0000,0.0000,0.0000,0.0000,0.0000,2112.0000,0.0000,0.0000,0.0000,0.0000,1,0,0,0,0,1,0,0,0,0
zc,WT207,2012-06-21 13:47:12.253,2065.0000,54,0,0.0000,0.0000,0,0,多换,B,2055.0000,0.0000,0.0000,0.0000,0.0000,2111.0000,0.0000,0.0000,0.0000,0.0000,1,0,0,0,0,1,0,0,0,0
zc,WT207,2012-06-21 13:48:03.020,2065.0000,54,0,0.0000,0.0000,0,0,多换,B,2055.0000,0.0000,0.0000,0.0000,0.0000,2111.0000,0.0000,0.0000,0.0000,0.0000,2,0,0,0,0,1,0,0,0,0
zc,WT207,2012-06-21 13:48:07.067,2111.0000,54,0,0.0000,2.0000,1,1,多换,B,2055.0000,0.0000,0.0000,0.0000,0.0000,2112.0000,0.0000,0.0000,0.0000,0.0000,2,0,0,0,0,1,0,0,0,0
zc,WT207,2012-06-21 13:48:17.253,2111.0000,54,0,0.0000,0.0000,0,0,多换,B,2056.0000,0.0000,0.0000,0.0000,0.0000,2112.0000,0.0000,0.0000,0.0000,0.0000,1,0,0,0,0,1,0,0,0,0
zc,WT207,2012-06-21 13:48:17.503,2111.0000,54,0,0.0000,0.0000,0,0,多换,B,2056.0000,0.0000,0.0000,0.0000,0.0000,2111.0000,0.0000,0.0000,0.0000,0.0000,1,0,0,0,0,1,0,0,0,0
zc,WT207,2012-06-21 13:48:32.050,2111.0000,54,0,0.0000,0.0000,0,0,多换,B,2057.0000,0.0000,0.0000,0.0000,0.0000,2111.0000,0.0000,0.0000,0.0000,0.0000,1,0,0,0,0,1,0,0,0,0
zc,WT207,2012-06-21 13:49:49.020,2111.0000,54,0,0.0000,0.0000,0,0,多换,B,2056.0000,0.0000,0.0000,0.0000,0.0000,2111.0000,0.0000,0.0000,0.0000,0.0000,1,0,0,0,0,1,0,0,0,0
zc,WT207,2012-06-21 13:53:14.050,2056.0000,54,0,0.0000,2.0000,1,1,空换,S,2055.0000,0.0000,0.0000,0.0000,0.0000,2111.0000,0.0000,0.0000,0.0000,0.0000,3,0,0,0,0,1,0,0,0,0
zc,WT207,2012-06-21 13:53:24.003,2056.0000,54,0,0.0000,0.0000,0,0,空换,S,2055.0000,0.0000,0.0000,0.0000,0.0000,2111.0000,0.0000,0.0000,0.0000,0.0000,1,0,0,0,0,1,0,0,0,0
zc,WT207,2012-06-21 13:53:25.753,2056.0000,54,0,0.0000,0.0000,0,0,空换,S,2055.0000,0.0000,0.0000,0.0000,0.0000,2110.0000,0.0000,0.0000,0.0000,0.0000,1,0,0,0,0,1,0,0,0,0
zc,WT207,2012-06-21 13:53:28.283,2056.0000,54,0,0.0000,0.0000,0,0,空换,S,2054.0000,0.0000,0.0000,0.0000,0.0000,2110.0000,0.0000,0.0000,0.0000,0.0000,8,0,0,0,0,1,0,0,0,0
zc,WT207,2012-06-21 13:53:36.033,2056.0000,54,0,0.0000,0.0000,0,0,空换,S,2054.0000,0.0000,0.0000,0.0000,0.0000,2109.0000,0.0000,0.0000,0.0000,0.0000,8,0,0,0,0,1,0,0,0,0
zc,WT207,2012-06-21 13:53:40.317,2056.0000,54,0,0.0000,0.0000,0,0,空换,S,2054.0000,0.0000,0.0000,0.0000,0.0000,2108.0000,0.0000,0.0000,0.0000,0.0000,8,0,0,0,0,1,0,0,0,0
zc,WT207,2012-06-21 13:53:44.520,2056.0000,54,0,0.0000,0.0000,0,0,空换,S,2054.0000,0.0000,0.0000,0.0000,0.0000,2108.0000,0.0000,0.0000,0.0000,0.0000,7,0,0,0,0,1,0,0,0,0
zc,WT207,2012-06-21 13:53:48.487,2056.0000,54,0,0.0000,0.0000,0,0,空换,S,2054.0000,0.0000,0.0000,0.0000,0.0000,2107.0000,0.0000,0.0000,0.0000,0.0000,7,0,0,0,0,1,0,0,0,0
zc,WT207,2012-06-21 13:53:53.003,2056.0000,54,0,0.0000,0.0000,0,0,空换,S,2054.0000,0.0000,0.0000,0.0000,0.0000,2106.0000,0.0000,0.0000,0.0000,0.0000,7,0,0,0,0,1,0,0,0,0
zc,WT207,2012-06-21 13:53:57.520,2056.0000,54,0,0.0000,0.0000,0,0,空换,S,2054.0000,0.0000,0.0000,0.0000,0.0000,2106.0000,0.0000,0.0000,0.0000,0.0000,8,0,0,0,0,1,0,0,0,0
zc,WT207,2012-06-21 13:54:15.770,2056.0000,54,0,0.0000,0.0000,0,0,空换,S,2055.0000,0.0000,0.0000,0.0000,0.0000,2106.0000,0.0000,0.0000,0.0000,0.0000,1,0,0,0,0,1,0,0,0,0
zc,WT207,2012-06-21 13:54:40.770,2056.0000,54,0,0.0000,0.0000,0,0,空换,S,2054.0000,0.0000,0.0000,0.0000,0.0000,2106.0000,0.0000,0.0000,0.0000,0.0000,8,0,0,0,0,1,0,0,0,0
zc,WT207,2012-06-21 13:55:05.487,2056.0000,54,0,0.0000,0.0000,0,0,空换,S,2054.0000,0.0000,0.0000,0.0000,0.0000,2106.0000,0.0000,0.0000,0.0000,0.0000,8,0,0,0,0,1,0,0,0,0
zc,WT207,2012-06-21 13:55:14.253,2056.0000,54,0,0.0000,0.0000,0,0,空换,S,2054.0000,0.0000,0.0000,0.0000,0.0000,2106.0000,0.0000,0.0000,0.0000,0.0000,7,0,0,0,0,1,0,0,0,0
zc,WT207,2012-06-21 13:56:42.487,2056.0000,54,0,0.0000,0.0000,0,0,空换,S,2054.0000,0.0000,0.0000,0.0000,0.0000,2106.0000,0.0000,0.0000,0.0000,0.0000,6,0,0,0,0,1,0,0,0,0
zc,WT207,2012-06-21 13:56:55.973,2106.0000,54,0,0.0000,2.0000,1,1,多换,B,2054.0000,0.0000,0.0000,0.0000,0.0000,2112.0000,0.0000,0.0000,0.0000,0.0000,6,0,0,0,0,1,0,0,0,0
zc,WT207,2012-06-21 13:57:03.270,2106.0000,54,0,0.0000,0.0000,0,0,多换,B,2055.0000,0.0000,0.0000,0.0000,0.0000,2112.0000,0.0000,0.0000,0.0000,0.0000,1,0,0,0,0,1,0,0,0,0
zc,WT207,2012-06-21 13:57:07.987,2106.0000,54,0,0.0000,0.0000,0,0,多换,B,2056.0000,0.0000,0.0000,0.0000,0.0000,2112.0000,0.0000,0.0000,0.0000,0.0000,1,0,0,0,0,1,0,0,0,0
zc,WT207,2012-06-21 13:57:24.783,2106.0000,54,0,0.0000,0.0000,0,0,多换,B,2056.0000,0.0000,0.0000,0.0000,0.0000,2106.0000,0.0000,0.0000,0.0000,0.0000,1,0,0,0,0,1,0,0,0,0
zc,WT207,2012-06-21 13:57:32.737,2106.0000,54,0,0.0000,0.0000,0,0,多换,B,2057.0000,0.0000,0.0000,0.0000,0.0000,2106.0000,0.0000,0.0000,0.0000,0.0000,1,0,0,0,0,1,0,0,0,0
zc,WT207,2012-06-21 13:57:37.237,2106.0000,54,0,0.0000,0.0000,0,0,多换,B,2058.0000,0.0000,0.0000,0.0000,0.0000,2106.0000,0.0000,0.0000,0.0000,0.0000,1,0,0,0,0,1,0,0,0,0
zc,WT207,2012-06-21 13:57:42.487,2106.0000,54,0,0.0000,0.0000,0,0,多换,B,2059.0000,0.0000,0.0000,0.0000,0.0000,2106.0000,0.0000,0.0000,0.0000,0.0000,1,0,0,0,0,1,0,0,0,0
zc,WT207,2012-06-21 13:57:45.737,2106.0000,54,0,0.0000,0.0000,0,0,多换,B,2060.0000,0.0000,0.0000,0.0000,0.0000,2106.0000,0.0000,0.0000,0.0000,0.0000,1,0,0,0,0,1,0,0,0,0
zc,WT207,2012-06-21 13:57:51.237,2106.0000,54,0,0.0000,0.0000,0,0,多换,B,2061.0000,0.0000,0.0000,0.0000,0.0000,2106.0000,0.0000,0.0000,0.0000,0.0000,1,0,0,0,0,1,0,0,0,0
zc,WT207,2012-06-21 13:57:53.487,2106.0000,54,0,0.0000,0.0000,0,0,多换,B,2062.0000,0.0000,0.0000,0.0000,0.0000,2106.0000,0.0000,0.0000,0.0000,0.0000,1,0,0,0,0,1,0,0,0,0
zc,WT207,2012-06-21 13:58:00.487,2106.0000,54,0,0.0000,0.0000,0,0,多换,B,2063.0000,0.0000,0.0000,0.0000,0.0000,2106.0000,0.0000,0.0000,0.0000,0.0000,1,0,0,0,0,1,0,0,0,0
zc,WT207,2012-06-21 13:58:10.003,2106.0000,54,0,0.0000,0.0000,0,0,多换,B,2064.0000,0.0000,0.0000,0.0000,0.0000,2106.0000,0.0000,0.0000,0.0000,0.0000,1,0,0,0,0,1,0,0,0,0
zc,WT207,2012-06-21 13:58:15.973,2106.0000,54,0,0.0000,0.0000,0,0,多换,B,2063.0000,0.0000,0.0000,0.0000,0.0000,2106.0000,0.0000,0.0000,0.0000,0.0000,1,0,0,0,0,1,0,0,0,0
zc,WT207,2012-06-21 13:58:17.237,2106.0000,54,0,0.0000,0.0000,0,0,多换,B,2054.0000,0.0000,0.0000,0.0000,0.0000,2106.0000,0.0000,0.0000,0.0000,0.0000,6,0,0,0,0,1,0,0,0,0
zc,WT207,2012-06-21 13:58:17.503,2106.0000,54,0,0.0000,0.0000,0,0,多换,B,2064.0000,0.0000,0.0000,0.0000,0.0000,2106.0000,0.0000,0.0000,0.0000,0.0000,1,0,0,0,0,1,0,0,0,0
zc,WT207,2012-06-21 13:58:20.237,2106.0000,54,0,0.0000,0.0000,0,0,多换,B,2054.0000,0.0000,0.0000,0.0000,0.0000,2106.0000,0.0000,0.0000,0.0000,0.0000,6,0,0,0,0,1,0,0,0,0
zc,WT207,2012-06-21 13:58:23.003,2106.0000,54,0,0.0000,0.0000,0,0,多换,B,2055.0000,0.0000,0.0000,0.0000,0.0000,2106.0000,0.0000,0.0000,0.0000,0.0000,1,0,0,0,0,1,0,0,0,0
zc,WT207,2012-06-21 13:58:30.223,2106.0000,54,0,0.0000,0.0000,0,0,多换,B,2056.0000,0.0000,0.0000,0.0000,0.0000,2106.0000,0.0000,0.0000,0.0000,0.0000,1,0,0,0,0,1,0,0,0,0
zc,WT207,2012-06-21 13:58:32.973,2106.0000,54,0,0.0000,0.0000,0,0,多换,B,2056.0000,0.0000,0.0000,0.0000,0.0000,2105.0000,0.0000,0.0000,0.0000,0.0000,1,0,0,0,0,1,0,0,0,0
zc,WT207,2012-06-21 13:58:33.253,2106.0000,54,0,0.0000,0.0000,0,0,多换,B,2057.0000,0.0000,0.0000,0.0000,0.0000,2105.0000,0.0000,0.0000,0.0000,0.0000,1,0,0,0,0,1,0,0,0,0
zc,WT207,2012-06-21 13:58:45.020,2106.0000,54,0,0.0000,0.0000,0,0,多换,B,2058.0000,0.0000,0.0000,0.0000,0.0000,2105.0000,0.0000,0.0000,0.0000,0.0000,1,0,0,0,0,1,0,0,0,0
zc,WT207,2012-06-21 13:58:46.753,2106.0000,54,0,0.0000,0.0000,0,0,多换,B,2058.0000,0.0000,0.0000,0.0000,0.0000,2100.0000,0.0000,0.0000,0.0000,0.0000,1,0,0,0,0,1,0,0,0,0
zc,WT207,2012-06-21 13:58:51.487,2106.0000,54,0,0.0000,0.0000,0,0,多换,B,2059.0000,0.0000,0.0000,0.0000,0.0000,2100.0000,0.0000,0.0000,0.0000,0.0000,1,0,0,0,0,1,0,0,0,0
zc,WT207,2012-06-21 13:58:56.753,2106.0000,54,0,0.0000,0.0000,0,0,多换,B,2059.0000,0.0000,0.0000,0.0000,0.0000,2099.0000,0.0000,0.0000,0.0000,0.0000,1,0,0,0,0,1,0,0,0,0
zc,WT207,2012-06-21 13:59:01.473,2106.0000,54,0,0.0000,0.0000,0,0,多换,B,2060.0000,0.0000,0.0000,0.0000,0.0000,2099.0000,0.0000,0.0000,0.0000,0.0000,1,0,0,0,0,1,0,0,0,0
zc,WT207,2012-06-21 13:59:03.270,2106.0000,54,0,0.0000,0.0000,0,0,多换,B,2060.0000,0.0000,0.0000,0.0000,0.0000,2099.0000,0.0000,0.0000,0.0000,0.0000,2,0,0,0,0,1,0,0,0,0
zc,WT207,2012-06-21 13:59:04.253,2106.0000,54,0,0.0000,0.0000,0,0,多换,B,2060.0000,0.0000,0.0000,0.0000,0.0000,2099.0000,0.0000,0.0000,0.0000,0.0000,1,0,0,0,0,1,0,0,0,0
zc,WT207,2012-06-21 13:59:04.753,2106.0000,54,0,0.0000,0.0000,0,0,多换,B,2061.0000,0.0000,0.0000,0.0000,0.0000,2099.0000,0.0000,0.0000,0.0000,0.0000,1,0,0,0,0,1,0,0,0,0
zc,WT207,2012-06-21 13:59:08.533,2106.0000,54,0,0.0000,0.0000,0,0,多换,B,2061.0000,0.0000,0.0000,0.0000,0.0000,2096.0000,0.0000,0.0000,0.0000,0.0000,1,0,0,0,0,1,0,0,0,0
zc,WT207,2012-06-21 13:59:09.723,2106.0000,54,0,0.0000,0.0000,0,0,多换,B,2063.0000,0.0000,0.0000,0.0000,0.0000,2096.0000,0.0000,0.0000,0.0000,0.0000,1,0,0,0,0,1,0,0,0,0
zc,WT207,2012-06-21 13:59:12.473,2106.0000,54,0,0.0000,0.0000,0,0,多换,B,2064.0000,0.0000,0.0000,0.0000,0.0000,2096.0000,0.0000,0.0000,0.0000,0.0000,1,0,0,0,0,1,0,0,0,0
zc,WT207,2012-06-21 13:59:17.503,2106.0000,54,0,0.0000,0.0000,0,0,多换,B,2065.0000,0.0000,0.0000,0.0000,0.0000,2096.0000,0.0000,0.0000,0.0000,0.0000,1,0,0,0,0,1,0,0,0,0
zc,WT207,2012-06-21 13:59:27.237,2106.0000,54,0,0.0000,0.0000,0,0,多换,B,2066.0000,0.0000,0.0000,0.0000,0.0000,2096.0000,0.0000,0.0000,0.0000,0.0000,1,0,0,0,0,1,0,0,0,0
zc,WT207,2012-06-21 13:59:50.753,2106.0000,54,0,0.0000,0.0000,0,0,多换,B,2067.0000,0.0000,0.0000,0.0000,0.0000,2096.0000,0.0000,0.0000,0.0000,0.0000,1,0,0,0,0,1,0,0,0,0
zc,WT207,2012-06-21 13:59:52.987,2106.0000,54,0,0.0000,0.0000,0,0,多换,B,2068.0000,0.0000,0.0000,0.0000,0.0000,2096.0000,0.0000,0.0000,0.0000,0.0000,1,0,0,0,0,1,0,0,0,0
zc,WT207,2012-06-21 13:59:56.770,2106.0000,54,0,0.0000,0.0000,0,0,多换,B,2068.0000,0.0000,0.0000,0.0000,0.0000,2099.0000,0.0000,0.0000,0.0000,0.0000,1,0,0,0,0,1,0,0,0,0
zc,WT207,2012-06-21 14:00:10.020,2106.0000,54,0,0.0000,0.0000,0,0,多换,B,2068.0000,0.0000,0.0000,0.0000,0.0000,2096.0000,0.0000,0.0000,0.0000,0.0000,1,0,0,0,0,1,0,0,0,0
zc,WT207,2012-06-21 14:01:05.487,2106.0000,54,0,0.0000,0.0000,0,0,多换,B,2068.0000,0.0000,0.0000,0.0000,0.0000,2096.0000,0.0000,0.0000,0.0000,0.0000,1,0,0,0,0,1,0,0,0,0
zc,WT207,2012-06-21 14:04:05.503,2106.0000,54,0,0.0000,0.0000,0,0,多换,B,2068.0000,0.0000,0.0000,0.0000,0.0000,2096.0000,0.0000,0.0000,0.0000,0.0000,1,0,0,0,0,1,0,0,0,0
zc,WT207,2012-06-21 14:05:08.487,2106.0000,54,0,0.0000,0.0000,0,0,多换,B,2053.0000,0.0000,0.0000,0.0000,0.0000,2096.0000,0.0000,0.0000,0.0000,0.0000,8,0,0,0,0,1,0,0,0,0
zc,WT207,2012-06-21 14:05:09.020,2106.0000,54,0,0.0000,0.0000,0,0,多换,B,2066.0000,0.0000,0.0000,0.0000,0.0000,2096.0000,0.0000,0.0000,0.0000,0.0000,1,0,0,0,0,1,0,0,0,0
zc,WT207,2012-06-21 14:05:18.973,2106.0000,54,0,0.0000,0.0000,0,0,多换,B,2053.0000,0.0000,0.0000,0.0000,0.0000,2096.0000,0.0000,0.0000,0.0000,0.0000,8,0,0,0,0,1,0,0,0,0
zc,WT207,2012-06-21 14:05:19.753,2106.0000,54,0,0.0000,0.0000,0,0,多换,B,2064.0000,0.0000,0.0000,0.0000,0.0000,2096.0000,0.0000,0.0000,0.0000,0.0000,1,0,0,0,0,1,0,0,0,0
zc,WT207,2012-06-21 14:05:38.800,2106.0000,54,0,0.0000,0.0000,0,0,多换,B,2053.0000,0.0000,0.0000,0.0000,0.0000,2096.0000,0.0000,0.0000,0.0000,0.0000,8,0,0,0,0,1,0,0,0,0
zc,WT207,2012-06-21 14:05:39.253,2106.0000,54,0,0.0000,0.0000,0,0,多换,B,2062.0000,0.0000,0.0000,0.0000,0.0000,2096.0000,0.0000,0.0000,0.0000,0.0000,1,0,0,0,0,1,0,0,0,0
zc,WT207,2012-06-21 14:06:39.987,2106.0000,54,0,0.0000,0.0000,0,0,多换,B,2062.0000,0.0000,0.0000,0.0000,0.0000,2094.0000,0.0000,0.0000,0.0000,0.0000,1,0,0,0,0,1,0,0,0,0
zc,WT207,2012-06-21 14:06:58.237,2106.0000,54,0,0.0000,0.0000,0,0,多换,B,2054.0000,0.0000,0.0000,0.0000,0.0000,2094.0000,0.0000,0.0000,0.0000,0.0000,1,0,0,0,0,1,0,0,0,0
zc,WT207,2012-06-21 14:06:58.753,2106.0000,54,0,0.0000,0.0000,0,0,多换,B,2060.0000,0.0000,0.0000,0.0000,0.0000,2094.0000,0.0000,0.0000,0.0000,0.0000,1,0,0,0,0,1,0,0,0,0
zc,WT207,2012-06-21 14:09:01.283,2106.0000,54,0,0.0000,0.0000,0,0,多换,B,2060.0000,0.0000,0.0000,0.0000,0.0000,2112.0000,0.0000,0.0000,0.0000,0.0000,1,0,0,0,0,1,0,0,0,0
zc,WT207,2012-06-21 14:09:16.223,2106.0000,54,0,0.0000,0.0000,0,0,多换,B,2061.0000,0.0000,0.0000,0.0000,0.0000,2112.0000,0.0000,0.0000,0.0000,0.0000,1,0,0,0,0,1,0,0,0,0
zc,WT207,2012-06-21 14:09:19.003,2106.0000,54,0,0.0000,0.0000,0,0,多换,B,2053.0000,0.0000,0.0000,0.0000,0.0000,2112.0000,0.0000,0.0000,0.0000,0.0000,8,0,0,0,0,1,0,0,0,0
zc,WT207,2012-06-21 14:09:20.783,2106.0000,54,0,0.0000,0.0000,0,0,多换,B,2054.0000,0.0000,0.0000,0.0000,0.0000,2112.0000,0.0000,0.0000,0.0000,0.0000,1,0,0,0,0,1,0,0,0,0
zc,WT207,2012-06-21 14:11:05.487,2106.0000,54,0,0.0000,0.0000,0,0,多换,B,2054.0000,0.0000,0.0000,0.0000,0.0000,2112.0000,0.0000,0.0000,0.0000,0.0000,1,0,0,0,0,1,0,0,0,0
zc,WT207,2012-06-21 14:12:39.207,2106.0000,54,0,0.0000,0.0000,0,0,多换,B,2054.0000,0.0000,0.0000,0.0000,0.0000,2127.0000,0.0000,0.0000,0.0000,0.0000,1,0,0,0,0,5,0,0,0,0
zc,WT207,2012-06-21 14:12:51.033,2106.0000,54,0,0.0000,0.0000,0,0,多换,B,2055.0000,0.0000,0.0000,0.0000,0.0000,2127.0000,0.0000,0.0000,0.0000,0.0000,1,0,0,0,0,5,0,0,0,0
zc,WT207,2012-06-21 14:13:24.473,2106.0000,54,0,0.0000,0.0000,0,0,多换,B,2055.0000,0.0000,0.0000,0.0000,0.0000,2106.0000,0.0000,0.0000,0.0000,0.0000,1,0,0,0,0,1,0,0,0,0
zc,WT207,2012-06-21 14:13:26.253,2106.0000,54,0,0.0000,0.0000,0,0,多换,B,2055.0000,0.0000,0.0000,0.0000,0.0000,2106.0000,0.0000,0.0000,0.0000,0.0000,1,0,0,0,0,2,0,0,0,0
zc,WT207,2012-06-21 14:13:36.737,2106.0000,54,0,0.0000,0.0000,0,0,多换,B,2056.0000,0.0000,0.0000,0.0000,0.0000,2106.0000,0.0000,0.0000,0.0000,0.0000,1,0,0,0,0,2,0,0,0,0
zc,WT207,2012-06-21 14:13:39.550,2106.0000,54,0,0.0000,0.0000,0,0,多换,B,2057.0000,0.0000,0.0000,0.0000,0.0000,2106.0000,0.0000,0.0000,0.0000,0.0000,1,0,0,0,0,2,0,0,0,0
zc,WT207,2012-06-21 14:14:20.237,2106.0000,54,0,0.0000,0.0000,0,0,多换,B,2058.0000,0.0000,0.0000,0.0000,0.0000,2106.0000,0.0000,0.0000,0.0000,0.0000,1,0,0,0,0,2,0,0,0,0
zc,WT207,2012-06-21 14:14:25.783,2106.0000,54,0,0.0000,0.0000,0,0,多换,B,2059.0000,0.0000,0.0000,0.0000,0.0000,2106.0000,0.0000,0.0000,0.0000,0.0000,1,0,0,0,0,2,0,0,0,0
zc,WT207,2012-06-21 14:14:32.223,2106.0000,54,0,0.0000,0.0000,0,0,多换,B,2060.0000,0.0000,0.0000,0.0000,0.0000,2106.0000,0.0000,0.0000,0.0000,0.0000,1,0,0,0,0,2,0,0,0,0
zc,WT207,2012-06-21 14:15:22.283,2106.0000,54,0,0.0000,0.0000,0,0,多换,B,2061.0000,0.0000,0.0000,0.0000,0.0000,2106.0000,0.0000,0.0000,0.0000,0.0000,1,0,0,0,0,2,0,0,0,0
zc,WT207,2012-06-21 14:15:30.737,2106.0000,54,0,0.0000,0.0000,0,0,多换,B,2061.0000,0.0000,0.0000,0.0000,0.0000,2105.0000,0.0000,0.0000,0.0000,0.0000,1,0,0,0,0,1,0,0,0,0
zc,WT207,2012-06-21 14:15:58.223,2106.0000,54,0,0.0000,0.0000,0,0,多换,B,2061.0000,0.0000,0.0000,0.0000,0.0000,2105.0000,0.0000,0.0000,0.0000,0.0000,1,0,0,0,0,2,0,0,0,0
zc,WT207,2012-06-21 14:19:14.737,2106.0000,54,0,0.0000,0.0000,0,0,多换,B,2052.0000,0.0000,0.0000,0.0000,0.0000,2105.0000,0.0000,0.0000,0.0000,0.0000,2,0,0,0,0,2,0,0,0,0
zc,WT207,2012-06-21 14:19:41.503,2106.0000,54,0,0.0000,0.0000,0,0,多换,B,2053.0000,0.0000,0.0000,0.0000,0.0000,2105.0000,0.0000,0.0000,0.0000,0.0000,1,0,0,0,0,2,0,0,0,0
zc,WT207,2012-06-21 14:21:20.723,2106.0000,54,0,0.0000,0.0000,0,0,多换,B,2053.0000,0.0000,0.0000,0.0000,0.0000,2105.0000,0.0000,0.0000,0.0000,0.0000,1,0,0,0,0,1,0,0,0,0
zc,WT207,2012-06-21 14:21:32.020,2106.0000,54,0,0.0000,0.0000,0,0,多换,B,2053.0000,0.0000,0.0000,0.0000,0.0000,2098.0000,0.0000,0.0000,0.0000,0.0000,1,0,0,0,0,1,0,0,0,0
zc,WT207,2012-06-21 14:23:34.957,2106.0000,54,0,0.0000,0.0000,0,0,多换,B,2053.0000,0.0000,0.0000,0.0000,0.0000,2125.0000,0.0000,0.0000,0.0000,0.0000,1,0,0,0,0,1,0,0,0,0
zc,WT207,2012-06-21 14:23:39.473,2106.0000,54,0,0.0000,0.0000,0,0,多换,B,2053.0000,0.0000,0.0000,0.0000,0.0000,2125.0000,0.0000,0.0000,0.0000,0.0000,1,0,0,0,0,5,0,0,0,0
zc,WT207,2012-06-21 14:23:54.957,2106.0000,54,0,0.0000,0.0000,0,0,多换,B,2053.0000,0.0000,0.0000,0.0000,0.0000,2125.0000,0.0000,0.0000,0.0000,0.0000,1,0,0,0,0,6,0,0,0,0
zc,WT207,2012-06-21 14:24:05.457,2106.0000,54,0,0.0000,0.0000,0,0,多换,B,2053.0000,0.0000,0.0000,0.0000,0.0000,2125.0000,0.0000,0.0000,0.0000,0.0000,1,0,0,0,0,6,0,0,0,0
zc,WT207,2012-06-21 14:26:05.457,2106.0000,54,0,0.0000,0.0000,0,0,多换,B,2053.0000,0.0000,0.0000,0.0000,0.0000,2125.0000,0.0000,0.0000,0.0000,0.0000,1,0,0,0,0,6,0,0,0,0
zc,WT207,2012-06-21 14:26:22.473,2106.0000,54,0,0.0000,0.0000,0,0,多换,B,2053.0000,0.0000,0.0000,0.0000,0.0000,2125.0000,0.0000,0.0000,0.0000,0.0000,1,0,0,0,0,1,0,0,0,0
zc,WT207,2012-06-21 14:26:37.940,2106.0000,54,0,0.0000,0.0000,0,0,多换,B,2053.0000,0.0000,0.0000,0.0000,0.0000,2125.0000,0.0000,0.0000,0.0000,0.0000,1,0,0,0,0,6,0,0,0,0
zc,WT207,2012-06-21 14:26:47.207,2106.0000,54,0,0.0000,0.0000,0,0,多换,B,2053.0000,0.0000,0.0000,0.0000,0.0000,2125.0000,0.0000,0.0000,0.0000,0.0000,1,0,0,0,0,5,0,0,0,0
zc,WT207,2012-06-21 14:26:55.237,2106.0000,54,0,0.0000,0.0000,0,0,多换,B,2053.0000,0.0000,0.0000,0.0000,0.0000,2075.0000,0.0000,0.0000,0.0000,0.0000,1,0,0,0,0,1,0,0,0,0
zc,WT207,2012-06-21 14:28:39.003,2106.0000,54,0,0.0000,0.0000,0,0,多换,B,2053.0000,0.0000,0.0000,0.0000,0.0000,2125.0000,0.0000,0.0000,0.0000,0.0000,1,0,0,0,0,5,0,0,0,0
zc,WT207,2012-06-21 14:28:48.237,2053.0000,54,0,0.0000,2.0000,1,1,空换,S,2051.0000,0.0000,0.0000,0.0000,0.0000,2125.0000,0.0000,0.0000,0.0000,0.0000,8,0,0,0,0,5,0,0,0,0
zc,WT207,2012-06-21 14:28:54.737,2053.0000,54,0,0.0000,0.0000,0,0,空换,S,2051.0000,0.0000,0.0000,0.0000,0.0000,2124.0000,0.0000,0.0000,0.0000,0.0000,8,0,0,0,0,1,0,0,0,0
zc,WT207,2012-06-21 14:29:15.487,2053.0000,54,0,0.0000,0.0000,0,0,空换,S,2051.0000,0.0000,0.0000,0.0000,0.0000,2110.0000,0.0000,0.0000,0.0000,0.0000,8,0,0,0,0,1,0,0,0,0
zc,WT207,2012-06-21 14:29:20.237,2053.0000,54,0,0.0000,0.0000,0,0,空换,S,2051.0000,0.0000,0.0000,0.0000,0.0000,2109.0000,0.0000,0.0000,0.0000,0.0000,8,0,0,0,0,1,0,0,0,0
zc,WT207,2012-06-21 14:29:27.987,2053.0000,54,0,0.0000,0.0000,0,0,空换,S,2051.0000,0.0000,0.0000,0.0000,0.0000,2108.0000,0.0000,0.0000,0.0000,0.0000,8,0,0,0,0,3,0,0,0,0
zc,WT207,2012-06-21 14:29:28.707,2053.0000,54,0,0.0000,0.0000,0,0,空换,S,2051.0000,0.0000,0.0000,0.0000,0.0000,2100.0000,0.0000,0.0000,0.0000,0.0000,8,0,0,0,0,1,0,0,0,0
zc,WT207,2012-06-21 14:29:33.487,2053.0000,54,0,0.0000,0.0000,0,0,空换,S,2051.0000,0.0000,0.0000,0.0000,0.0000,2099.0000,0.0000,0.0000,0.0000,0.0000,8,0,0,0,0,1,0,0,0,0
zc,WT207,2012-06-21 14:29:35.270,2053.0000,54,0,0.0000,0.0000,0,0,空换,S,2051.0000,0.0000,0.0000,0.0000,0.0000,2099.0000,0.0000,0.0000,0.0000,0.0000,8,0,0,0,0,2,0,0,0,0
zc,WT207,2012-06-21 14:29:38.050,2053.0000,54,0,0.0000,0.0000,0,0,空换,S,2051.0000,0.0000,0.0000,0.0000,0.0000,2099.0000,0.0000,0.0000,0.0000,0.0000,8,0,0,0,0,1,0,0,0,0
zc,WT207,2012-06-21 14:29:38.520,2053.0000,54,0,0.0000,0.0000,0,0,空换,S,2051.0000,0.0000,0.0000,0.0000,0.0000,2098.0000,0.0000,0.0000,0.0000,0.0000,8,0,0,0,0,1,0,0,0,0
zc,WT207,2012-06-21 14:29:42.223,2053.0000,54,0,0.0000,0.0000,0,0,空换,S,2052.0000,0.0000,0.0000,0.0000,0.0000,2097.0000,0.0000,0.0000,0.0000,0.0000,3,0,0,0,0,1,0,0,0,0
zc,WT207,2012-06-21 14:29:45.207,2053.0000,54,0,0.0000,0.0000,0,0,空换,S,2052.0000,0.0000,0.0000,0.0000,0.0000,2096.0000,0.0000,0.0000,0.0000,0.0000,3,0,0,0,0,1,0,0,0,0
zc,WT207,2012-06-21 14:30:14.253,2053.0000,54,0,0.0000,0.0000,0,0,空换,S,2052.0000,0.0000,0.0000,0.0000,0.0000,2096.0000,0.0000,0.0000,0.0000,0.0000,4,0,0,0,0,1,0,0,0,0
zc,WT207,2012-06-21 14:30:18.270,2053.0000,54,0,0.0000,0.0000,0,0,空换,S,2052.0000,0.0000,0.0000,0.0000,0.0000,2096.0000,0.0000,0.0000,0.0000,0.0000,5,0,0,0,0,1,0,0,0,0
zc,WT207,2012-06-21 14:30:23.283,2053.0000,54,0,0.0000,0.0000,0,0,空换,S,2052.0000,0.0000,0.0000,0.0000,0.0000,2096.0000,0.0000,0.0000,0.0000,0.0000,7,0,0,0,0,1,0,0,0,0
zc,WT207,2012-06-21 14:30:33.973,2053.0000,54,0,0.0000,0.0000,0,0,空换,S,2052.0000,0.0000,0.0000,0.0000,0.0000,2096.0000,0.0000,0.0000,0.0000,0.0000,11,0,0,0,0,1,0,0,0,0
zc,WT207,2012-06-21 14:31:05.440,2053.0000,54,0,0.0000,0.0000,0,0,空换,S,2052.0000,0.0000,0.0000,0.0000,0.0000,2096.0000,0.0000,0.0000,0.0000,0.0000,11,0,0,0,0,1,0,0,0,0
zc,WT207,2012-06-21 14:32:05.003,2053.0000,54,0,0.0000,0.0000,0,0,空换,S,2053.0000,0.0000,0.0000,0.0000,0.0000,2096.0000,0.0000,0.0000,0.0000,0.0000,1,0,0,0,0,1,0,0,0,0
zc,WT207,2012-06-21 14:32:29.223,2053.0000,54,0,0.0000,0.0000,0,0,空换,S,2052.0000,0.0000,0.0000,0.0000,0.0000,2096.0000,0.0000,0.0000,0.0000,0.0000,11,0,0,0,0,1,0,0,0,0
zc,WT207,2012-06-21 14:32:30.457,2053.0000,54,0,0.0000,0.0000,0,0,空换,S,2052.0000,0.0000,0.0000,0.0000,0.0000,2095.0000,0.0000,0.0000,0.0000,0.0000,11,0,0,0,0,1,0,0,0,0
zc,WT207,2012-06-21 14:32:33.957,2053.0000,54,0,0.0000,0.0000,0,0,空换,S,2053.0000,0.0000,0.0000,0.0000,0.0000,2095.0000,0.0000,0.0000,0.0000,0.0000,1,0,0,0,0,1,0,0,0,0
zc,WT207,2012-06-21 14:33:34.223,2053.0000,54,0,0.0000,0.0000,0,0,空换,S,2054.0000,0.0000,0.0000,0.0000,0.0000,2095.0000,0.0000,0.0000,0.0000,0.0000,3,0,0,0,0,1,0,0,0,0
zc,WT207,2012-06-21 14:38:05.440,2053.0000,54,0,0.0000,0.0000,0,0,空换,S,2054.0000,0.0000,0.0000,0.0000,0.0000,2095.0000,0.0000,0.0000,0.0000,0.0000,3,0,0,0,0,1,0,0,0,0
zc,WT207,2012-06-21 14:40:58.487,2053.0000,54,0,0.0000,0.0000,0,0,空换,S,2054.0000,0.0000,0.0000,0.0000,0.0000,2095.0000,0.0000,0.0000,0.0000,0.0000,4,0,0,0,0,1,0,0,0,0
zc,WT207,2012-06-21 14:41:14.003,2053.0000,54,0,0.0000,0.0000,0,0,空换,S,2055.0000,0.0000,0.0000,0.0000,0.0000,2095.0000,0.0000,0.0000,0.0000,0.0000,1,0,0,0,0,1,0,0,0,0
zc,WT207,2012-06-21 14:41:21.987,2053.0000,54,0,0.0000,0.0000,0,0,空换,S,2055.0000,0.0000,0.0000,0.0000,0.0000,2094.0000,0.0000,0.0000,0.0000,0.0000,1,0,0,0,0,2,0,0,0,0
zc,WT207,2012-06-21 14:41:26.973,2053.0000,54,0,0.0000,0.0000,0,0,空换,S,2054.0000,0.0000,0.0000,0.0000,0.0000,2094.0000,0.0000,0.0000,0.0000,0.0000,4,0,0,0,0,2,0,0,0,0
zc,WT207,2012-06-21 14:41:30.473,2053.0000,54,0,0.0000,0.0000,0,0,空换,S,2054.0000,0.0000,0.0000,0.0000,0.0000,2095.0000,0.0000,0.0000,0.0000,0.0000,4,0,0,0,0,1,0,0,0,0
zc,WT207,2012-06-21 14:41:33.207,2053.0000,54,0,0.0000,0.0000,0,0,空换,S,2054.0000,0.0000,0.0000,0.0000,0.0000,2095.0000,0.0000,0.0000,0.0000,0.0000,6,0,0,0,0,1,0,0,0,0
zc,WT207,2012-06-21 14:41:34.237,2053.0000,54,0,0.0000,0.0000,0,0,空换,S,2055.0000,0.0000,0.0000,0.0000,0.0000,2095.0000,0.0000,0.0000,0.0000,0.0000,2,0,0,0,0,1,0,0,0,0
zc,WT207,2012-06-21 14:41:42.770,2053.0000,54,0,0.0000,0.0000,0,0,空换,S,2055.0000,0.0000,0.0000,0.0000,0.0000,2094.0000,0.0000,0.0000,0.0000,0.0000,2,0,0,0,0,1,0,0,0,0
zc,WT207,2012-06-21 14:41:49.550,2053.0000,54,0,0.0000,0.0000,0,0,空换,S,2059.0000,0.0000,0.0000,0.0000,0.0000,2094.0000,0.0000,0.0000,0.0000,0.0000,8,0,0,0,0,1,0,0,0,0
zc,WT207,2012-06-21 14:41:51.770,2053.0000,54,0,0.0000,0.0000,0,0,空换,S,2059.0000,0.0000,0.0000,0.0000,0.0000,2094.0000,0.0000,0.0000,0.0000,0.0000,7,0,0,0,0,1,0,0,0,0
zc,WT207,2012-06-21 14:41:52.753,2053.0000,54,0,0.0000,0.0000,0,0,空换,S,2059.0000,0.0000,0.0000,0.0000,0.0000,2093.0000,0.0000,0.0000,0.0000,0.0000,7,0,0,0,0,1,0,0,0,0
zc,WT207,2012-06-21 14:41:54.973,2053.0000,54,0,0.0000,0.0000,0,0,空换,S,2059.0000,0.0000,0.0000,0.0000,0.0000,2093.0000,0.0000,0.0000,0.0000,0.0000,6,0,0,0,0,1,0,0,0,0
zc,WT207,2012-06-21 14:41:55.737,2053.0000,54,0,0.0000,0.0000,0,0,空换,S,2059.0000,0.0000,0.0000,0.0000,0.0000,2093.0000,0.0000,0.0000,0.0000,0.0000,1,0,0,0,0,1,0,0,0,0
zc,WT207,2012-06-21 14:41:56.973,2053.0000,54,0,0.0000,0.0000,0,0,空换,S,2055.0000,0.0000,0.0000,0.0000,0.0000,2093.0000,0.0000,0.0000,0.0000,0.0000,2,0,0,0,0,1,0,0,0,0
zc,WT207,2012-06-21 14:42:00.753,2053.0000,54,0,0.0000,0.0000,0,0,空换,S,2055.0000,0.0000,0.0000,0.0000,0.0000,2093.0000,0.0000,0.0000,0.0000,0.0000,3,0,0,0,0,1,0,0,0,0
zc,WT207,2012-06-21 14:42:03.487,2053.0000,54,0,0.0000,0.0000,0,0,空换,S,2055.0000,0.0000,0.0000,0.0000,0.0000,2093.0000,0.0000,0.0000,0.0000,0.0000,6,0,0,0,0,1,0,0,0,0
zc,WT207,2012-06-21 14:42:05.003,2053.0000,54,0,0.0000,0.0000,0,0,空换,S,2056.0000,0.0000,0.0000,0.0000,0.0000,2093.0000,0.0000,0.0000,0.0000,0.0000,1,0,0,0,0,1,0,0,0,0
zc,WT207,2012-06-21 14:42:05.440,2053.0000,54,0,0.0000,0.0000,0,0,空换,S,2056.0000,0.0000,0.0000,0.0000,0.0000,2093.0000,0.0000,0.0000,0.0000,0.0000,1,0,0,0,0,1,0,0,0,0
zc,WT207,2012-06-21 14:42:31.237,2053.0000,54,0,0.0000,0.0000,0,0,空换,S,2056.0000,0.0000,0.0000,0.0000,0.0000,2092.0000,0.0000,0.0000,0.0000,0.0000,1,0,0,0,0,1,0,0,0,0
zc,WT207,2012-06-21 14:42:36.737,2053.0000,54,0,0.0000,0.0000,0,0,空换,S,2057.0000,0.0000,0.0000,0.0000,0.0000,2092.0000,0.0000,0.0000,0.0000,0.0000,1,0,0,0,0,1,0,0,0,0
zc,WT207,2012-06-21 14:43:05.440,2053.0000,54,0,0.0000,0.0000,0,0,空换,S,2057.0000,0.0000,0.0000,0.0000,0.0000,2092.0000,0.0000,0.0000,0.0000,0.0000,1,0,0,0,0,1,0,0,0,0
zc,WT207,2012-06-21 14:43:53.223,2053.0000,54,0,0.0000,0.0000,0,0,空换,S,2057.0000,0.0000,0.0000,0.0000,0.0000,2091.0000,0.0000,0.0000,0.0000,0.0000,1,0,0,0,0,1,0,0,0,0
zc,WT207,2012-06-21 14:44:05.427,2053.0000,54,0,0.0000,0.0000,0,0,空换,S,2057.0000,0.0000,0.0000,0.0000,0.0000,2091.0000,0.0000,0.0000,0.0000,0.0000,1,0,0,0,0,1,0,0,0,0
zc,WT207,2012-06-21 14:45:43.237,2053.0000,54,0,0.0000,0.0000,0,0,空换,S,2057.0000,0.0000,0.0000,0.0000,0.0000,2092.0000,0.0000,0.0000,0.0000,0.0000,1,0,0,0,0,1,0,0,0,0
zc,WT207,2012-06-21 14:47:14.973,2053.0000,54,0,0.0000,0.0000,0,0,空换,S,2057.0000,0.0000,0.0000,0.0000,0.0000,2092.0000,0.0000,0.0000,0.0000,0.0000,2,0,0,0,0,1,0,0,0,0
zc,WT207,2012-06-21 14:47:44.707,2053.0000,54,0,0.0000,0.0000,0,0,空换,S,2057.0000,0.0000,0.0000,0.0000,0.0000,2092.0000,0.0000,0.0000,0.0000,0.0000,5,0,0,0,0,1,0,0,0,0
zc,WT207,2012-06-21 14:48:03.237,2053.0000,54,0,0.0000,0.0000,0,0,空换,S,2058.0000,0.0000,0.0000,0.0000,0.0000,2092.0000,0.0000,0.0000,0.0000,0.0000,1,0,0,0,0,1,0,0,0,0
zc,WT207,2012-06-21 14:49:14.487,2053.0000,54,0,0.0000,0.0000,0,0,空换,S,2057.0000,0.0000,0.0000,0.0000,0.0000,2092.0000,0.0000,0.0000,0.0000,0.0000,5,0,0,0,0,1,0,0,0,0
zc,WT207,2012-06-21 14:49:57.487,2053.0000,54,0,0.0000,0.0000,0,0,空换,S,2057.0000,0.0000,0.0000,0.0000,0.0000,2091.0000,0.0000,0.0000,0.0000,0.0000,5,0,0,0,0,1,0,0,0,0
zc,WT207,2012-06-21 14:50:02.457,2053.0000,54,0,0.0000,0.0000,0,0,空换,S,2057.0000,0.0000,0.0000,0.0000,0.0000,2091.0000,0.0000,0.0000,0.0000,0.0000,4,0,0,0,0,1,0,0,0,0
zc,WT207,2012-06-21 14:50:24.737,2053.0000,54,0,0.0000,0.0000,0,0,空换,S,2057.0000,0.0000,0.0000,0.0000,0.0000,2091.0000,0.0000,0.0000,0.0000,0.0000,3,0,0,0,0,1,0,0,0,0
zc,WT207,2012-06-21 14:50:56.207,2053.0000,54,0,0.0000,0.0000,0,0,空换,S,2058.0000,0.0000,0.0000,0.0000,0.0000,2091.0000,0.0000,0.0000,0.0000,0.0000,1,0,0,0,0,1,0,0,0,0
zc,WT207,2012-06-21 14:52:05.427,2053.0000,54,0,0.0000,0.0000,0,0,空换,S,2058.0000,0.0000,0.0000,0.0000,0.0000,2091.0000,0.0000,0.0000,0.0000,0.0000,1,0,0,0,0,1,0,0,0,0
zc,WT207,2012-06-21 14:52:15.473,2053.0000,54,0,0.0000,0.0000,0,0,空换,S,2059.0000,0.0000,0.0000,0.0000,0.0000,2091.0000,0.0000,0.0000,0.0000,0.0000,1,0,0,0,0,1,0,0,0,0
zc,WT207,2012-06-21 14:53:28.690,2059.0000,54,0,0.0000,2.0000,1,1,多换,B,2057.0000,0.0000,0.0000,0.0000,0.0000,2091.0000,0.0000,0.0000,0.0000,0.0000,3,0,0,0,0,1,0,0,0,0
zc,WT207,2012-06-21 14:53:33.177,2059.0000,54,0,0.0000,0.0000,0,0,多换,B,2058.0000,0.0000,0.0000,0.0000,0.0000,2091.0000,0.0000,0.0000,0.0000,0.0000,1,0,0,0,0,1,0,0,0,0
zc,WT207,2012-06-21 14:53:45.957,2059.0000,54,0,0.0000,0.0000,0,0,多换,B,2057.0000,0.0000,0.0000,0.0000,0.0000,2091.0000,0.0000,0.0000,0.0000,0.0000,3,0,0,0,0,1,0,0,0,0
zc,WT207,2012-06-21 14:53:50.940,2059.0000,54,0,0.0000,0.0000,0,0,多换,B,2057.0000,0.0000,0.0000,0.0000,0.0000,2090.0000,0.0000,0.0000,0.0000,0.0000,3,0,0,0,0,1,0,0,0,0
zc,WT207,2012-06-21 14:53:58.237,2059.0000,54,0,0.0000,0.0000,0,0,多换,B,2058.0000,0.0000,0.0000,0.0000,0.0000,2090.0000,0.0000,0.0000,0.0000,0.0000,2,0,0,0,0,1,0,0,0,0
zc,WT207,2012-06-21 14:54:15.737,2059.0000,54,0,0.0000,0.0000,0,0,多换,B,2054.0000,0.0000,0.0000,0.0000,0.0000,2090.0000,0.0000,0.0000,0.0000,0.0000,7,0,0,0,0,1,0,0,0,0
zc,WT207,2012-06-21 14:55:02.520,2059.0000,54,0,0.0000,0.0000,0,0,多换,B,2054.0000,0.0000,0.0000,0.0000,0.0000,2090.0000,0.0000,0.0000,0.0000,0.0000,5,0,0,0,0,1,0,0,0,0
zc,WT207,2012-06-21 14:55:05.427,2059.0000,54,0,0.0000,0.0000,0,0,多换,B,2054.0000,0.0000,0.0000,0.0000,0.0000,2090.0000,0.0000,0.0000,0.0000,0.0000,5,0,0,0,0,1,0,0,0,0
zc,WT207,2012-06-21 14:55:13.707,2059.0000,54,0,0.0000,0.0000,0,0,多换,B,2054.0000,0.0000,0.0000,0.0000,0.0000,2090.0000,0.0000,0.0000,0.0000,0.0000,4,0,0,0,0,1,0,0,0,0
zc,WT207,2012-06-21 14:55:18.973,2059.0000,54,0,0.0000,0.0000,0,0,多换,B,2054.0000,0.0000,0.0000,0.0000,0.0000,2089.0000,0.0000,0.0000,0.0000,0.0000,4,0,0,0,0,1,0,0,0,0
zc,WT207,2012-06-21 14:55:23.207,2059.0000,54,0,0.0000,0.0000,0,0,多换,B,2054.0000,0.0000,0.0000,0.0000,0.0000,2089.0000,0.0000,0.0000,0.0000,0.0000,5,0,0,0,0,1,0,0,0,0
zc,WT207,2012-06-21 14:55:43.987,2059.0000,54,0,0.0000,0.0000,0,0,多换,B,2054.0000,0.0000,0.0000,0.0000,0.0000,2089.0000,0.0000,0.0000,0.0000,0.0000,7,0,0,0,0,1,0,0,0,0
zc,WT207,2012-06-21 14:56:03.940,2059.0000,54,0,0.0000,0.0000,0,0,多换,B,2052.0000,0.0000,0.0000,0.0000,0.0000,2089.0000,0.0000,0.0000,0.0000,0.0000,8,0,0,0,0,1,0,0,0,0
zc,WT207,2012-06-21 14:56:31.690,2059.0000,54,0,0.0000,0.0000,0,0,多换,B,2052.0000,0.0000,0.0000,0.0000,0.0000,2089.0000,0.0000,0.0000,0.0000,0.0000,6,0,0,0,0,1,0,0,0,0
zc,WT207,2012-06-21 14:56:38.457,2059.0000,54,0,0.0000,0.0000,0,0,多换,B,2052.0000,0.0000,0.0000,0.0000,0.0000,2089.0000,0.0000,0.0000,0.0000,0.0000,8,0,0,0,0,1,0,0,0,0
zc,WT207,2012-06-21 14:57:33.207,2059.0000,54,0,0.0000,0.0000,0,0,多换,B,2053.0000,0.0000,0.0000,0.0000,0.0000,2089.0000,0.0000,0.0000,0.0000,0.0000,1,0,0,0,0,1,0,0,0,0
zc,WT207,2012-06-21 14:57:35.253,2059.0000,54,0,0.0000,0.0000,0,0,多换,B,2053.0000,0.0000,0.0000,0.0000,0.0000,2128.0000,0.0000,0.0000,0.0000,0.0000,1,0,0,0,0,1,0,0,0,0
zc,WT207,2012-06-21 14:57:35.753,2059.0000,54,0,0.0000,0.0000,0,0,多换,B,2053.0000,0.0000,0.0000,0.0000,0.0000,2088.0000,0.0000,0.0000,0.0000,0.0000,1,0,0,0,0,1,0,0,0,0
zc,WT207,2012-06-21 14:57:38.690,2059.0000,54,0,0.0000,0.0000,0,0,多换,B,2053.0000,0.0000,0.0000,0.0000,0.0000,2088.0000,0.0000,0.0000,0.0000,0.0000,3,0,0,0,0,1,0,0,0,0
zc,WT207,2012-06-21 14:57:41.723,2059.0000,54,0,0.0000,0.0000,0,0,多换,B,2057.0000,0.0000,0.0000,0.0000,0.0000,2088.0000,0.0000,0.0000,0.0000,0.0000,3,0,0,0,0,1,0,0,0,0
zc,WT207,2012-06-21 14:57:44.723,2059.0000,54,0,0.0000,0.0000,0,0,多换,B,2057.0000,0.0000,0.0000,0.0000,0.0000,2088.0000,0.0000,0.0000,0.0000,0.0000,2,0,0,0,0,1,0,0,0,0
zc,WT207,2012-06-21 14:57:51.457,2059.0000,54,0,0.0000,0.0000,0,0,多换,B,2053.0000,0.0000,0.0000,0.0000,0.0000,2088.0000,0.0000,0.0000,0.0000,0.0000,4,0,0,0,0,1,0,0,0,0
zc,WT207,2012-06-21 14:57:54.957,2059.0000,54,0,0.0000,0.0000,0,0,多换,B,2054.0000,0.0000,0.0000,0.0000,0.0000,2088.0000,0.0000,0.0000,0.0000,0.0000,1,0,0,0,0,1,0,0,0,0
zc,WT207,2012-06-21 14:57:58.457,2059.0000,54,0,0.0000,0.0000,0,0,多换,B,2054.0000,0.0000,0.0000,0.0000,0.0000,2088.0000,0.0000,0.0000,0.0000,0.0000,3,0,0,0,0,1,0,0,0,0
zc,WT207,2012-06-21 14:58:10.473,2059.0000,54,0,0.0000,0.0000,0,0,多换,B,2057.0000,0.0000,0.0000,0.0000,0.0000,2088.0000,0.0000,0.0000,0.0000,0.0000,4,0,0,0,0,1,0,0,0,0
zc,WT207,2012-06-21 14:58:14.473,2059.0000,54,0,0.0000,0.0000,0,0,多换,B,2057.0000,0.0000,0.0000,0.0000,0.0000,2088.0000,0.0000,0.0000,0.0000,0.0000,3,0,0,0,0,1,0,0,0,0
zc,WT207,2012-06-21 14:58:19.253,2059.0000,54,0,0.0000,0.0000,0,0,多换,B,2054.0000,0.0000,0.0000,0.0000,0.0000,2088.0000,0.0000,0.0000,0.0000,0.0000,3,0,0,0,0,1,0,0,0,0
zc,WT207,2012-06-21 14:58:20.487,2059.0000,54,0,0.0000,0.0000,0,0,多换,B,2057.0000,0.0000,0.0000,0.0000,0.0000,2088.0000,0.0000,0.0000,0.0000,0.0000,5,0,0,0,0,1,0,0,0,0
zc,WT207,2012-06-21 14:58:44.957,2059.0000,54,0,0.0000,0.0000,0,0,多换,B,2057.0000,0.0000,0.0000,0.0000,0.0000,2088.0000,0.0000,0.0000,0.0000,0.0000,4,0,0,0,0,1,0,0,0,0
zc,WT207,2012-06-21 14:59:12.270,2059.0000,54,0,0.0000,0.0000,0,0,多换,B,2057.0000,0.0000,0.0000,0.0000,0.0000,2088.0000,0.0000,0.0000,0.0000,0.0000,8,0,0,0,0,1,0,0,0,0
zc,WT207,2012-06-21 15:00:04.427,2059.0000,54,0,0.0000,0.0000,0,0,多换,B,2057.0000,0.0000,0.0000,0.0000,0.0000,2088.0000,0.0000,0.0000,0.0000,0.0000,8,0,0,0,0,1,0,0,0,0
zc,WT207,2012-06-21 15:03:05.410,2059.0000,54,0,0.0000,0.0000,0,0,多换,B,2057.0000,0.0000,0.0000,0.0000,0.0000,2088.0000,0.0000,0.0000,0.0000,0.0000,8,0,0,0,0,1,0,0,0,0
zc,WT207,2012-06-21 15:08:05.410,2059.0000,54,0,0.0000,0.0000,0,0,多换,B,2057.0000,0.0000,0.0000,0.0000,0.0000,2088.0000,0.0000,0.0000,0.0000,0.0000,8,0,0,0,0,1,0,0,0,0
zc,WT207,2012-06-21 15:09:05.410,2059.0000,54,0,0.0000,0.0000,0,0,多换,B,2057.0000,0.0000,0.0000,0.0000,0.0000,2088.0000,0.0000,0.0000,0.0000,0.0000,8,0,0,0,0,1,0,0,0,0
zc,WT207,2012-06-21 15:12:05.410,2059.0000,54,0,0.0000,0.0000,0,0,多换,B,2057.0000,0.0000,0.0000,0.0000,0.0000,2088.0000,0.0000,0.0000,0.0000,0.0000,8,0,0,0,0,1,0,0,0,0
zc,WT207,2012-06-21 15:15:05.410,2059.0000,54,0,0.0000,0.0000,0,0,多换,B,2057.0000,0.0000,0.0000,0.0000,0.0000,2088.0000,0.0000,0.0000,0.0000,0.0000,8,0,0,0,0,1,0,0,0,0
zc,WT207,2012-06-21 15:29:05.330,2059.0000,54,0,0.0000,0.0000,0,0,多换,B,2057.0000,0.0000,0.0000,0.0000,0.0000,2088.0000,0.0000,0.0000,0.0000,0.0000,8,0,0,0,0,1,0,0,0,0
