市场代码,合约代码,时间,最新,持仓,增仓,成交额,成交量,开仓,平仓,成交类型,方向,买一价,买二价,买三价,买四价,买五价,卖一价,卖二价,卖三价,卖四价,卖五价,买一量,买二量,买三量,买四量,买五量,卖一量,卖二量,卖三量,卖四量,卖五量
zc,WT209,2012-06-21 08:01:03.973,0.0000,2742,0,0.0000,0.0000,0,0,空换,S,0.0000,0.0000,0.0000,0.0000,0.0000,0.0000,0.0000,0.0000,0.0000,0.0000,0,0,0,0,0,0,0,0,0,0
zc,WT209,2012-06-21 08:23:05.973,0.0000,2742,0,0.0000,0.0000,0,0,空换,S,0.0000,0.0000,0.0000,0.0000,0.0000,0.0000,0.0000,0.0000,0.0000,0.0000,0,0,0,0,0,0,0,0,0,0
zc,WT209,2012-06-21 08:26:05.973,0.0000,2742,0,0.0000,0.0000,0,0,空换,S,0.0000,0.0000,0.0000,0.0000,0.0000,0.0000,0.0000,0.0000,0.0000,0.0000,0,0,0,0,0,0,0,0,0,0
zc,WT209,2012-06-21 08:27:05.957,0.0000,2742,0,0.0000,0.0000,0,0,空换,S,0.0000,0.0000,0.0000,0.0000,0.0000,0.0000,0.0000,0.0000,0.0000,0.0000,0,0,0,0,0,0,0,0,0,0
zc,WT209,2012-06-21 08:29:05.957,0.0000,2742,0,0.0000,0.0000,0,0,空换,S,0.0000,0.0000,0.0000,0.0000,0.0000,0.0000,0.0000,0.0000,0.0000,0.0000,0,0,0,0,0,0,0,0,0,0
zc,WT209,2012-06-21 08:30:05.957,0.0000,2742,0,0.0000,0.0000,0,0,空换,S,0.0000,0.0000,0.0000,0.0000,0.0000,0.0000,0.0000,0.0000,0.0000,0.0000,0,0,0,0,0,0,0,0,0,0
zc,WT209,2012-06-21 08:31:05.957,0.0000,2742,0,0.0000,0.0000,0,0,空换,S,0.0000,0.0000,0.0000,0.0000,0.0000,0.0000,0.0000,0.0000,0.0000,0.0000,0,0,0,0,0,0,0,0,0,0
zc,WT209,2012-06-21 08:34:05.957,0.0000,2742,0,0.0000,0.0000,0,0,空换,S,0.0000,0.0000,0.0000,0.0000,0.0000,0.0000,0.0000,0.0000,0.0000,0.0000,0,0,0,0,0,0,0,0,0,0
zc,WT209,2012-06-21 08:35:05.957,0.0000,2742,0,0.0000,0.0000,0,0,空换,S,0.0000,0.0000,0.0000,0.0000,0.0000,0.0000,0.0000,0.0000,0.0000,0.0000,0,0,0,0,0,0,0,0,0,0
zc,WT209,2012-06-21 08:42:05.973,0.0000,2742,0,0.0000,0.0000,0,0,空换,S,0.0000,0.0000,0.0000,0.0000,0.0000,0.0000,0.0000,0.0000,0.0000,0.0000,0,0,0,0,0,0,0,0,0,0
zc,WT209,2012-06-21 08:45:05.973,0.0000,2742,0,0.0000,0.0000,0,0,空换,S,0.0000,0.0000,0.0000,0.0000,0.0000,0.0000,0.0000,0.0000,0.0000,0.0000,0,0,0,0,0,0,0,0,0,0
zc,WT209,2012-06-21 08:48:05.973,0.0000,2742,0,0.0000,0.0000,0,0,空换,S,0.0000,0.0000,0.0000,0.0000,0.0000,0.0000,0.0000,0.0000,0.0000,0.0000,0,0,0,0,0,0,0,0,0,0
zc,WT209,2012-06-21 08:49:05.973,0.0000,2742,0,0.0000,0.0000,0,0,空换,S,0.0000,0.0000,0.0000,0.0000,0.0000,0.0000,0.0000,0.0000,0.0000,0.0000,0,0,0,0,0,0,0,0,0,0
zc,WT209,2012-06-21 08:50:05.973,0.0000,2742,0,0.0000,0.0000,0,0,空换,S,0.0000,0.0000,0.0000,0.0000,0.0000,0.0000,0.0000,0.0000,0.0000,0.0000,0,0,0,0,0,0,0,0,0,0
zc,WT209,2012-06-21 08:55:05.973,0.0000,2742,0,0.0000,0.0000,0,0,空换,S,0.0000,0.0000,0.0000,0.0000,0.0000,0.0000,0.0000,0.0000,0.0000,0.0000,0,0,0,0,0,0,0,0,0,0
zc,WT209,2012-06-21 08:57:05.957,0.0000,2742,0,0.0000,0.0000,0,0,空换,S,0.0000,0.0000,0.0000,0.0000,0.0000,0.0000,0.0000,0.0000,0.0000,0.0000,0,0,0,0,0,0,0,0,0,0
zc,WT209,2012-06-21 08:58:49.690,0.0000,2742,0,0.0000,0.0000,0,0,空换,S,0.0000,0.0000,0.0000,0.0000,0.0000,0.0000,0.0000,0.0000,0.0000,0.0000,0,0,0,0,0,0,0,0,0,0
zc,WT209,2012-06-21 08:58:58.973,0.0000,2742,0,0.0000,0.0000,0,0,空换,S,0.0000,0.0000,0.0000,0.0000,0.0000,0.0000,0.0000,0.0000,0.0000,0.0000,0,0,0,0,0,0,0,0,0,0
zc,WT209,2012-06-21 09:00:01.143,2143.0000,2744,2,0.0000,2.0000,2,0,双开,B,2142.0000,0.0000,0.0000,0.0000,0.0000,2154.0000,0.0000,0.0000,0.0000,0.0000,2,0,0,0,0,2,0,0,0,0
zc,WT209,2012-06-21 09:00:09.893,2143.0000,2744,0,0.0000,0.0000,0,0,多换,B,2145.0000,0.0000,0.0000,0.0000,0.0000,2152.0000,0.0000,0.0000,0.0000,0.0000,2,0,0,0,0,2,0,0,0,0
zc,WT209,2012-06-21 09:00:30.643,2143.0000,2744,0,0.0000,0.0000,0,0,多换,B,2145.0000,0.0000,0.0000,0.0000,0.0000,2152.0000,0.0000,0.0000,0.0000,0.0000,2,0,0,0,0,1,0,0,0,0
zc,WT209,2012-06-21 09:00:31.910,2143.0000,2744,0,0.0000,0.0000,0,0,多换,B,2145.0000,0.0000,0.0000,0.0000,0.0000,2151.0000,0.0000,0.0000,0.0000,0.0000,2,0,0,0,0,1,0,0,0,0
zc,WT209,2012-06-21 09:00:33.080,2151.0000,2746,2,0.0000,2.0000,2,0,双开,B,2145.0000,0.0000,0.0000,0.0000,0.0000,2152.0000,0.0000,0.0000,0.0000,0.0000,2,0,0,0,0,1,0,0,0,0
zc,WT209,2012-06-21 09:00:35.127,2151.0000,2746,0,0.0000,0.0000,0,0,多换,B,2142.0000,0.0000,0.0000,0.0000,0.0000,2152.0000,0.0000,0.0000,0.0000,0.0000,2,0,0,0,0,1,0,0,0,0
zc,WT209,2012-06-21 09:00:36.160,2151.0000,2746,0,0.0000,0.0000,0,0,多换,B,2142.0000,0.0000,0.0000,0.0000,0.0000,2143.0000,0.0000,0.0000,0.0000,0.0000,2,0,0,0,0,1,0,0,0,0
zc,WT209,2012-06-21 09:00:40.863,2143.0000,2748,2,0.0000,2.0000,2,0,双开,S,2142.0000,0.0000,0.0000,0.0000,0.0000,2145.0000,0.0000,0.0000,0.0000,0.0000,2,0,0,0,0,3,0,0,0,0
zc,WT209,2012-06-21 09:00:42.097,2143.0000,2748,0,0.0000,0.0000,0,0,空换,S,2143.0000,0.0000,0.0000,0.0000,0.0000,2145.0000,0.0000,0.0000,0.0000,0.0000,1,0,0,0,0,3,0,0,0,0
zc,WT209,2012-06-21 09:00:44.597,2145.0000,2746,-2,0.0000,2.0000,0,2,双平,B,2143.0000,0.0000,0.0000,0.0000,0.0000,2145.0000,0.0000,0.0000,0.0000,0.0000,1,0,0,0,0,2,0,0,0,0
zc,WT209,2012-06-21 09:00:45.330,2145.0000,2746,0,0.0000,0.0000,0,0,多换,B,2142.0000,0.0000,0.0000,0.0000,0.0000,2145.0000,0.0000,0.0000,0.0000,0.0000,3,0,0,0,0,2,0,0,0,0
zc,WT209,2012-06-21 09:00:52.330,2145.0000,2746,0,0.0000,0.0000,0,0,多换,B,2142.0000,0.0000,0.0000,0.0000,0.0000,2145.0000,0.0000,0.0000,0.0000,0.0000,23,0,0,0,0,2,0,0,0,0
zc,WT209,2012-06-21 09:00:55.127,2142.0000,2750,4,0.0000,4.0000,4,0,双开,S,2143.0000,0.0000,0.0000,0.0000,0.0000,2145.0000,0.0000,0.0000,0.0000,0.0000,1,0,0,0,0,2,0,0,0,0
zc,WT209,2012-06-21 09:01:08.097,2142.0000,2750,0,0.0000,0.0000,0,0,空换,S,2143.0000,0.0000,0.0000,0.0000,0.0000,2145.0000,0.0000,0.0000,0.0000,0.0000,39,0,0,0,0,2,0,0,0,0
zc,WT209,2012-06-21 09:01:20.330,2142.0000,2750,0,0.0000,0.0000,0,0,空换,S,2144.0000,0.0000,0.0000,0.0000,0.0000,2145.0000,0.0000,0.0000,0.0000,0.0000,1,0,0,0,0,2,0,0,0,0
zc,WT209,2012-06-21 09:01:31.567,2142.0000,2750,0,0.0000,0.0000,0,0,空换,S,2144.0000,0.0000,0.0000,0.0000,0.0000,2149.0000,0.0000,0.0000,0.0000,0.0000,1,0,0,0,0,1,0,0,0,0
zc,WT209,2012-06-21 09:01:41.783,2142.0000,2750,0,0.0000,0.0000,0,0,空换,S,2144.0000,0.0000,0.0000,0.0000,0.0000,2149.0000,0.0000,0.0000,0.0000,0.0000,1,0,0,0,0,2,0,0,0,0
zc,WT209,2012-06-21 09:01:43.067,2144.0000,2752,2,0.0000,2.0000,2,0,双开,B,2142.0000,0.0000,0.0000,0.0000,0.0000,2149.0000,0.0000,0.0000,0.0000,0.0000,1,0,0,0,0,2,0,0,0,0
zc,WT209,2012-06-21 09:01:45.597,2144.0000,2752,0,0.0000,0.0000,0,0,多换,B,2145.0000,0.0000,0.0000,0.0000,0.0000,2149.0000,0.0000,0.0000,0.0000,0.0000,1,0,0,0,0,2,0,0,0,0
zc,WT209,2012-06-21 09:01:51.067,2144.0000,2752,0,0.0000,0.0000,0,0,多换,B,2145.0000,0.0000,0.0000,0.0000,0.0000,2148.0000,0.0000,0.0000,0.0000,0.0000,1,0,0,0,0,1,0,0,0,0
zc,WT209,2012-06-21 09:02:03.347,2145.0000,2752,0,0.0000,2.0000,1,1,多换,B,2144.0000,0.0000,0.0000,0.0000,0.0000,2148.0000,0.0000,0.0000,0.0000,0.0000,58,0,0,0,0,1,0,0,0,0
zc,WT209,2012-06-21 09:02:05.987,2145.0000,2752,0,0.0000,0.0000,0,0,多换,B,2144.0000,0.0000,0.0000,0.0000,0.0000,2148.0000,0.0000,0.0000,0.0000,0.0000,58,0,0,0,0,1,0,0,0,0
zc,WT209,2012-06-21 09:02:17.770,2145.0000,2752,0,0.0000,0.0000,0,0,多换,B,2145.0000,0.0000,0.0000,0.0000,0.0000,2148.0000,0.0000,0.0000,0.0000,0.0000,1,0,0,0,0,1,0,0,0,0
zc,WT209,2012-06-21 09:02:20.800,2145.0000,2754,2,0.0000,2.0000,2,0,双开,B,2144.0000,0.0000,0.0000,0.0000,0.0000,2145.0000,0.0000,0.0000,0.0000,0.0000,58,0,0,0,0,4,0,0,0,0
zc,WT209,2012-06-21 09:02:24.317,2145.0000,2754,0,0.0000,0.0000,0,0,多换,B,2144.0000,0.0000,0.0000,0.0000,0.0000,2145.0000,0.0000,0.0000,0.0000,0.0000,58,0,0,0,0,9,0,0,0,0
zc,WT209,2012-06-21 09:02:34.580,2145.0000,2754,0,0.0000,0.0000,0,0,多换,B,2144.0000,0.0000,0.0000,0.0000,0.0000,2145.0000,0.0000,0.0000,0.0000,0.0000,58,0,0,0,0,4,0,0,0,0
zc,WT209,2012-06-21 09:02:39.533,2145.0000,2756,2,0.0000,2.0000,2,0,双开,B,2144.0000,0.0000,0.0000,0.0000,0.0000,2145.0000,0.0000,0.0000,0.0000,0.0000,58,0,0,0,0,3,0,0,0,0
zc,WT209,2012-06-21 09:03:01.753,2145.0000,2758,2,0.0000,2.0000,2,0,双开,B,2144.0000,0.0000,0.0000,0.0000,0.0000,2145.0000,0.0000,0.0000,0.0000,0.0000,58,0,0,0,0,2,0,0,0,0
zc,WT209,2012-06-21 09:03:05.317,2145.0000,2762,4,0.0000,4.0000,4,0,双开,B,2144.0000,0.0000,0.0000,0.0000,0.0000,2148.0000,0.0000,0.0000,0.0000,0.0000,58,0,0,0,0,1,0,0,0,0
zc,WT209,2012-06-21 09:03:11.283,2145.0000,2762,0,0.0000,0.0000,0,0,多换,B,2144.0000,0.0000,0.0000,0.0000,0.0000,2148.0000,0.0000,0.0000,0.0000,0.0000,58,0,0,0,0,2,0,0,0,0
zc,WT209,2012-06-21 09:03:42.550,2145.0000,2762,0,0.0000,0.0000,0,0,多换,B,2145.0000,0.0000,0.0000,0.0000,0.0000,2148.0000,0.0000,0.0000,0.0000,0.0000,1,0,0,0,0,2,0,0,0,0
zc,WT209,2012-06-21 09:03:54.817,2145.0000,2762,0,0.0000,0.0000,0,0,多换,B,2145.0000,0.0000,0.0000,0.0000,0.0000,2148.0000,0.0000,0.0000,0.0000,0.0000,1,0,0,0,0,1,0,0,0,0
zc,WT209,2012-06-21 09:03:55.330,2145.0000,2762,0,0.0000,0.0000,0,0,多换,B,2145.0000,0.0000,0.0000,0.0000,0.0000,2148.0000,0.0000,0.0000,0.0000,0.0000,3,0,0,0,0,1,0,0,0,0
zc,WT209,2012-06-21 09:04:11.567,2145.0000,2758,-4,0.0000,4.0000,0,4,双平,B,2145.0000,0.0000,0.0000,0.0000,0.0000,2148.0000,0.0000,0.0000,0.0000,0.0000,1,0,0,0,0,1,0,0,0,0
zc,WT209,2012-06-21 09:04:15.800,2145.0000,2758,0,0.0000,0.0000,0,0,多换,B,2145.0000,0.0000,0.0000,0.0000,0.0000,2149.0000,0.0000,0.0000,0.0000,0.0000,1,0,0,0,0,3,0,0,0,0
zc,WT209,2012-06-21 09:04:22.347,2145.0000,2758,0,0.0000,0.0000,0,0,多换,B,2145.0000,0.0000,0.0000,0.0000,0.0000,2148.0000,0.0000,0.0000,0.0000,0.0000,1,0,0,0,0,1,0,0,0,0
zc,WT209,2012-06-21 09:04:31.050,2145.0000,2758,0,0.0000,0.0000,0,0,多换,B,2145.0000,0.0000,0.0000,0.0000,0.0000,2148.0000,0.0000,0.0000,0.0000,0.0000,2,0,0,0,0,1,0,0,0,0
zc,WT209,2012-06-21 09:05:04.283,2145.0000,2758,0,0.0000,0.0000,0,0,多换,B,2145.0000,0.0000,0.0000,0.0000,0.0000,2148.0000,0.0000,0.0000,0.0000,0.0000,3,0,0,0,0,1,0,0,0,0
zc,WT209,2012-06-21 09:05:05.973,2145.0000,2758,0,0.0000,0.0000,0,0,多换,B,2145.0000,0.0000,0.0000,0.0000,0.0000,2148.0000,0.0000,0.0000,0.0000,0.0000,3,0,0,0,0,1,0,0,0,0
zc,WT209,2012-06-21 09:05:12.770,2148.0000,2756,-2,0.0000,2.0000,0,2,双平,B,2148.0000,0.0000,0.0000,0.0000,0.0000,2149.0000,0.0000,0.0000,0.0000,0.0000,7,0,0,0,0,3,0,0,0,0
zc,WT209,2012-06-21 09:05:15.737,2148.0000,2754,-2,0.0000,2.0000,0,2,双平,B,2148.0000,0.0000,0.0000,0.0000,0.0000,2149.0000,0.0000,0.0000,0.0000,0.0000,6,0,0,0,0,3,0,0,0,0
zc,WT209,2012-06-21 09:05:18.330,2149.0000,2748,-6,0.0000,6.0000,0,6,双平,B,2149.0000,0.0000,0.0000,0.0000,0.0000,2150.0000,0.0000,0.0000,0.0000,0.0000,3,0,0,0,0,2,0,0,0,0
zc,WT209,2012-06-21 09:05:23.003,2149.0000,2746,-2,0.0000,2.0000,0,2,双平,B,2149.0000,0.0000,0.0000,0.0000,0.0000,2150.0000,0.0000,0.0000,0.0000,0.0000,2,0,0,0,0,2,0,0,0,0
zc,WT209,2012-06-21 09:05:24.317,2150.0000,2744,-2,0.0000,4.0000,1,3,空平,B,2145.0000,0.0000,0.0000,0.0000,0.0000,2152.0000,0.0000,0.0000,0.0000,0.0000,3,0,0,0,0,7,0,0,0,0
zc,WT209,2012-06-21 09:05:29.253,2150.0000,2744,0,0.0000,0.0000,0,0,多换,B,2145.0000,0.0000,0.0000,0.0000,0.0000,2151.0000,0.0000,0.0000,0.0000,0.0000,3,0,0,0,0,3,0,0,0,0
zc,WT209,2012-06-21 09:05:32.270,2150.0000,2744,0,0.0000,0.0000,0,0,多换,B,2145.0000,0.0000,0.0000,0.0000,0.0000,2151.0000,0.0000,0.0000,0.0000,0.0000,4,0,0,0,0,3,0,0,0,0
zc,WT209,2012-06-21 09:05:36.800,2150.0000,2744,0,0.0000,0.0000,0,0,多换,B,2145.0000,0.0000,0.0000,0.0000,0.0000,2150.0000,0.0000,0.0000,0.0000,0.0000,4,0,0,0,0,6,0,0,0,0
zc,WT209,2012-06-21 09:05:39.067,2150.0000,2744,0,0.0000,0.0000,0,0,多换,B,2146.0000,0.0000,0.0000,0.0000,0.0000,2150.0000,0.0000,0.0000,0.0000,0.0000,1,0,0,0,0,6,0,0,0,0
zc,WT209,2012-06-21 09:05:43.347,2150.0000,2744,0,0.0000,0.0000,0,0,多换,B,2146.0000,0.0000,0.0000,0.0000,0.0000,2149.0000,0.0000,0.0000,0.0000,0.0000,1,0,0,0,0,2,0,0,0,0
zc,WT209,2012-06-21 09:05:46.330,2150.0000,2744,0,0.0000,0.0000,0,0,多换,B,2146.0000,0.0000,0.0000,0.0000,0.0000,2149.0000,0.0000,0.0000,0.0000,0.0000,2,0,0,0,0,2,0,0,0,0
zc,WT209,2012-06-21 09:05:53.550,2150.0000,2744,0,0.0000,0.0000,0,0,多换,B,2146.0000,0.0000,0.0000,0.0000,0.0000,2149.0000,0.0000,0.0000,0.0000,0.0000,3,0,0,0,0,2,0,0,0,0
zc,WT209,2012-06-21 09:05:58.050,2150.0000,2742,-2,0.0000,4.0000,1,3,空平,B,2146.0000,0.0000,0.0000,0.0000,0.0000,2150.0000,0.0000,0.0000,0.0000,0.0000,5,0,0,0,0,2,0,0,0,0
zc,WT209,2012-06-21 09:06:04.067,2150.0000,2742,0,0.0000,0.0000,0,0,多换,B,2146.0000,0.0000,0.0000,0.0000,0.0000,2149.0000,0.0000,0.0000,0.0000,0.0000,5,0,0,0,0,2,0,0,0,0
zc,WT209,2012-06-21 09:06:05.957,2150.0000,2742,0,0.0000,0.0000,0,0,多换,B,2146.0000,0.0000,0.0000,0.0000,0.0000,2149.0000,0.0000,0.0000,0.0000,0.0000,5,0,0,0,0,2,0,0,0,0
zc,WT209,2012-06-21 09:06:07.270,2150.0000,2742,0,0.0000,0.0000,0,0,多换,B,2146.0000,0.0000,0.0000,0.0000,0.0000,2150.0000,0.0000,0.0000,0.0000,0.0000,5,0,0,0,0,2,0,0,0,0
zc,WT209,2012-06-21 09:06:08.237,2150.0000,2742,0,0.0000,0.0000,0,0,多换,B,2146.0000,0.0000,0.0000,0.0000,0.0000,2149.0000,0.0000,0.0000,0.0000,0.0000,5,0,0,0,0,2,0,0,0,0
zc,WT209,2012-06-21 09:06:12.033,2150.0000,2742,0,0.0000,0.0000,0,0,多换,B,2146.0000,0.0000,0.0000,0.0000,0.0000,2150.0000,0.0000,0.0000,0.0000,0.0000,5,0,0,0,0,7,0,0,0,0
zc,WT209,2012-06-21 09:06:15.020,2150.0000,2742,0,0.0000,0.0000,0,0,多换,B,2146.0000,0.0000,0.0000,0.0000,0.0000,2150.0000,0.0000,0.0000,0.0000,0.0000,4,0,0,0,0,7,0,0,0,0
zc,WT209,2012-06-21 09:06:15.550,2150.0000,2742,0,0.0000,0.0000,0,0,多换,B,2146.0000,0.0000,0.0000,0.0000,0.0000,2150.0000,0.0000,0.0000,0.0000,0.0000,4,0,0,0,0,8,0,0,0,0
zc,WT209,2012-06-21 09:06:16.800,2150.0000,2742,0,0.0000,0.0000,0,0,多换,B,2147.0000,0.0000,0.0000,0.0000,0.0000,2150.0000,0.0000,0.0000,0.0000,0.0000,1,0,0,0,0,8,0,0,0,0
zc,WT209,2012-06-21 09:06:19.003,2150.0000,2742,0,0.0000,0.0000,0,0,多换,B,2147.0000,0.0000,0.0000,0.0000,0.0000,2149.0000,0.0000,0.0000,0.0000,0.0000,1,0,0,0,0,2,0,0,0,0
zc,WT209,2012-06-21 09:06:32.033,2153.0000,2742,0,0.0000,60.0000,30,30,多换,B,2147.0000,0.0000,0.0000,0.0000,0.0000,2153.0000,0.0000,0.0000,0.0000,0.0000,1,0,0,0,0,1,0,0,0,0
zc,WT209,2012-06-21 09:06:38.533,2153.0000,2742,0,0.0000,0.0000,0,0,多换,B,2147.0000,0.0000,0.0000,0.0000,0.0000,2153.0000,0.0000,0.0000,0.0000,0.0000,1,0,0,0,0,6,0,0,0,0
zc,WT209,2012-06-21 09:06:39.987,2153.0000,2742,0,0.0000,0.0000,0,0,多换,B,2147.0000,0.0000,0.0000,0.0000,0.0000,2152.0000,0.0000,0.0000,0.0000,0.0000,1,0,0,0,0,1,0,0,0,0
zc,WT209,2012-06-21 09:06:41.503,2153.0000,2742,0,0.0000,0.0000,0,0,多换,B,2147.0000,0.0000,0.0000,0.0000,0.0000,2152.0000,0.0000,0.0000,0.0000,0.0000,2,0,0,0,0,1,0,0,0,0
zc,WT209,2012-06-21 09:06:46.020,2153.0000,2742,0,0.0000,0.0000,0,0,多换,B,2148.0000,0.0000,0.0000,0.0000,0.0000,2152.0000,0.0000,0.0000,0.0000,0.0000,10,0,0,0,0,2,0,0,0,0
zc,WT209,2012-06-21 09:06:53.003,2153.0000,2742,0,0.0000,0.0000,0,0,多换,B,2148.0000,0.0000,0.0000,0.0000,0.0000,2151.0000,0.0000,0.0000,0.0000,0.0000,10,0,0,0,0,1,0,0,0,0
zc,WT209,2012-06-21 09:06:53.567,2153.0000,2742,0,0.0000,0.0000,0,0,多换,B,2148.0000,0.0000,0.0000,0.0000,0.0000,2151.0000,0.0000,0.0000,0.0000,0.0000,11,0,0,0,0,1,0,0,0,0
zc,WT209,2012-06-21 09:07:41.283,2153.0000,2742,0,0.0000,0.0000,0,0,多换,B,2149.0000,0.0000,0.0000,0.0000,0.0000,2151.0000,0.0000,0.0000,0.0000,0.0000,1,0,0,0,0,1,0,0,0,0
zc,WT209,2012-06-21 09:08:10.283,2151.0000,2742,0,0.0000,2.0000,1,1,空换,S,2151.0000,0.0000,0.0000,0.0000,0.0000,2152.0000,0.0000,0.0000,0.0000,0.0000,1,0,0,0,0,3,0,0,0,0
zc,WT209,2012-06-21 09:08:13.253,2151.0000,2742,0,0.0000,0.0000,0,0,空换,S,2151.0000,0.0000,0.0000,0.0000,0.0000,2152.0000,0.0000,0.0000,0.0000,0.0000,1,0,0,0,0,2,0,0,0,0
zc,WT209,2012-06-21 09:08:14.520,2151.0000,2742,0,0.0000,2.0000,1,1,空换,S,2149.0000,0.0000,0.0000,0.0000,0.0000,2151.0000,0.0000,0.0000,0.0000,0.0000,1,0,0,0,0,1,0,0,0,0
zc,WT209,2012-06-21 09:08:15.533,2151.0000,2742,0,0.0000,0.0000,0,0,空换,S,2149.0000,0.0000,0.0000,0.0000,0.0000,2151.0000,0.0000,0.0000,0.0000,0.0000,1,0,0,0,0,2,0,0,0,0
zc,WT209,2012-06-21 09:08:20.097,2151.0000,2742,0,0.0000,0.0000,0,0,空换,S,2149.0000,0.0000,0.0000,0.0000,0.0000,2151.0000,0.0000,0.0000,0.0000,0.0000,1,0,0,0,0,1,0,0,0,0
zc,WT209,2012-06-21 09:08:24.050,2151.0000,2742,0,0.0000,0.0000,0,0,空换,S,2149.0000,0.0000,0.0000,0.0000,0.0000,2151.0000,0.0000,0.0000,0.0000,0.0000,2,0,0,0,0,1,0,0,0,0
zc,WT209,2012-06-21 09:08:24.800,2153.0000,2742,0,0.0000,24.0000,12,12,多换,B,2153.0000,0.0000,0.0000,0.0000,0.0000,2154.0000,0.0000,0.0000,0.0000,0.0000,8,0,0,0,0,2,0,0,0,0
zc,WT209,2012-06-21 09:08:25.283,2153.0000,2742,0,0.0000,2.0000,1,1,多换,B,2153.0000,0.0000,0.0000,0.0000,0.0000,2154.0000,0.0000,0.0000,0.0000,0.0000,7,0,0,0,0,2,0,0,0,0
zc,WT209,2012-06-21 09:08:27.847,2153.0000,2742,0,0.0000,14.0000,7,7,多换,B,2149.0000,0.0000,0.0000,0.0000,0.0000,2152.0000,0.0000,0.0000,0.0000,0.0000,2,0,0,0,0,13,0,0,0,0
zc,WT209,2012-06-21 09:08:36.033,2153.0000,2742,0,0.0000,0.0000,0,0,多换,B,2150.0000,0.0000,0.0000,0.0000,0.0000,2152.0000,0.0000,0.0000,0.0000,0.0000,3,0,0,0,0,13,0,0,0,0
zc,WT209,2012-06-21 09:08:37.020,2153.0000,2742,0,0.0000,0.0000,0,0,多换,B,2150.0000,0.0000,0.0000,0.0000,0.0000,2151.0000,0.0000,0.0000,0.0000,0.0000,3,0,0,0,0,2,0,0,0,0
zc,WT209,2012-06-21 09:08:46.033,2153.0000,2742,0,0.0000,0.0000,0,0,多换,B,2149.0000,0.0000,0.0000,0.0000,0.0000,2151.0000,0.0000,0.0000,0.0000,0.0000,2,0,0,0,0,2,0,0,0,0
zc,WT209,2012-06-21 09:08:56.317,2153.0000,2742,0,0.0000,0.0000,0,0,多换,B,2149.0000,0.0000,0.0000,0.0000,0.0000,2151.0000,0.0000,0.0000,0.0000,0.0000,2,0,0,0,0,4,0,0,0,0
zc,WT209,2012-06-21 09:09:09.830,2149.0000,2742,0,0.0000,4.0000,2,2,空换,S,2148.0000,0.0000,0.0000,0.0000,0.0000,2151.0000,0.0000,0.0000,0.0000,0.0000,10,0,0,0,0,4,0,0,0,0
zc,WT209,2012-06-21 09:09:20.080,2149.0000,2742,0,0.0000,0.0000,0,0,空换,S,2149.0000,0.0000,0.0000,0.0000,0.0000,2151.0000,0.0000,0.0000,0.0000,0.0000,1,0,0,0,0,4,0,0,0,0
zc,WT209,2012-06-21 09:09:37.987,2149.0000,2742,0,0.0000,2.0000,1,1,空换,S,2148.0000,0.0000,0.0000,0.0000,0.0000,2151.0000,0.0000,0.0000,0.0000,0.0000,10,0,0,0,0,4,0,0,0,0
zc,WT209,2012-06-21 09:09:42.270,2149.0000,2742,0,0.0000,0.0000,0,0,空换,S,2149.0000,0.0000,0.0000,0.0000,0.0000,2151.0000,0.0000,0.0000,0.0000,0.0000,2,0,0,0,0,4,0,0,0,0
zc,WT209,2012-06-21 09:09:47.753,2149.0000,2742,0,0.0000,0.0000,0,0,空换,S,2149.0000,0.0000,0.0000,0.0000,0.0000,2151.0000,0.0000,0.0000,0.0000,0.0000,2,0,0,0,0,2,0,0,0,0
zc,WT209,2012-06-21 09:10:07.253,2149.0000,2742,0,0.0000,0.0000,0,0,空换,S,2149.0000,0.0000,0.0000,0.0000,0.0000,2151.0000,0.0000,0.0000,0.0000,0.0000,2,0,0,0,0,3,0,0,0,0
zc,WT209,2012-06-21 09:10:11.253,2151.0000,2742,0,0.0000,6.0000,3,3,多换,B,2149.0000,0.0000,0.0000,0.0000,0.0000,2152.0000,0.0000,0.0000,0.0000,0.0000,2,0,0,0,0,13,0,0,0,0
zc,WT209,2012-06-21 09:10:19.753,2151.0000,2742,0,0.0000,0.0000,0,0,多换,B,2149.0000,0.0000,0.0000,0.0000,0.0000,2151.0000,0.0000,0.0000,0.0000,0.0000,3,0,0,0,0,3,0,0,0,0
zc,WT209,2012-06-21 09:10:22.003,2151.0000,2742,0,0.0000,0.0000,0,0,多换,B,2149.0000,0.0000,0.0000,0.0000,0.0000,2151.0000,0.0000,0.0000,0.0000,0.0000,4,0,0,0,0,3,0,0,0,0
zc,WT209,2012-06-21 09:10:40.753,2151.0000,2742,0,0.0000,2.0000,1,1,多换,B,2149.0000,0.0000,0.0000,0.0000,0.0000,2151.0000,0.0000,0.0000,0.0000,0.0000,4,0,0,0,0,2,0,0,0,0
zc,WT209,2012-06-21 09:10:44.300,2151.0000,2742,0,0.0000,2.0000,1,1,多换,B,2149.0000,0.0000,0.0000,0.0000,0.0000,2151.0000,0.0000,0.0000,0.0000,0.0000,4,0,0,0,0,1,0,0,0,0
zc,WT209,2012-06-21 09:10:49.487,2151.0000,2742,0,0.0000,0.0000,0,0,多换,B,2149.0000,0.0000,0.0000,0.0000,0.0000,2151.0000,0.0000,0.0000,0.0000,0.0000,4,0,0,0,0,2,0,0,0,0
zc,WT209,2012-06-21 09:10:54.503,2151.0000,2742,0,0.0000,0.0000,0,0,多换,B,2149.0000,0.0000,0.0000,0.0000,0.0000,2151.0000,0.0000,0.0000,0.0000,0.0000,4,0,0,0,0,3,0,0,0,0
zc,WT209,2012-06-21 09:10:58.503,2151.0000,2742,0,0.0000,0.0000,0,0,多换,B,2150.0000,0.0000,0.0000,0.0000,0.0000,2151.0000,0.0000,0.0000,0.0000,0.0000,9,0,0,0,0,3,0,0,0,0
zc,WT209,2012-06-21 09:11:00.753,2151.0000,2742,0,0.0000,0.0000,0,0,多换,B,2150.0000,0.0000,0.0000,0.0000,0.0000,2151.0000,0.0000,0.0000,0.0000,0.0000,9,0,0,0,0,5,0,0,0,0
zc,WT209,2012-06-21 09:11:07.753,2151.0000,2732,-10,0.0000,10.0000,0,10,双平,B,2150.0000,0.0000,0.0000,0.0000,0.0000,2152.0000,0.0000,0.0000,0.0000,0.0000,9,0,0,0,0,13,0,0,0,0
zc,WT209,2012-06-21 09:11:26.050,2150.0000,2732,0,0.0000,2.0000,1,1,空换,S,2150.0000,0.0000,0.0000,0.0000,0.0000,2152.0000,0.0000,0.0000,0.0000,0.0000,8,0,0,0,0,13,0,0,0,0
zc,WT209,2012-06-21 09:11:41.550,2150.0000,2732,0,0.0000,0.0000,0,0,空换,S,2150.0000,0.0000,0.0000,0.0000,0.0000,2151.0000,0.0000,0.0000,0.0000,0.0000,8,0,0,0,0,1,0,0,0,0
zc,WT209,2012-06-21 09:11:44.753,2150.0000,2732,0,0.0000,0.0000,0,0,空换,S,2150.0000,0.0000,0.0000,0.0000,0.0000,2151.0000,0.0000,0.0000,0.0000,0.0000,9,0,0,0,0,1,0,0,0,0
zc,WT209,2012-06-21 09:11:52.533,2151.0000,2732,0,0.0000,2.0000,1,1,多换,B,2150.0000,0.0000,0.0000,0.0000,0.0000,2152.0000,0.0000,0.0000,0.0000,0.0000,9,0,0,0,0,13,0,0,0,0
zc,WT209,2012-06-21 09:11:57.283,2151.0000,2732,0,0.0000,0.0000,0,0,多换,B,2151.0000,0.0000,0.0000,0.0000,0.0000,2152.0000,0.0000,0.0000,0.0000,0.0000,1,0,0,0,0,13,0,0,0,0
zc,WT209,2012-06-21 09:12:02.033,2151.0000,2732,0,0.0000,2.0000,1,1,多换,B,2150.0000,0.0000,0.0000,0.0000,0.0000,2151.0000,0.0000,0.0000,0.0000,0.0000,9,0,0,0,0,1,0,0,0,0
zc,WT209,2012-06-21 09:12:06.097,2151.0000,2732,0,0.0000,2.0000,1,1,多换,B,2150.0000,0.0000,0.0000,0.0000,0.0000,2152.0000,0.0000,0.0000,0.0000,0.0000,9,0,0,0,0,13,0,0,0,0
zc,WT209,2012-06-21 09:12:06.783,2151.0000,2732,0,0.0000,0.0000,0,0,多换,B,2151.0000,0.0000,0.0000,0.0000,0.0000,2152.0000,0.0000,0.0000,0.0000,0.0000,1,0,0,0,0,13,0,0,0,0
zc,WT209,2012-06-21 09:12:08.317,2151.0000,2732,0,0.0000,2.0000,1,1,多换,B,2150.0000,0.0000,0.0000,0.0000,0.0000,2151.0000,0.0000,0.0000,0.0000,0.0000,9,0,0,0,0,1,0,0,0,0
zc,WT209,2012-06-21 09:12:21.003,2151.0000,2732,0,0.0000,2.0000,1,1,多换,B,2150.0000,0.0000,0.0000,0.0000,0.0000,2152.0000,0.0000,0.0000,0.0000,0.0000,9,0,0,0,0,13,0,0,0,0
zc,WT209,2012-06-21 09:12:36.270,2152.0000,2712,-20,0.0000,20.0000,0,20,双平,B,2150.0000,0.0000,0.0000,0.0000,0.0000,2152.0000,0.0000,0.0000,0.0000,0.0000,9,0,0,0,0,3,0,0,0,0
zc,WT209,2012-06-21 09:12:46.487,2152.0000,2712,0,0.0000,0.0000,0,0,多换,B,2151.0000,0.0000,0.0000,0.0000,0.0000,2152.0000,0.0000,0.0000,0.0000,0.0000,1,0,0,0,0,3,0,0,0,0
zc,WT209,2012-06-21 09:12:53.770,2152.0000,2712,0,0.0000,2.0000,1,1,多换,B,2151.0000,0.0000,0.0000,0.0000,0.0000,2152.0000,0.0000,0.0000,0.0000,0.0000,1,0,0,0,0,2,0,0,0,0
zc,WT209,2012-06-21 09:12:56.753,2152.0000,2712,0,0.0000,4.0000,2,2,多换,B,2151.0000,0.0000,0.0000,0.0000,0.0000,2154.0000,0.0000,0.0000,0.0000,0.0000,1,0,0,0,0,6,0,0,0,0
zc,WT209,2012-06-21 09:12:57.237,2152.0000,2712,0,0.0000,0.0000,0,0,多换,B,2152.0000,0.0000,0.0000,0.0000,0.0000,2154.0000,0.0000,0.0000,0.0000,0.0000,1,0,0,0,0,6,0,0,0,0
zc,WT209,2012-06-21 09:13:00.520,2152.0000,2712,0,0.0000,0.0000,0,0,多换,B,2152.0000,0.0000,0.0000,0.0000,0.0000,2154.0000,0.0000,0.0000,0.0000,0.0000,1,0,0,0,0,7,0,0,0,0
zc,WT209,2012-06-21 09:13:05.270,2152.0000,2712,0,0.0000,2.0000,1,1,多换,B,2151.0000,0.0000,0.0000,0.0000,0.0000,2153.0000,0.0000,0.0000,0.0000,0.0000,1,0,0,0,0,1,0,0,0,0
zc,WT209,2012-06-21 09:13:08.237,2152.0000,2712,0,0.0000,0.0000,0,0,多换,B,2151.0000,0.0000,0.0000,0.0000,0.0000,2153.0000,0.0000,0.0000,0.0000,0.0000,1,0,0,0,0,2,0,0,0,0
zc,WT209,2012-06-21 09:13:27.050,2152.0000,2712,0,0.0000,0.0000,0,0,多换,B,2151.0000,0.0000,0.0000,0.0000,0.0000,2153.0000,0.0000,0.0000,0.0000,0.0000,1,0,0,0,0,3,0,0,0,0
zc,WT209,2012-06-21 09:13:27.770,2152.0000,2712,0,0.0000,0.0000,0,0,多换,B,2151.0000,0.0000,0.0000,0.0000,0.0000,2153.0000,0.0000,0.0000,0.0000,0.0000,1,0,0,0,0,2,0,0,0,0
zc,WT209,2012-06-21 09:13:28.253,2153.0000,2714,2,0.0000,2.0000,2,0,双开,B,2151.0000,0.0000,0.0000,0.0000,0.0000,2153.0000,0.0000,0.0000,0.0000,0.0000,1,0,0,0,0,1,0,0,0,0
zc,WT209,2012-06-21 09:13:30.753,2153.0000,2714,0,0.0000,2.0000,1,1,多换,B,2151.0000,0.0000,0.0000,0.0000,0.0000,2154.0000,0.0000,0.0000,0.0000,0.0000,1,0,0,0,0,10,0,0,0,0
zc,WT209,2012-06-21 09:13:34.723,2154.0000,2710,-4,0.0000,4.0000,0,4,双平,B,2151.0000,0.0000,0.0000,0.0000,0.0000,2154.0000,0.0000,0.0000,0.0000,0.0000,1,0,0,0,0,8,0,0,0,0
zc,WT209,2012-06-21 09:13:36.580,2154.0000,2710,0,0.0000,0.0000,0,0,多换,B,2151.0000,0.0000,0.0000,0.0000,0.0000,2154.0000,0.0000,0.0000,0.0000,0.0000,1,0,0,0,0,9,0,0,0,0
zc,WT209,2012-06-21 09:13:38.487,2154.0000,2710,0,0.0000,0.0000,0,0,多换,B,2151.0000,0.0000,0.0000,0.0000,0.0000,2154.0000,0.0000,0.0000,0.0000,0.0000,2,0,0,0,0,9,0,0,0,0
zc,WT209,2012-06-21 09:13:48.487,2154.0000,2710,0,0.0000,0.0000,0,0,多换,B,2151.0000,0.0000,0.0000,0.0000,0.0000,2154.0000,0.0000,0.0000,0.0000,0.0000,7,0,0,0,0,9,0,0,0,0
zc,WT209,2012-06-21 09:13:49.330,2154.0000,2710,0,0.0000,18.0000,9,9,多换,B,2151.0000,0.0000,0.0000,0.0000,0.0000,2155.0000,0.0000,0.0000,0.0000,0.0000,7,0,0,0,0,2,0,0,0,0
zc,WT209,2012-06-21 09:13:50.520,2155.0000,2710,0,0.0000,4.0000,2,2,多换,B,2155.0000,0.0000,0.0000,0.0000,0.0000,2156.0000,0.0000,0.0000,0.0000,0.0000,18,0,0,0,0,12,0,0,0,0
zc,WT209,2012-06-21 09:13:55.003,2155.0000,2710,0,0.0000,0.0000,0,0,多换,B,2155.0000,0.0000,0.0000,0.0000,0.0000,2156.0000,0.0000,0.0000,0.0000,0.0000,23,0,0,0,0,12,0,0,0,0
zc,WT209,2012-06-21 09:13:56.020,2155.0000,2710,0,0.0000,0.0000,0,0,多换,B,2155.0000,0.0000,0.0000,0.0000,0.0000,2156.0000,0.0000,0.0000,0.0000,0.0000,23,0,0,0,0,6,0,0,0,0
zc,WT209,2012-06-21 09:13:57.987,2156.0000,2710,0,0.0000,12.0000,6,6,多换,B,2156.0000,0.0000,0.0000,0.0000,0.0000,2157.0000,0.0000,0.0000,0.0000,0.0000,6,0,0,0,0,2,0,0,0,0
zc,WT209,2012-06-21 09:14:00.737,2156.0000,2710,0,0.0000,0.0000,0,0,多换,B,2156.0000,0.0000,0.0000,0.0000,0.0000,2157.0000,0.0000,0.0000,0.0000,0.0000,6,0,0,0,0,3,0,0,0,0
zc,WT209,2012-06-21 09:14:11.737,2156.0000,2710,0,0.0000,0.0000,0,0,多换,B,2156.0000,0.0000,0.0000,0.0000,0.0000,2157.0000,0.0000,0.0000,0.0000,0.0000,6,0,0,0,0,6,0,0,0,0
zc,WT209,2012-06-21 09:14:12.987,2156.0000,2704,-6,0.0000,8.0000,1,7,空平,B,2156.0000,0.0000,0.0000,0.0000,0.0000,2157.0000,0.0000,0.0000,0.0000,0.0000,5,0,0,0,0,3,0,0,0,0
zc,WT209,2012-06-21 09:14:13.723,2156.0000,2704,0,0.0000,0.0000,0,0,多换,B,2156.0000,0.0000,0.0000,0.0000,0.0000,2157.0000,0.0000,0.0000,0.0000,0.0000,5,0,0,0,0,5,0,0,0,0
zc,WT209,2012-06-21 09:14:20.253,2156.0000,2704,0,0.0000,0.0000,0,0,多换,B,2156.0000,0.0000,0.0000,0.0000,0.0000,2157.0000,0.0000,0.0000,0.0000,0.0000,7,0,0,0,0,5,0,0,0,0
zc,WT209,2012-06-21 09:14:20.783,2156.0000,2700,-4,0.0000,14.0000,5,9,空平,B,2155.0000,0.0000,0.0000,0.0000,0.0000,2156.0000,0.0000,0.0000,0.0000,0.0000,18,0,0,0,0,3,0,0,0,0
zc,WT209,2012-06-21 09:14:29.770,2156.0000,2700,0,0.0000,0.0000,0,0,多换,B,2155.0000,0.0000,0.0000,0.0000,0.0000,2156.0000,0.0000,0.0000,0.0000,0.0000,18,0,0,0,0,7,0,0,0,0
zc,WT209,2012-06-21 09:14:59.520,2155.0000,2700,0,0.0000,2.0000,1,1,空换,S,2155.0000,0.0000,0.0000,0.0000,0.0000,2156.0000,0.0000,0.0000,0.0000,0.0000,17,0,0,0,0,7,0,0,0,0
zc,WT209,2012-06-21 09:15:15.987,2155.0000,2700,0,0.0000,0.0000,0,0,空换,S,2155.0000,0.0000,0.0000,0.0000,0.0000,2156.0000,0.0000,0.0000,0.0000,0.0000,17,0,0,0,0,9,0,0,0,0
zc,WT209,2012-06-21 09:15:31.237,2155.0000,2700,0,0.0000,34.0000,17,17,空换,S,2151.0000,0.0000,0.0000,0.0000,0.0000,2156.0000,0.0000,0.0000,0.0000,0.0000,2,0,0,0,0,9,0,0,0,0
zc,WT209,2012-06-21 09:15:33.520,2155.0000,2700,0,0.0000,0.0000,0,0,空换,S,2151.0000,0.0000,0.0000,0.0000,0.0000,2155.0000,0.0000,0.0000,0.0000,0.0000,2,0,0,0,0,2,0,0,0,0
zc,WT209,2012-06-21 09:15:37.753,2151.0000,2700,0,0.0000,2.0000,1,1,空换,S,2151.0000,0.0000,0.0000,0.0000,0.0000,2155.0000,0.0000,0.0000,0.0000,0.0000,1,0,0,0,0,2,0,0,0,0
zc,WT209,2012-06-21 09:15:38.283,2151.0000,2700,0,0.0000,0.0000,0,0,空换,S,2152.0000,0.0000,0.0000,0.0000,0.0000,2155.0000,0.0000,0.0000,0.0000,0.0000,1,0,0,0,0,2,0,0,0,0
zc,WT209,2012-06-21 09:15:43.003,2152.0000,2702,2,0.0000,2.0000,2,0,双开,B,2151.0000,0.0000,0.0000,0.0000,0.0000,2155.0000,0.0000,0.0000,0.0000,0.0000,2,0,0,0,0,2,0,0,0,0
zc,WT209,2012-06-21 09:15:43.253,2152.0000,2702,0,0.0000,0.0000,0,0,多换,B,2151.0000,0.0000,0.0000,0.0000,0.0000,2154.0000,0.0000,0.0000,0.0000,0.0000,2,0,0,0,0,2,0,0,0,0
zc,WT209,2012-06-21 09:15:53.253,2152.0000,2702,0,0.0000,0.0000,0,0,多换,B,2151.0000,0.0000,0.0000,0.0000,0.0000,2154.0000,0.0000,0.0000,0.0000,0.0000,1,0,0,0,0,2,0,0,0,0
zc,WT209,2012-06-21 09:16:03.520,2152.0000,2702,0,0.0000,0.0000,0,0,多换,B,2151.0000,0.0000,0.0000,0.0000,0.0000,2154.0000,0.0000,0.0000,0.0000,0.0000,6,0,0,0,0,2,0,0,0,0
zc,WT209,2012-06-21 09:16:07.487,2152.0000,2702,0,0.0000,0.0000,0,0,多换,B,2151.0000,0.0000,0.0000,0.0000,0.0000,2154.0000,0.0000,0.0000,0.0000,0.0000,6,0,0,0,0,3,0,0,0,0
zc,WT209,2012-06-21 09:16:17.520,2152.0000,2702,0,0.0000,0.0000,0,0,多换,B,2151.0000,0.0000,0.0000,0.0000,0.0000,2154.0000,0.0000,0.0000,0.0000,0.0000,1,0,0,0,0,3,0,0,0,0
zc,WT209,2012-06-21 09:16:19.270,2152.0000,2702,0,0.0000,0.0000,0,0,多换,B,2152.0000,0.0000,0.0000,0.0000,0.0000,2154.0000,0.0000,0.0000,0.0000,0.0000,1,0,0,0,0,3,0,0,0,0
zc,WT209,2012-06-21 09:16:22.487,2152.0000,2702,0,0.0000,0.0000,0,0,多换,B,2152.0000,0.0000,0.0000,0.0000,0.0000,2154.0000,0.0000,0.0000,0.0000,0.0000,6,0,0,0,0,3,0,0,0,0
zc,WT209,2012-06-21 09:16:45.520,2152.0000,2702,0,0.0000,0.0000,0,0,多换,B,2153.0000,0.0000,0.0000,0.0000,0.0000,2154.0000,0.0000,0.0000,0.0000,0.0000,5,0,0,0,0,3,0,0,0,0
zc,WT209,2012-06-21 09:16:47.800,2152.0000,2702,0,0.0000,0.0000,0,0,多换,B,2153.0000,0.0000,0.0000,0.0000,0.0000,2154.0000,0.0000,0.0000,0.0000,0.0000,6,0,0,0,0,3,0,0,0,0
zc,WT209,2012-06-21 09:16:54.207,2152.0000,2702,0,0.0000,0.0000,0,0,多换,B,2153.0000,0.0000,0.0000,0.0000,0.0000,2154.0000,0.0000,0.0000,0.0000,0.0000,6,0,0,0,0,1,0,0,0,0
zc,WT209,2012-06-21 09:16:55.723,2154.0000,2704,2,0.0000,2.0000,2,0,双开,B,2153.0000,0.0000,0.0000,0.0000,0.0000,2155.0000,0.0000,0.0000,0.0000,0.0000,6,0,0,0,0,1,0,0,0,0
zc,WT209,2012-06-21 09:17:10.020,2154.0000,2704,0,0.0000,0.0000,0,0,多换,B,2154.0000,0.0000,0.0000,0.0000,0.0000,2155.0000,0.0000,0.0000,0.0000,0.0000,1,0,0,0,0,1,0,0,0,0
zc,WT209,2012-06-21 09:17:11.237,2154.0000,2704,0,0.0000,0.0000,0,0,多换,B,2154.0000,0.0000,0.0000,0.0000,0.0000,2155.0000,0.0000,0.0000,0.0000,0.0000,2,0,0,0,0,1,0,0,0,0
zc,WT209,2012-06-21 09:17:18.487,2155.0000,2704,0,0.0000,2.0000,1,1,多换,B,2154.0000,0.0000,0.0000,0.0000,0.0000,2156.0000,0.0000,0.0000,0.0000,0.0000,2,0,0,0,0,7,0,0,0,0
zc,WT209,2012-06-21 09:17:40.003,2156.0000,2692,-12,0.0000,12.0000,0,12,双平,B,2154.0000,0.0000,0.0000,0.0000,0.0000,2156.0000,0.0000,0.0000,0.0000,0.0000,2,0,0,0,0,1,0,0,0,0
zc,WT209,2012-06-21 09:17:41.770,2156.0000,2692,0,0.0000,2.0000,1,1,多换,B,2156.0000,0.0000,0.0000,0.0000,0.0000,2157.0000,0.0000,0.0000,0.0000,0.0000,1,0,0,0,0,3,0,0,0,0
zc,WT209,2012-06-21 09:17:48.020,2156.0000,2692,0,0.0000,0.0000,0,0,多换,B,2156.0000,0.0000,0.0000,0.0000,0.0000,2158.0000,0.0000,0.0000,0.0000,0.0000,1,0,0,0,0,6,0,0,0,0
zc,WT209,2012-06-21 09:17:49.003,2156.0000,2692,0,0.0000,0.0000,0,0,多换,B,2156.0000,0.0000,0.0000,0.0000,0.0000,2158.0000,0.0000,0.0000,0.0000,0.0000,1,0,0,0,0,4,0,0,0,0
zc,WT209,2012-06-21 09:17:49.520,2156.0000,2692,0,0.0000,0.0000,0,0,多换,B,2157.0000,0.0000,0.0000,0.0000,0.0000,2158.0000,0.0000,0.0000,0.0000,0.0000,1,0,0,0,0,4,0,0,0,0
zc,WT209,2012-06-21 09:17:55.487,2158.0000,2694,2,0.0000,8.0000,5,3,多开,B,2158.0000,0.0000,0.0000,0.0000,0.0000,2159.0000,0.0000,0.0000,0.0000,0.0000,1,0,0,0,0,2,0,0,0,0
zc,WT209,2012-06-21 09:17:58.503,2158.0000,2694,0,0.0000,2.0000,1,1,多换,B,2156.0000,0.0000,0.0000,0.0000,0.0000,2159.0000,0.0000,0.0000,0.0000,0.0000,1,0,0,0,0,2,0,0,0,0
zc,WT209,2012-06-21 09:17:59.753,2158.0000,2694,0,0.0000,0.0000,0,0,多换,B,2156.0000,0.0000,0.0000,0.0000,0.0000,2160.0000,0.0000,0.0000,0.0000,0.0000,1,0,0,0,0,4,0,0,0,0
zc,WT209,2012-06-21 09:18:05.003,2160.0000,2696,2,0.0000,2.0000,2,0,双开,B,2156.0000,0.0000,0.0000,0.0000,0.0000,2160.0000,0.0000,0.0000,0.0000,0.0000,1,0,0,0,0,3,0,0,0,0
zc,WT209,2012-06-21 09:18:16.050,2160.0000,2696,0,0.0000,0.0000,0,0,多换,B,2156.0000,0.0000,0.0000,0.0000,0.0000,2159.0000,0.0000,0.0000,0.0000,0.0000,1,0,0,0,0,1,0,0,0,0
zc,WT209,2012-06-21 09:18:19.003,2160.0000,2698,2,0.0000,2.0000,2,0,双开,B,2156.0000,0.0000,0.0000,0.0000,0.0000,2160.0000,0.0000,0.0000,0.0000,0.0000,1,0,0,0,0,3,0,0,0,0
zc,WT209,2012-06-21 09:18:20.737,2160.0000,2698,0,0.0000,6.0000,3,3,多换,B,2160.0000,0.0000,0.0000,0.0000,0.0000,2162.0000,0.0000,0.0000,0.0000,0.0000,8,0,0,0,0,3,0,0,0,0
zc,WT209,2012-06-21 09:18:25.987,2160.0000,2698,0,0.0000,0.0000,0,0,多换,B,2160.0000,0.0000,0.0000,0.0000,0.0000,2162.0000,0.0000,0.0000,0.0000,0.0000,5,0,0,0,0,3,0,0,0,0
zc,WT209,2012-06-21 09:18:26.487,2162.0000,2694,-4,0.0000,6.0000,1,5,空平,B,2160.0000,0.0000,0.0000,0.0000,0.0000,2163.0000,0.0000,0.0000,0.0000,0.0000,5,0,0,0,0,1,0,0,0,0
zc,WT209,2012-06-21 09:18:26.987,2162.0000,2694,0,0.0000,0.0000,0,0,多换,B,2153.0000,0.0000,0.0000,0.0000,0.0000,2163.0000,0.0000,0.0000,0.0000,0.0000,6,0,0,0,0,1,0,0,0,0
zc,WT209,2012-06-21 09:18:27.520,2162.0000,2694,0,0.0000,0.0000,0,0,多换,B,2162.0000,0.0000,0.0000,0.0000,0.0000,2163.0000,0.0000,0.0000,0.0000,0.0000,5,0,0,0,0,1,0,0,0,0
zc,WT209,2012-06-21 09:18:33.237,2162.0000,2694,0,0.0000,0.0000,0,0,多换,B,2160.0000,0.0000,0.0000,0.0000,0.0000,2163.0000,0.0000,0.0000,0.0000,0.0000,9,0,0,0,0,1,0,0,0,0
zc,WT209,2012-06-21 09:18:33.973,2163.0000,2692,-2,0.0000,2.0000,0,2,双平,B,2163.0000,0.0000,0.0000,0.0000,0.0000,2164.0000,0.0000,0.0000,0.0000,0.0000,4,0,0,0,0,2,0,0,0,0
zc,WT209,2012-06-21 09:18:35.473,2163.0000,2692,0,0.0000,8.0000,4,4,多换,B,2160.0000,0.0000,0.0000,0.0000,0.0000,2162.0000,0.0000,0.0000,0.0000,0.0000,9,0,0,0,0,1,0,0,0,0
zc,WT209,2012-06-21 09:18:36.237,2162.0000,2692,0,0.0000,2.0000,1,1,空换,S,2162.0000,0.0000,0.0000,0.0000,0.0000,2164.0000,0.0000,0.0000,0.0000,0.0000,1,0,0,0,0,2,0,0,0,0
zc,WT209,2012-06-21 09:18:40.753,2162.0000,2690,-2,0.0000,2.0000,0,2,双平,S,2155.0000,0.0000,0.0000,0.0000,0.0000,2164.0000,0.0000,0.0000,0.0000,0.0000,3,0,0,0,0,2,0,0,0,0
zc,WT209,2012-06-21 09:18:41.957,2162.0000,2690,0,0.0000,0.0000,0,0,空换,S,2155.0000,0.0000,0.0000,0.0000,0.0000,2164.0000,0.0000,0.0000,0.0000,0.0000,3,0,0,0,0,22,0,0,0,0
zc,WT209,2012-06-21 09:18:44.237,2162.0000,2690,0,0.0000,0.0000,0,0,空换,S,2155.0000,0.0000,0.0000,0.0000,0.0000,2163.0000,0.0000,0.0000,0.0000,0.0000,3,0,0,0,0,1,0,0,0,0
zc,WT209,2012-06-21 09:18:44.520,2162.0000,2690,0,0.0000,0.0000,0,0,空换,S,2155.0000,0.0000,0.0000,0.0000,0.0000,2162.0000,0.0000,0.0000,0.0000,0.0000,3,0,0,0,0,1,0,0,0,0
zc,WT209,2012-06-21 09:18:50.973,2162.0000,2690,0,0.0000,0.0000,0,0,空换,S,2156.0000,0.0000,0.0000,0.0000,0.0000,2162.0000,0.0000,0.0000,0.0000,0.0000,1,0,0,0,0,1,0,0,0,0
zc,WT209,2012-06-21 09:18:52.487,2162.0000,2690,0,0.0000,0.0000,0,0,空换,S,2156.0000,0.0000,0.0000,0.0000,0.0000,2162.0000,0.0000,0.0000,0.0000,0.0000,1,0,0,0,0,4,0,0,0,0
zc,WT209,2012-06-21 09:18:57.473,2162.0000,2690,0,0.0000,0.0000,0,0,空换,S,2157.0000,0.0000,0.0000,0.0000,0.0000,2162.0000,0.0000,0.0000,0.0000,0.0000,1,0,0,0,0,4,0,0,0,0
zc,WT209,2012-06-21 09:19:04.770,2162.0000,2690,0,0.0000,0.0000,0,0,空换,S,2157.0000,0.0000,0.0000,0.0000,0.0000,2161.0000,0.0000,0.0000,0.0000,0.0000,4,0,0,0,0,1,0,0,0,0
zc,WT209,2012-06-21 09:19:06.973,2162.0000,2690,0,0.0000,0.0000,0,0,空换,S,2158.0000,0.0000,0.0000,0.0000,0.0000,2161.0000,0.0000,0.0000,0.0000,0.0000,1,0,0,0,0,1,0,0,0,0
zc,WT209,2012-06-21 09:19:10.987,2162.0000,2690,0,0.0000,0.0000,0,0,空换,S,2158.0000,0.0000,0.0000,0.0000,0.0000,2161.0000,0.0000,0.0000,0.0000,0.0000,1,0,0,0,0,2,0,0,0,0
zc,WT209,2012-06-21 09:19:17.223,2162.0000,2690,0,0.0000,0.0000,0,0,空换,S,2158.0000,0.0000,0.0000,0.0000,0.0000,2160.0000,0.0000,0.0000,0.0000,0.0000,1,0,0,0,0,1,0,0,0,0
zc,WT209,2012-06-21 09:19:20.020,2162.0000,2690,0,0.0000,0.0000,0,0,空换,S,2158.0000,0.0000,0.0000,0.0000,0.0000,2160.0000,0.0000,0.0000,0.0000,0.0000,1,0,0,0,0,2,0,0,0,0
zc,WT209,2012-06-21 09:19:23.987,2162.0000,2690,0,0.0000,0.0000,0,0,空换,S,2158.0000,0.0000,0.0000,0.0000,0.0000,2160.0000,0.0000,0.0000,0.0000,0.0000,6,0,0,0,0,2,0,0,0,0
zc,WT209,2012-06-21 09:19:47.237,2162.0000,2690,0,0.0000,0.0000,0,0,空换,S,2158.0000,0.0000,0.0000,0.0000,0.0000,2160.0000,0.0000,0.0000,0.0000,0.0000,6,0,0,0,0,12,0,0,0,0
zc,WT209,2012-06-21 09:19:59.270,2158.0000,2688,-2,0.0000,2.0000,0,2,双平,S,2158.0000,0.0000,0.0000,0.0000,0.0000,2160.0000,0.0000,0.0000,0.0000,0.0000,5,0,0,0,0,12,0,0,0,0
zc,WT209,2012-06-21 09:20:00.473,2158.0000,2688,0,0.0000,2.0000,1,1,空换,S,2158.0000,0.0000,0.0000,0.0000,0.0000,2160.0000,0.0000,0.0000,0.0000,0.0000,4,0,0,0,0,12,0,0,0,0
zc,WT209,2012-06-21 09:20:07.317,2158.0000,2688,0,0.0000,0.0000,0,0,空换,S,2158.0000,0.0000,0.0000,0.0000,0.0000,2160.0000,0.0000,0.0000,0.0000,0.0000,4,0,0,0,0,11,0,0,0,0
zc,WT209,2012-06-21 09:20:11.973,2158.0000,2686,-2,0.0000,2.0000,0,2,双平,S,2158.0000,0.0000,0.0000,0.0000,0.0000,2160.0000,0.0000,0.0000,0.0000,0.0000,3,0,0,0,0,11,0,0,0,0
zc,WT209,2012-06-21 09:20:21.020,2160.0000,2686,0,0.0000,20.0000,10,10,多换,B,2158.0000,0.0000,0.0000,0.0000,0.0000,2160.0000,0.0000,0.0000,0.0000,0.0000,3,0,0,0,0,1,0,0,0,0
zc,WT209,2012-06-21 09:20:44.020,2160.0000,2688,2,0.0000,2.0000,2,0,双开,B,2158.0000,0.0000,0.0000,0.0000,0.0000,2161.0000,0.0000,0.0000,0.0000,0.0000,3,0,0,0,0,2,0,0,0,0
zc,WT209,2012-06-21 09:21:01.237,2160.0000,2688,0,0.0000,0.0000,0,0,多换,B,2159.0000,0.0000,0.0000,0.0000,0.0000,2161.0000,0.0000,0.0000,0.0000,0.0000,2,0,0,0,0,2,0,0,0,0
zc,WT209,2012-06-21 09:21:04.753,2159.0000,2686,-2,0.0000,2.0000,0,2,双平,S,2159.0000,0.0000,0.0000,0.0000,0.0000,2161.0000,0.0000,0.0000,0.0000,0.0000,1,0,0,0,0,2,0,0,0,0
zc,WT209,2012-06-21 09:21:09.473,2159.0000,2686,0,0.0000,0.0000,0,0,空换,S,2160.0000,0.0000,0.0000,0.0000,0.0000,2161.0000,0.0000,0.0000,0.0000,0.0000,1,0,0,0,0,2,0,0,0,0
zc,WT209,2012-06-21 09:21:14.753,2160.0000,2686,0,0.0000,2.0000,1,1,多换,B,2159.0000,0.0000,0.0000,0.0000,0.0000,2160.0000,0.0000,0.0000,0.0000,0.0000,1,0,0,0,0,26,0,0,0,0
zc,WT209,2012-06-21 09:21:15.723,2160.0000,2686,0,0.0000,0.0000,0,0,多换,B,2158.0000,0.0000,0.0000,0.0000,0.0000,2160.0000,0.0000,0.0000,0.0000,0.0000,3,0,0,0,0,26,0,0,0,0
zc,WT209,2012-06-21 09:21:21.753,2160.0000,2686,0,0.0000,0.0000,0,0,多换,B,2158.0000,0.0000,0.0000,0.0000,0.0000,2161.0000,0.0000,0.0000,0.0000,0.0000,3,0,0,0,0,2,0,0,0,0
zc,WT209,2012-06-21 09:21:44.223,2160.0000,2686,0,0.0000,0.0000,0,0,多换,B,2158.0000,0.0000,0.0000,0.0000,0.0000,2161.0000,0.0000,0.0000,0.0000,0.0000,3,0,0,0,0,4,0,0,0,0
zc,WT209,2012-06-21 09:21:48.207,2160.0000,2686,0,0.0000,0.0000,0,0,多换,B,2158.0000,0.0000,0.0000,0.0000,0.0000,2160.0000,0.0000,0.0000,0.0000,0.0000,3,0,0,0,0,1,0,0,0,0
zc,WT209,2012-06-21 09:21:54.707,2160.0000,2686,0,0.0000,0.0000,0,0,多换,B,2158.0000,0.0000,0.0000,0.0000,0.0000,2160.0000,0.0000,0.0000,0.0000,0.0000,3,0,0,0,0,11,0,0,0,0
zc,WT209,2012-06-21 09:22:05.940,2160.0000,2686,0,0.0000,0.0000,0,0,多换,B,2158.0000,0.0000,0.0000,0.0000,0.0000,2160.0000,0.0000,0.0000,0.0000,0.0000,3,0,0,0,0,11,0,0,0,0
zc,WT209,2012-06-21 09:22:16.253,2160.0000,2678,-8,0.0000,10.0000,1,9,空平,B,2158.0000,0.0000,0.0000,0.0000,0.0000,2160.0000,0.0000,0.0000,0.0000,0.0000,3,0,0,0,0,6,0,0,0,0
zc,WT209,2012-06-21 09:22:26.223,2160.0000,2668,-10,0.0000,10.0000,0,10,双平,B,2158.0000,0.0000,0.0000,0.0000,0.0000,2160.0000,0.0000,0.0000,0.0000,0.0000,3,0,0,0,0,1,0,0,0,0
zc,WT209,2012-06-21 09:22:26.723,2160.0000,2668,0,0.0000,0.0000,0,0,多换,B,2158.0000,0.0000,0.0000,0.0000,0.0000,2160.0000,0.0000,0.0000,0.0000,0.0000,3,0,0,0,0,2,0,0,0,0
zc,WT209,2012-06-21 09:22:40.737,2160.0000,2668,0,0.0000,0.0000,0,0,多换,B,2158.0000,0.0000,0.0000,0.0000,0.0000,2160.0000,0.0000,0.0000,0.0000,0.0000,3,0,0,0,0,3,0,0,0,0
zc,WT209,2012-06-21 09:22:46.020,2160.0000,2668,0,0.0000,0.0000,0,0,多换,B,2159.0000,0.0000,0.0000,0.0000,0.0000,2160.0000,0.0000,0.0000,0.0000,0.0000,3,0,0,0,0,3,0,0,0,0
zc,WT209,2012-06-21 09:23:08.503,2160.0000,2668,0,0.0000,0.0000,0,0,多换,B,2159.0000,0.0000,0.0000,0.0000,0.0000,2160.0000,0.0000,0.0000,0.0000,0.0000,3,0,0,0,0,2,0,0,0,0
zc,WT209,2012-06-21 09:23:09.270,2160.0000,2668,0,0.0000,2.0000,1,1,多换,B,2159.0000,0.0000,0.0000,0.0000,0.0000,2160.0000,0.0000,0.0000,0.0000,0.0000,3,0,0,0,0,1,0,0,0,0
zc,WT209,2012-06-21 09:23:11.503,2159.0000,2662,-6,0.0000,6.0000,0,6,双平,S,2158.0000,0.0000,0.0000,0.0000,0.0000,2160.0000,0.0000,0.0000,0.0000,0.0000,3,0,0,0,0,1,0,0,0,0
zc,WT209,2012-06-21 09:23:14.457,2159.0000,2662,0,0.0000,0.0000,0,0,空换,S,2158.0000,0.0000,0.0000,0.0000,0.0000,2161.0000,0.0000,0.0000,0.0000,0.0000,3,0,0,0,0,3,0,0,0,0
zc,WT209,2012-06-21 09:23:19.020,2159.0000,2662,0,0.0000,0.0000,0,0,空换,S,2158.0000,0.0000,0.0000,0.0000,0.0000,2161.0000,0.0000,0.0000,0.0000,0.0000,3,0,0,0,0,1,0,0,0,0
zc,WT209,2012-06-21 09:23:21.503,2159.0000,2662,0,0.0000,0.0000,0,0,空换,S,2158.0000,0.0000,0.0000,0.0000,0.0000,2162.0000,0.0000,0.0000,0.0000,0.0000,3,0,0,0,0,2,0,0,0,0
zc,WT209,2012-06-21 09:23:23.737,2159.0000,2662,0,0.0000,0.0000,0,0,空换,S,2161.0000,0.0000,0.0000,0.0000,0.0000,2162.0000,0.0000,0.0000,0.0000,0.0000,1,0,0,0,0,2,0,0,0,0
zc,WT209,2012-06-21 09:23:26.223,2159.0000,2662,0,0.0000,0.0000,0,0,空换,S,2158.0000,0.0000,0.0000,0.0000,0.0000,2162.0000,0.0000,0.0000,0.0000,0.0000,3,0,0,0,0,2,0,0,0,0
zc,WT209,2012-06-21 09:23:31.973,2162.0000,2662,0,0.0000,2.0000,1,1,多换,B,2158.0000,0.0000,0.0000,0.0000,0.0000,2162.0000,0.0000,0.0000,0.0000,0.0000,3,0,0,0,0,1,0,0,0,0
zc,WT209,2012-06-21 09:23:40.020,2162.0000,2662,0,0.0000,0.0000,0,0,多换,B,2158.0000,0.0000,0.0000,0.0000,0.0000,2162.0000,0.0000,0.0000,0.0000,0.0000,3,0,0,0,0,2,0,0,0,0
zc,WT209,2012-06-21 09:23:41.223,2162.0000,2662,0,0.0000,2.0000,1,1,多换,B,2158.0000,0.0000,0.0000,0.0000,0.0000,2162.0000,0.0000,0.0000,0.0000,0.0000,3,0,0,0,0,1,0,0,0,0
zc,WT209,2012-06-21 09:23:50.300,2162.0000,2662,0,0.0000,2.0000,1,1,多换,B,2158.0000,0.0000,0.0000,0.0000,0.0000,2163.0000,0.0000,0.0000,0.0000,0.0000,3,0,0,0,0,5,0,0,0,0
zc,WT209,2012-06-21 09:23:56.723,2162.0000,2662,0,0.0000,0.0000,0,0,多换,B,2158.0000,0.0000,0.0000,0.0000,0.0000,2162.0000,0.0000,0.0000,0.0000,0.0000,3,0,0,0,0,1,0,0,0,0
zc,WT209,2012-06-21 09:24:03.487,2162.0000,2662,0,0.0000,0.0000,0,0,多换,B,2158.0000,0.0000,0.0000,0.0000,0.0000,2162.0000,0.0000,0.0000,0.0000,0.0000,3,0,0,0,0,2,0,0,0,0
zc,WT209,2012-06-21 09:24:05.940,2162.0000,2662,0,0.0000,0.0000,0,0,多换,B,2158.0000,0.0000,0.0000,0.0000,0.0000,2162.0000,0.0000,0.0000,0.0000,0.0000,3,0,0,0,0,2,0,0,0,0
zc,WT209,2012-06-21 09:24:13.003,2162.0000,2662,0,0.0000,4.0000,2,2,多换,B,2158.0000,0.0000,0.0000,0.0000,0.0000,2163.0000,0.0000,0.0000,0.0000,0.0000,3,0,0,0,0,5,0,0,0,0
zc,WT209,2012-06-21 09:24:13.987,2162.0000,2662,0,0.0000,0.0000,0,0,多换,B,2158.0000,0.0000,0.0000,0.0000,0.0000,2163.0000,0.0000,0.0000,0.0000,0.0000,4,0,0,0,0,5,0,0,0,0
zc,WT209,2012-06-21 09:24:26.237,2163.0000,2652,-10,0.0000,10.0000,0,10,双平,B,2158.0000,0.0000,0.0000,0.0000,0.0000,2164.0000,0.0000,0.0000,0.0000,0.0000,4,0,0,0,0,22,0,0,0,0
zc,WT209,2012-06-21 09:24:26.973,2158.0000,2650,-2,0.0000,2.0000,0,2,双平,S,2158.0000,0.0000,0.0000,0.0000,0.0000,2164.0000,0.0000,0.0000,0.0000,0.0000,3,0,0,0,0,22,0,0,0,0
zc,WT209,2012-06-21 09:24:31.503,2158.0000,2650,0,0.0000,0.0000,0,0,空换,S,2158.0000,0.0000,0.0000,0.0000,0.0000,2164.0000,0.0000,0.0000,0.0000,0.0000,4,0,0,0,0,22,0,0,0,0
zc,WT209,2012-06-21 09:24:32.207,2158.0000,2650,0,0.0000,0.0000,0,0,空换,S,2158.0000,0.0000,0.0000,0.0000,0.0000,2163.0000,0.0000,0.0000,0.0000,0.0000,4,0,0,0,0,1,0,0,0,0
zc,WT209,2012-06-21 09:24:34.520,2158.0000,2650,0,0.0000,0.0000,0,0,空换,S,2158.0000,0.0000,0.0000,0.0000,0.0000,2163.0000,0.0000,0.0000,0.0000,0.0000,4,0,0,0,0,2,0,0,0,0
zc,WT209,2012-06-21 09:24:37.487,2158.0000,2650,0,0.0000,0.0000,0,0,空换,S,2158.0000,0.0000,0.0000,0.0000,0.0000,2163.0000,0.0000,0.0000,0.0000,0.0000,4,0,0,0,0,5,0,0,0,0
zc,WT209,2012-06-21 09:24:49.300,2158.0000,2650,0,0.0000,0.0000,0,0,空换,S,2158.0000,0.0000,0.0000,0.0000,0.0000,2162.0000,0.0000,0.0000,0.0000,0.0000,4,0,0,0,0,1,0,0,0,0
zc,WT209,2012-06-21 09:24:53.253,2158.0000,2650,0,0.0000,0.0000,0,0,空换,S,2158.0000,0.0000,0.0000,0.0000,0.0000,2162.0000,0.0000,0.0000,0.0000,0.0000,24,0,0,0,0,1,0,0,0,0
zc,WT209,2012-06-21 09:25:17.020,2158.0000,2650,0,0.0000,0.0000,0,0,空换,S,2159.0000,0.0000,0.0000,0.0000,0.0000,2162.0000,0.0000,0.0000,0.0000,0.0000,1,0,0,0,0,1,0,0,0,0
zc,WT209,2012-06-21 09:25:18.253,2158.0000,2650,0,0.0000,0.0000,0,0,空换,S,2159.0000,0.0000,0.0000,0.0000,0.0000,2162.0000,0.0000,0.0000,0.0000,0.0000,1,0,0,0,0,10,0,0,0,0
zc,WT209,2012-06-21 09:25:45.223,2162.0000,2650,0,0.0000,20.0000,10,10,多换,B,2159.0000,0.0000,0.0000,0.0000,0.0000,2163.0000,0.0000,0.0000,0.0000,0.0000,1,0,0,0,0,3,0,0,0,0
zc,WT209,2012-06-21 09:25:45.737,2162.0000,2650,0,0.0000,0.0000,0,0,多换,B,2159.0000,0.0000,0.0000,0.0000,0.0000,2163.0000,0.0000,0.0000,0.0000,0.0000,2,0,0,0,0,3,0,0,0,0
zc,WT209,2012-06-21 09:25:54.973,2162.0000,2650,0,0.0000,0.0000,0,0,多换,B,2159.0000,0.0000,0.0000,0.0000,0.0000,2163.0000,0.0000,0.0000,0.0000,0.0000,2,0,0,0,0,4,0,0,0,0
zc,WT209,2012-06-21 09:25:58.723,2162.0000,2650,0,0.0000,0.0000,0,0,多换,B,2159.0000,0.0000,0.0000,0.0000,0.0000,2163.0000,0.0000,0.0000,0.0000,0.0000,2,0,0,0,0,9,0,0,0,0
zc,WT209,2012-06-21 09:26:05.940,2162.0000,2650,0,0.0000,0.0000,0,0,多换,B,2159.0000,0.0000,0.0000,0.0000,0.0000,2163.0000,0.0000,0.0000,0.0000,0.0000,2,0,0,0,0,9,0,0,0,0
zc,WT209,2012-06-21 09:26:23.487,2162.0000,2650,0,0.0000,0.0000,0,0,多换,B,2159.0000,0.0000,0.0000,0.0000,0.0000,2163.0000,0.0000,0.0000,0.0000,0.0000,3,0,0,0,0,9,0,0,0,0
zc,WT209,2012-06-21 09:26:26.003,2163.0000,2638,-12,0.0000,18.0000,3,15,空平,B,2159.0000,0.0000,0.0000,0.0000,0.0000,2164.0000,0.0000,0.0000,0.0000,0.0000,3,0,0,0,0,22,0,0,0,0
zc,WT209,2012-06-21 09:26:32.783,2164.0000,2594,-44,0.0000,44.0000,0,44,双平,B,2160.0000,0.0000,0.0000,0.0000,0.0000,2165.0000,0.0000,0.0000,0.0000,0.0000,3,0,0,0,0,14,0,0,0,0
zc,WT209,2012-06-21 09:26:44.003,2165.0000,2566,-28,0.0000,28.0000,0,28,双平,B,2160.0000,0.0000,0.0000,0.0000,0.0000,2166.0000,0.0000,0.0000,0.0000,0.0000,3,0,0,0,0,6,0,0,0,0
zc,WT209,2012-06-21 09:26:45.020,2165.0000,2566,0,0.0000,0.0000,0,0,多换,B,2161.0000,0.0000,0.0000,0.0000,0.0000,2166.0000,0.0000,0.0000,0.0000,0.0000,1,0,0,0,0,6,0,0,0,0
zc,WT209,2012-06-21 09:26:54.283,2165.0000,2566,0,0.0000,0.0000,0,0,多换,B,2161.0000,0.0000,0.0000,0.0000,0.0000,2167.0000,0.0000,0.0000,0.0000,0.0000,1,0,0,0,0,13,0,0,0,0
zc,WT209,2012-06-21 09:26:54.973,2165.0000,2566,0,0.0000,0.0000,0,0,多换,B,2166.0000,0.0000,0.0000,0.0000,0.0000,2167.0000,0.0000,0.0000,0.0000,0.0000,1,0,0,0,0,13,0,0,0,0
zc,WT209,2012-06-21 09:26:58.033,2166.0000,2564,-2,0.0000,2.0000,0,2,双平,B,2161.0000,0.0000,0.0000,0.0000,0.0000,2166.0000,0.0000,0.0000,0.0000,0.0000,4,0,0,0,0,5,0,0,0,0
zc,WT209,2012-06-21 09:27:06.080,2166.0000,2564,0,0.0000,0.0000,0,0,多换,B,2162.0000,0.0000,0.0000,0.0000,0.0000,2166.0000,0.0000,0.0000,0.0000,0.0000,1,0,0,0,0,5,0,0,0,0
zc,WT209,2012-06-21 09:27:12.520,2166.0000,2554,-10,0.0000,10.0000,0,10,双平,B,2162.0000,0.0000,0.0000,0.0000,0.0000,2167.0000,0.0000,0.0000,0.0000,0.0000,1,0,0,0,0,4,0,0,0,0
zc,WT209,2012-06-21 09:27:16.487,2166.0000,2554,0,0.0000,0.0000,0,0,多换,B,2162.0000,0.0000,0.0000,0.0000,0.0000,2167.0000,0.0000,0.0000,0.0000,0.0000,3,0,0,0,0,4,0,0,0,0
zc,WT209,2012-06-21 09:27:20.003,2166.0000,2554,0,0.0000,0.0000,0,0,多换,B,2162.0000,0.0000,0.0000,0.0000,0.0000,2167.0000,0.0000,0.0000,0.0000,0.0000,18,0,0,0,0,4,0,0,0,0
zc,WT209,2012-06-21 09:27:27.723,2166.0000,2554,0,0.0000,0.0000,0,0,多换,B,2163.0000,0.0000,0.0000,0.0000,0.0000,2167.0000,0.0000,0.0000,0.0000,0.0000,1,0,0,0,0,4,0,0,0,0
zc,WT209,2012-06-21 09:27:34.723,2166.0000,2554,0,0.0000,0.0000,0,0,多换,B,2163.0000,0.0000,0.0000,0.0000,0.0000,2166.0000,0.0000,0.0000,0.0000,0.0000,1,0,0,0,0,1,0,0,0,0
zc,WT209,2012-06-21 09:27:37.457,2166.0000,2554,0,0.0000,0.0000,0,0,多换,B,2163.0000,0.0000,0.0000,0.0000,0.0000,2166.0000,0.0000,0.0000,0.0000,0.0000,1,0,0,0,0,3,0,0,0,0
zc,WT209,2012-06-21 09:27:42.753,2166.0000,2554,0,0.0000,0.0000,0,0,多换,B,2162.0000,0.0000,0.0000,0.0000,0.0000,2166.0000,0.0000,0.0000,0.0000,0.0000,18,0,0,0,0,3,0,0,0,0
zc,WT209,2012-06-21 09:27:43.440,2166.0000,2554,0,0.0000,0.0000,0,0,多换,B,2162.0000,0.0000,0.0000,0.0000,0.0000,2165.0000,0.0000,0.0000,0.0000,0.0000,18,0,0,0,0,1,0,0,0,0
zc,WT209,2012-06-21 09:28:06.033,2166.0000,2554,0,0.0000,0.0000,0,0,多换,B,2162.0000,0.0000,0.0000,0.0000,0.0000,2166.0000,0.0000,0.0000,0.0000,0.0000,18,0,0,0,0,24,0,0,0,0
zc,WT209,2012-06-21 09:28:21.223,2166.0000,2554,0,0.0000,0.0000,0,0,多换,B,2162.0000,0.0000,0.0000,0.0000,0.0000,2165.0000,0.0000,0.0000,0.0000,0.0000,18,0,0,0,0,1,0,0,0,0
zc,WT209,2012-06-21 09:28:23.973,2166.0000,2554,0,0.0000,0.0000,0,0,多换,B,2162.0000,0.0000,0.0000,0.0000,0.0000,2165.0000,0.0000,0.0000,0.0000,0.0000,18,0,0,0,0,2,0,0,0,0
zc,WT209,2012-06-21 09:28:33.503,2162.0000,2550,-4,0.0000,36.0000,16,20,多平,S,2161.0000,0.0000,0.0000,0.0000,0.0000,2162.0000,0.0000,0.0000,0.0000,0.0000,3,0,0,0,0,7,0,0,0,0
zc,WT209,2012-06-21 09:28:40.723,2162.0000,2536,-14,0.0000,14.0000,0,14,双平,S,2162.0000,0.0000,0.0000,0.0000,0.0000,2165.0000,0.0000,0.0000,0.0000,0.0000,5,0,0,0,0,2,0,0,0,0
zc,WT209,2012-06-21 09:28:42.987,2162.0000,2536,0,0.0000,0.0000,0,0,空换,S,2162.0000,0.0000,0.0000,0.0000,0.0000,2164.0000,0.0000,0.0000,0.0000,0.0000,5,0,0,0,0,1,0,0,0,0
zc,WT209,2012-06-21 09:28:52.237,2162.0000,2536,0,0.0000,0.0000,0,0,空换,S,2162.0000,0.0000,0.0000,0.0000,0.0000,2164.0000,0.0000,0.0000,0.0000,0.0000,15,0,0,0,0,1,0,0,0,0
zc,WT209,2012-06-21 09:28:56.237,2164.0000,2536,0,0.0000,2.0000,1,1,多换,B,2162.0000,0.0000,0.0000,0.0000,0.0000,2165.0000,0.0000,0.0000,0.0000,0.0000,15,0,0,0,0,5,0,0,0,0
zc,WT209,2012-06-21 09:29:00.473,2164.0000,2536,0,0.0000,0.0000,0,0,多换,B,2162.0000,0.0000,0.0000,0.0000,0.0000,2165.0000,0.0000,0.0000,0.0000,0.0000,15,0,0,0,0,4,0,0,0,0
zc,WT209,2012-06-21 09:29:04.190,2164.0000,2536,0,0.0000,0.0000,0,0,多换,B,2163.0000,0.0000,0.0000,0.0000,0.0000,2165.0000,0.0000,0.0000,0.0000,0.0000,5,0,0,0,0,4,0,0,0,0
zc,WT209,2012-06-21 09:29:22.050,2163.0000,2534,-2,0.0000,2.0000,0,2,双平,S,2163.0000,0.0000,0.0000,0.0000,0.0000,2165.0000,0.0000,0.0000,0.0000,0.0000,4,0,0,0,0,4,0,0,0,0
zc,WT209,2012-06-21 09:29:22.533,2163.0000,2534,0,0.0000,0.0000,0,0,空换,S,2163.0000,0.0000,0.0000,0.0000,0.0000,2165.0000,0.0000,0.0000,0.0000,0.0000,4,0,0,0,0,5,0,0,0,0
zc,WT209,2012-06-21 09:29:26.253,2163.0000,2526,-8,0.0000,8.0000,0,8,双平,S,2162.0000,0.0000,0.0000,0.0000,0.0000,2165.0000,0.0000,0.0000,0.0000,0.0000,10,0,0,0,0,5,0,0,0,0
zc,WT209,2012-06-21 09:29:44.207,2162.0000,2524,-2,0.0000,2.0000,0,2,双平,S,2162.0000,0.0000,0.0000,0.0000,0.0000,2165.0000,0.0000,0.0000,0.0000,0.0000,9,0,0,0,0,5,0,0,0,0
zc,WT209,2012-06-21 09:29:48.473,2162.0000,2524,0,0.0000,0.0000,0,0,空换,S,2162.0000,0.0000,0.0000,0.0000,0.0000,2165.0000,0.0000,0.0000,0.0000,0.0000,12,0,0,0,0,5,0,0,0,0
zc,WT209,2012-06-21 09:29:48.770,2162.0000,2524,0,0.0000,0.0000,0,0,空换,S,2162.0000,0.0000,0.0000,0.0000,0.0000,2165.0000,0.0000,0.0000,0.0000,0.0000,12,0,0,0,0,7,0,0,0,0
zc,WT209,2012-06-21 09:29:49.473,2162.0000,2524,0,0.0000,0.0000,0,0,空换,S,2163.0000,0.0000,0.0000,0.0000,0.0000,2165.0000,0.0000,0.0000,0.0000,0.0000,113,0,0,0,0,7,0,0,0,0
zc,WT209,2012-06-21 09:29:51.770,2162.0000,2524,0,0.0000,0.0000,0,0,空换,S,2163.0000,0.0000,0.0000,0.0000,0.0000,2164.0000,0.0000,0.0000,0.0000,0.0000,113,0,0,0,0,1,0,0,0,0
zc,WT209,2012-06-21 09:30:11.987,2164.0000,2522,-2,0.0000,2.0000,0,2,双平,B,2163.0000,0.0000,0.0000,0.0000,0.0000,2165.0000,0.0000,0.0000,0.0000,0.0000,113,0,0,0,0,5,0,0,0,0
zc,WT209,2012-06-21 09:30:15.003,2163.0000,2520,-2,0.0000,2.0000,0,2,双平,S,2163.0000,0.0000,0.0000,0.0000,0.0000,2165.0000,0.0000,0.0000,0.0000,0.0000,112,0,0,0,0,5,0,0,0,0
zc,WT209,2012-06-21 09:30:19.737,2163.0000,2520,0,0.0000,0.0000,0,0,空换,S,2162.0000,0.0000,0.0000,0.0000,0.0000,2165.0000,0.0000,0.0000,0.0000,0.0000,3,0,0,0,0,5,0,0,0,0
zc,WT209,2012-06-21 09:30:27.987,2163.0000,2520,0,0.0000,0.0000,0,0,空换,S,2162.0000,0.0000,0.0000,0.0000,0.0000,2165.0000,0.0000,0.0000,0.0000,0.0000,3,0,0,0,0,6,0,0,0,0
zc,WT209,2012-06-21 09:30:35.987,2162.0000,2520,0,0.0000,6.0000,3,3,空换,S,2160.0000,0.0000,0.0000,0.0000,0.0000,2165.0000,0.0000,0.0000,0.0000,0.0000,10,0,0,0,0,6,0,0,0,0
zc,WT209,2012-06-21 09:30:44.207,2162.0000,2520,0,0.0000,0.0000,0,0,空换,S,2160.0000,0.0000,0.0000,0.0000,0.0000,2164.0000,0.0000,0.0000,0.0000,0.0000,10,0,0,0,0,3,0,0,0,0
zc,WT209,2012-06-21 09:30:46.270,2162.0000,2520,0,0.0000,0.0000,0,0,空换,S,2160.0000,0.0000,0.0000,0.0000,0.0000,2164.0000,0.0000,0.0000,0.0000,0.0000,10,0,0,0,0,4,0,0,0,0
zc,WT209,2012-06-21 09:30:49.753,2162.0000,2520,0,0.0000,0.0000,0,0,空换,S,2160.0000,0.0000,0.0000,0.0000,0.0000,2162.0000,0.0000,0.0000,0.0000,0.0000,10,0,0,0,0,1,0,0,0,0
zc,WT209,2012-06-21 09:30:58.270,2162.0000,2518,-2,0.0000,2.0000,0,2,双平,S,2162.0000,0.0000,0.0000,0.0000,0.0000,2164.0000,0.0000,0.0000,0.0000,0.0000,11,0,0,0,0,4,0,0,0,0
zc,WT209,2012-06-21 09:31:12.707,2162.0000,2518,0,0.0000,0.0000,0,0,空换,S,2162.0000,0.0000,0.0000,0.0000,0.0000,2164.0000,0.0000,0.0000,0.0000,0.0000,11,0,0,0,0,3,0,0,0,0
zc,WT209,2012-06-21 09:32:24.253,2162.0000,2518,0,0.0000,0.0000,0,0,空换,S,2162.0000,0.0000,0.0000,0.0000,0.0000,2164.0000,0.0000,0.0000,0.0000,0.0000,11,0,0,0,0,4,0,0,0,0
zc,WT209,2012-06-21 09:32:36.473,2162.0000,2518,0,0.0000,0.0000,0,0,空换,S,2162.0000,0.0000,0.0000,0.0000,0.0000,2164.0000,0.0000,0.0000,0.0000,0.0000,11,0,0,0,0,1,0,0,0,0
zc,WT209,2012-06-21 09:33:48.973,2162.0000,2516,-2,0.0000,2.0000,0,2,双平,S,2162.0000,0.0000,0.0000,0.0000,0.0000,2164.0000,0.0000,0.0000,0.0000,0.0000,10,0,0,0,0,1,0,0,0,0
zc,WT209,2012-06-21 09:34:08.237,2162.0000,2516,0,0.0000,0.0000,0,0,空换,S,2162.0000,0.0000,0.0000,0.0000,0.0000,2164.0000,0.0000,0.0000,0.0000,0.0000,10,0,0,0,0,2,0,0,0,0
zc,WT209,2012-06-21 09:35:05.940,2162.0000,2516,0,0.0000,0.0000,0,0,空换,S,2162.0000,0.0000,0.0000,0.0000,0.0000,2164.0000,0.0000,0.0000,0.0000,0.0000,10,0,0,0,0,2,0,0,0,0
zc,WT209,2012-06-21 09:36:03.190,2162.0000,2516,0,0.0000,0.0000,0,0,空换,S,2162.0000,0.0000,0.0000,0.0000,0.0000,2163.0000,0.0000,0.0000,0.0000,0.0000,10,0,0,0,0,2,0,0,0,0
zc,WT209,2012-06-21 09:36:04.207,2162.0000,2514,-2,0.0000,2.0000,0,2,双平,S,2162.0000,0.0000,0.0000,0.0000,0.0000,2163.0000,0.0000,0.0000,0.0000,0.0000,9,0,0,0,0,2,0,0,0,0
zc,WT209,2012-06-21 09:36:09.973,2162.0000,2512,-2,0.0000,2.0000,0,2,双平,S,2162.0000,0.0000,0.0000,0.0000,0.0000,2163.0000,0.0000,0.0000,0.0000,0.0000,8,0,0,0,0,2,0,0,0,0
zc,WT209,2012-06-21 09:36:11.927,2162.0000,2508,-4,0.0000,4.0000,0,4,双平,S,2162.0000,0.0000,0.0000,0.0000,0.0000,2163.0000,0.0000,0.0000,0.0000,0.0000,6,0,0,0,0,2,0,0,0,0
zc,WT209,2012-06-21 09:36:14.207,2162.0000,2504,-4,0.0000,4.0000,0,4,双平,S,2162.0000,0.0000,0.0000,0.0000,0.0000,2163.0000,0.0000,0.0000,0.0000,0.0000,4,0,0,0,0,2,0,0,0,0
zc,WT209,2012-06-21 09:36:15.987,2162.0000,2502,-2,0.0000,2.0000,0,2,双平,S,2162.0000,0.0000,0.0000,0.0000,0.0000,2163.0000,0.0000,0.0000,0.0000,0.0000,3,0,0,0,0,2,0,0,0,0
zc,WT209,2012-06-21 09:36:18.223,2162.0000,2498,-4,0.0000,4.0000,0,4,双平,S,2162.0000,0.0000,0.0000,0.0000,0.0000,2163.0000,0.0000,0.0000,0.0000,0.0000,1,0,0,0,0,2,0,0,0,0
zc,WT209,2012-06-21 09:36:19.473,2162.0000,2498,0,0.0000,0.0000,0,0,空换,S,2162.0000,0.0000,0.0000,0.0000,0.0000,2164.0000,0.0000,0.0000,0.0000,0.0000,1,0,0,0,0,2,0,0,0,0
zc,WT209,2012-06-21 09:36:20.473,2162.0000,2498,0,0.0000,2.0000,1,1,空换,S,2160.0000,0.0000,0.0000,0.0000,0.0000,2164.0000,0.0000,0.0000,0.0000,0.0000,10,0,0,0,0,2,0,0,0,0
zc,WT209,2012-06-21 09:36:28.533,2162.0000,2498,0,0.0000,0.0000,0,0,空换,S,2160.0000,0.0000,0.0000,0.0000,0.0000,2162.0000,0.0000,0.0000,0.0000,0.0000,10,0,0,0,0,2,0,0,0,0
zc,WT209,2012-06-21 09:36:34.927,2162.0000,2498,0,0.0000,0.0000,0,0,空换,S,2160.0000,0.0000,0.0000,0.0000,0.0000,2162.0000,0.0000,0.0000,0.0000,0.0000,10,0,0,0,0,3,0,0,0,0
zc,WT209,2012-06-21 09:37:00.190,2162.0000,2498,0,0.0000,0.0000,0,0,空换,S,2161.0000,0.0000,0.0000,0.0000,0.0000,2162.0000,0.0000,0.0000,0.0000,0.0000,10,0,0,0,0,3,0,0,0,0
zc,WT209,2012-06-21 09:37:05.473,2162.0000,2498,0,0.0000,0.0000,0,0,空换,S,2161.0000,0.0000,0.0000,0.0000,0.0000,2162.0000,0.0000,0.0000,0.0000,0.0000,10,0,0,0,0,2,0,0,0,0
zc,WT209,2012-06-21 09:37:05.940,2162.0000,2498,0,0.0000,0.0000,0,0,空换,S,2161.0000,0.0000,0.0000,0.0000,0.0000,2162.0000,0.0000,0.0000,0.0000,0.0000,10,0,0,0,0,2,0,0,0,0
zc,WT209,2012-06-21 09:37:10.723,2162.0000,2498,0,0.0000,0.0000,0,0,空换,S,2161.0000,0.0000,0.0000,0.0000,0.0000,2162.0000,0.0000,0.0000,0.0000,0.0000,10,0,0,0,0,3,0,0,0,0
zc,WT209,2012-06-21 09:38:03.487,2162.0000,2498,0,0.0000,0.0000,0,0,空换,S,2161.0000,0.0000,0.0000,0.0000,0.0000,2162.0000,0.0000,0.0000,0.0000,0.0000,10,0,0,0,0,1,0,0,0,0
zc,WT209,2012-06-21 09:39:22.207,2161.0000,2498,0,0.0000,4.0000,2,2,空换,S,2161.0000,0.0000,0.0000,0.0000,0.0000,2162.0000,0.0000,0.0000,0.0000,0.0000,8,0,0,0,0,1,0,0,0,0
zc,WT209,2012-06-21 09:39:54.940,2161.0000,2500,2,0.0000,2.0000,2,0,双开,S,2161.0000,0.0000,0.0000,0.0000,0.0000,2162.0000,0.0000,0.0000,0.0000,0.0000,7,0,0,0,0,1,0,0,0,0
zc,WT209,2012-06-21 09:40:05.207,2161.0000,2500,0,0.0000,14.0000,7,7,空换,S,2160.0000,0.0000,0.0000,0.0000,0.0000,2162.0000,0.0000,0.0000,0.0000,0.0000,10,0,0,0,0,1,0,0,0,0
zc,WT209,2012-06-21 09:40:15.707,2161.0000,2500,0,0.0000,0.0000,0,0,空换,S,2160.0000,0.0000,0.0000,0.0000,0.0000,2162.0000,0.0000,0.0000,0.0000,0.0000,10,0,0,0,0,2,0,0,0,0
zc,WT209,2012-06-21 09:40:31.677,2161.0000,2500,0,0.0000,0.0000,0,0,空换,S,2161.0000,0.0000,0.0000,0.0000,0.0000,2162.0000,0.0000,0.0000,0.0000,0.0000,10,0,0,0,0,2,0,0,0,0
zc,WT209,2012-06-21 09:40:33.190,2162.0000,2498,-2,0.0000,4.0000,1,3,空平,B,2162.0000,0.0000,0.0000,0.0000,0.0000,2165.0000,0.0000,0.0000,0.0000,0.0000,8,0,0,0,0,6,0,0,0,0
zc,WT209,2012-06-21 09:40:39.707,2162.0000,2498,0,0.0000,0.0000,0,0,多换,B,2161.0000,0.0000,0.0000,0.0000,0.0000,2165.0000,0.0000,0.0000,0.0000,0.0000,10,0,0,0,0,6,0,0,0,0
zc,WT209,2012-06-21 09:40:48.473,2162.0000,2498,0,0.0000,0.0000,0,0,多换,B,2161.0000,0.0000,0.0000,0.0000,0.0000,2164.0000,0.0000,0.0000,0.0000,0.0000,10,0,0,0,0,1,0,0,0,0
zc,WT209,2012-06-21 09:40:58.723,2162.0000,2498,0,0.0000,0.0000,0,0,多换,B,2162.0000,0.0000,0.0000,0.0000,0.0000,2164.0000,0.0000,0.0000,0.0000,0.0000,10,0,0,0,0,1,0,0,0,0
zc,WT209,2012-06-21 09:41:04.427,2162.0000,2498,0,0.0000,0.0000,0,0,多换,B,2162.0000,0.0000,0.0000,0.0000,0.0000,2164.0000,0.0000,0.0000,0.0000,0.0000,10,0,0,0,0,2,0,0,0,0
zc,WT209,2012-06-21 09:41:20.440,2162.0000,2498,0,0.0000,2.0000,1,1,多换,B,2162.0000,0.0000,0.0000,0.0000,0.0000,2164.0000,0.0000,0.0000,0.0000,0.0000,9,0,0,0,0,2,0,0,0,0
zc,WT209,2012-06-21 09:41:33.440,2162.0000,2498,0,0.0000,0.0000,0,0,多换,B,2162.0000,0.0000,0.0000,0.0000,0.0000,2164.0000,0.0000,0.0000,0.0000,0.0000,11,0,0,0,0,2,0,0,0,0
zc,WT209,2012-06-21 09:41:40.223,2162.0000,2498,0,0.0000,0.0000,0,0,多换,B,2162.0000,0.0000,0.0000,0.0000,0.0000,2164.0000,0.0000,0.0000,0.0000,0.0000,11,0,0,0,0,3,0,0,0,0
zc,WT209,2012-06-21 09:42:35.207,2162.0000,2498,0,0.0000,0.0000,0,0,多换,B,2162.0000,0.0000,0.0000,0.0000,0.0000,2164.0000,0.0000,0.0000,0.0000,0.0000,11,0,0,0,0,5,0,0,0,0
zc,WT209,2012-06-21 09:42:50.690,2162.0000,2498,0,0.0000,0.0000,0,0,多换,B,2162.0000,0.0000,0.0000,0.0000,0.0000,2164.0000,0.0000,0.0000,0.0000,0.0000,11,0,0,0,0,6,0,0,0,0
zc,WT209,2012-06-21 09:43:20.940,2162.0000,2498,0,0.0000,0.0000,0,0,多换,B,2162.0000,0.0000,0.0000,0.0000,0.0000,2164.0000,0.0000,0.0000,0.0000,0.0000,11,0,0,0,0,7,0,0,0,0
zc,WT209,2012-06-21 09:43:37.753,2162.0000,2498,0,0.0000,0.0000,0,0,多换,B,2162.0000,0.0000,0.0000,0.0000,0.0000,2164.0000,0.0000,0.0000,0.0000,0.0000,31,0,0,0,0,7,0,0,0,0
zc,WT209,2012-06-21 09:43:50.177,2162.0000,2498,0,0.0000,0.0000,0,0,多换,B,2162.0000,0.0000,0.0000,0.0000,0.0000,2164.0000,0.0000,0.0000,0.0000,0.0000,36,0,0,0,0,7,0,0,0,0
zc,WT209,2012-06-21 09:44:12.927,2162.0000,2498,0,0.0000,0.0000,0,0,多换,B,2162.0000,0.0000,0.0000,0.0000,0.0000,2164.0000,0.0000,0.0000,0.0000,0.0000,36,0,0,0,0,6,0,0,0,0
zc,WT209,2012-06-21 09:44:34.677,2162.0000,2498,0,0.0000,0.0000,0,0,多换,B,2162.0000,0.0000,0.0000,0.0000,0.0000,2164.0000,0.0000,0.0000,0.0000,0.0000,36,0,0,0,0,4,0,0,0,0
zc,WT209,2012-06-21 09:45:05.927,2162.0000,2498,0,0.0000,0.0000,0,0,多换,B,2162.0000,0.0000,0.0000,0.0000,0.0000,2164.0000,0.0000,0.0000,0.0000,0.0000,36,0,0,0,0,3,0,0,0,0
zc,WT209,2012-06-21 09:45:05.973,2162.0000,2498,0,0.0000,0.0000,0,0,多换,B,2162.0000,0.0000,0.0000,0.0000,0.0000,2164.0000,0.0000,0.0000,0.0000,0.0000,36,0,0,0,0,3,0,0,0,0
zc,WT209,2012-06-21 09:45:13.927,2162.0000,2498,0,0.0000,0.0000,0,0,多换,B,2162.0000,0.0000,0.0000,0.0000,0.0000,2164.0000,0.0000,0.0000,0.0000,0.0000,36,0,0,0,0,2,0,0,0,0
zc,WT209,2012-06-21 09:45:19.927,2162.0000,2496,-2,0.0000,2.0000,0,2,双平,B,2162.0000,0.0000,0.0000,0.0000,0.0000,2164.0000,0.0000,0.0000,0.0000,0.0000,35,0,0,0,0,2,0,0,0,0
zc,WT209,2012-06-21 09:46:36.487,2162.0000,2486,-10,0.0000,10.0000,0,10,双平,B,2162.0000,0.0000,0.0000,0.0000,0.0000,2164.0000,0.0000,0.0000,0.0000,0.0000,30,0,0,0,0,2,0,0,0,0
zc,WT209,2012-06-21 09:46:41.457,2162.0000,2474,-12,0.0000,12.0000,0,12,双平,B,2162.0000,0.0000,0.0000,0.0000,0.0000,2164.0000,0.0000,0.0000,0.0000,0.0000,24,0,0,0,0,2,0,0,0,0
zc,WT209,2012-06-21 09:46:43.237,2162.0000,2470,-4,0.0000,4.0000,0,4,双平,B,2162.0000,0.0000,0.0000,0.0000,0.0000,2164.0000,0.0000,0.0000,0.0000,0.0000,22,0,0,0,0,2,0,0,0,0
zc,WT209,2012-06-21 09:46:47.177,2162.0000,2460,-10,0.0000,10.0000,0,10,双平,B,2162.0000,0.0000,0.0000,0.0000,0.0000,2164.0000,0.0000,0.0000,0.0000,0.0000,17,0,0,0,0,2,0,0,0,0
zc,WT209,2012-06-21 09:46:48.207,2162.0000,2458,-2,0.0000,2.0000,0,2,双平,B,2162.0000,0.0000,0.0000,0.0000,0.0000,2164.0000,0.0000,0.0000,0.0000,0.0000,16,0,0,0,0,2,0,0,0,0
zc,WT209,2012-06-21 09:46:50.473,2162.0000,2448,-10,0.0000,10.0000,0,10,双平,B,2162.0000,0.0000,0.0000,0.0000,0.0000,2164.0000,0.0000,0.0000,0.0000,0.0000,11,0,0,0,0,2,0,0,0,0
zc,WT209,2012-06-21 09:46:54.237,2162.0000,2444,-4,0.0000,4.0000,0,4,双平,B,2162.0000,0.0000,0.0000,0.0000,0.0000,2164.0000,0.0000,0.0000,0.0000,0.0000,9,0,0,0,0,2,0,0,0,0
zc,WT209,2012-06-21 09:46:56.473,2162.0000,2434,-10,0.0000,10.0000,0,10,双平,B,2162.0000,0.0000,0.0000,0.0000,0.0000,2164.0000,0.0000,0.0000,0.0000,0.0000,4,0,0,0,0,2,0,0,0,0
zc,WT209,2012-06-21 09:47:00.973,2162.0000,2426,-8,0.0000,8.0000,0,8,双平,B,2161.0000,0.0000,0.0000,0.0000,0.0000,2162.0000,0.0000,0.0000,0.0000,0.0000,10,0,0,0,0,1,0,0,0,0
zc,WT209,2012-06-21 09:47:42.957,2162.0000,2426,0,0.0000,0.0000,0,0,多换,B,2161.0000,0.0000,0.0000,0.0000,0.0000,2162.0000,0.0000,0.0000,0.0000,0.0000,10,0,0,0,0,4,0,0,0,0
zc,WT209,2012-06-21 09:48:27.223,2162.0000,2426,0,0.0000,0.0000,0,0,多换,B,2161.0000,0.0000,0.0000,0.0000,0.0000,2162.0000,0.0000,0.0000,0.0000,0.0000,10,0,0,0,0,9,0,0,0,0
zc,WT209,2012-06-21 09:50:07.473,2161.0000,2426,0,0.0000,10.0000,5,5,空换,S,2161.0000,0.0000,0.0000,0.0000,0.0000,2162.0000,0.0000,0.0000,0.0000,0.0000,5,0,0,0,0,9,0,0,0,0
zc,WT209,2012-06-21 09:50:19.927,2161.0000,2426,0,0.0000,4.0000,2,2,空换,S,2161.0000,0.0000,0.0000,0.0000,0.0000,2162.0000,0.0000,0.0000,0.0000,0.0000,3,0,0,0,0,9,0,0,0,0
zc,WT209,2012-06-21 09:50:23.457,2161.0000,2426,0,0.0000,4.0000,2,2,空换,S,2161.0000,0.0000,0.0000,0.0000,0.0000,2162.0000,0.0000,0.0000,0.0000,0.0000,1,0,0,0,0,9,0,0,0,0
zc,WT209,2012-06-21 09:50:35.910,2161.0000,2426,0,0.0000,0.0000,0,0,空换,S,2161.0000,0.0000,0.0000,0.0000,0.0000,2162.0000,0.0000,0.0000,0.0000,0.0000,9,0,0,0,0,9,0,0,0,0
zc,WT209,2012-06-21 09:50:56.207,2161.0000,2428,2,0.0000,10.0000,6,4,空开,S,2161.0000,0.0000,0.0000,0.0000,0.0000,2162.0000,0.0000,0.0000,0.0000,0.0000,4,0,0,0,0,9,0,0,0,0
zc,WT209,2012-06-21 09:51:04.473,2161.0000,2420,-8,0.0000,8.0000,0,8,双平,S,2160.0000,0.0000,0.0000,0.0000,0.0000,2162.0000,0.0000,0.0000,0.0000,0.0000,10,0,0,0,0,9,0,0,0,0
zc,WT209,2012-06-21 09:51:22.737,2161.0000,2420,0,0.0000,0.0000,0,0,空换,S,2160.0000,0.0000,0.0000,0.0000,0.0000,2162.0000,0.0000,0.0000,0.0000,0.0000,10,0,0,0,0,10,0,0,0,0
zc,WT209,2012-06-21 09:51:44.707,2161.0000,2420,0,0.0000,0.0000,0,0,空换,S,2160.0000,0.0000,0.0000,0.0000,0.0000,2161.0000,0.0000,0.0000,0.0000,0.0000,10,0,0,0,0,10,0,0,0,0
zc,WT209,2012-06-21 09:51:53.987,2161.0000,2420,0,0.0000,0.0000,0,0,空换,S,2160.0000,0.0000,0.0000,0.0000,0.0000,2161.0000,0.0000,0.0000,0.0000,0.0000,10,0,0,0,0,20,0,0,0,0
zc,WT209,2012-06-21 09:51:56.723,2161.0000,2400,-20,0.0000,20.0000,0,20,双平,S,2160.0000,0.0000,0.0000,0.0000,0.0000,2161.0000,0.0000,0.0000,0.0000,0.0000,10,0,0,0,0,10,0,0,0,0
zc,WT209,2012-06-21 09:52:02.927,2161.0000,2400,0,0.0000,8.0000,4,4,空换,S,2160.0000,0.0000,0.0000,0.0000,0.0000,2161.0000,0.0000,0.0000,0.0000,0.0000,10,0,0,0,0,6,0,0,0,0
zc,WT209,2012-06-21 09:52:34.427,2161.0000,2400,0,0.0000,0.0000,0,0,空换,S,2160.0000,0.0000,0.0000,0.0000,0.0000,2161.0000,0.0000,0.0000,0.0000,0.0000,10,0,0,0,0,7,0,0,0,0
zc,WT209,2012-06-21 09:52:51.223,2160.0000,2400,0,0.0000,4.0000,2,2,空换,S,2160.0000,0.0000,0.0000,0.0000,0.0000,2161.0000,0.0000,0.0000,0.0000,0.0000,8,0,0,0,0,7,0,0,0,0
zc,WT209,2012-06-21 09:53:07.690,2160.0000,2400,0,0.0000,10.0000,5,5,空换,S,2160.0000,0.0000,0.0000,0.0000,0.0000,2161.0000,0.0000,0.0000,0.0000,0.0000,3,0,0,0,0,7,0,0,0,0
zc,WT209,2012-06-21 09:53:08.190,2160.0000,2400,0,0.0000,2.0000,1,1,空换,S,2160.0000,0.0000,0.0000,0.0000,0.0000,2161.0000,0.0000,0.0000,0.0000,0.0000,2,0,0,0,0,7,0,0,0,0
zc,WT209,2012-06-21 09:53:10.473,2160.0000,2402,2,0.0000,2.0000,2,0,双开,S,2160.0000,0.0000,0.0000,0.0000,0.0000,2161.0000,0.0000,0.0000,0.0000,0.0000,1,0,0,0,0,7,0,0,0,0
zc,WT209,2012-06-21 09:53:11.677,2160.0000,2404,2,0.0000,2.0000,2,0,双开,S,2158.0000,0.0000,0.0000,0.0000,0.0000,2160.0000,0.0000,0.0000,0.0000,0.0000,20,0,0,0,0,1,0,0,0,0
zc,WT209,2012-06-21 09:53:14.957,2160.0000,2404,0,0.0000,0.0000,0,0,空换,S,2158.0000,0.0000,0.0000,0.0000,0.0000,2160.0000,0.0000,0.0000,0.0000,0.0000,20,0,0,0,0,2,0,0,0,0
zc,WT209,2012-06-21 09:53:19.487,2160.0000,2404,0,0.0000,0.0000,0,0,空换,S,2159.0000,0.0000,0.0000,0.0000,0.0000,2160.0000,0.0000,0.0000,0.0000,0.0000,1,0,0,0,0,2,0,0,0,0
zc,WT209,2012-06-21 09:53:29.503,2159.0000,2402,-2,0.0000,2.0000,0,2,双平,S,2158.0000,0.0000,0.0000,0.0000,0.0000,2160.0000,0.0000,0.0000,0.0000,0.0000,20,0,0,0,0,2,0,0,0,0
zc,WT209,2012-06-21 09:53:33.927,2159.0000,2402,0,0.0000,0.0000,0,0,空换,S,2158.0000,0.0000,0.0000,0.0000,0.0000,2160.0000,0.0000,0.0000,0.0000,0.0000,20,0,0,0,0,1,0,0,0,0
zc,WT209,2012-06-21 09:53:35.177,2159.0000,2402,0,0.0000,0.0000,0,0,空换,S,2158.0000,0.0000,0.0000,0.0000,0.0000,2160.0000,0.0000,0.0000,0.0000,0.0000,20,0,0,0,0,3,0,0,0,0
zc,WT209,2012-06-21 09:53:52.190,2159.0000,2402,0,0.0000,0.0000,0,0,空换,S,2158.0000,0.0000,0.0000,0.0000,0.0000,2160.0000,0.0000,0.0000,0.0000,0.0000,20,0,0,0,0,6,0,0,0,0
zc,WT209,2012-06-21 09:53:56.190,2158.0000,2412,10,0.0000,10.0000,10,0,双开,S,2158.0000,0.0000,0.0000,0.0000,0.0000,2160.0000,0.0000,0.0000,0.0000,0.0000,15,0,0,0,0,6,0,0,0,0
zc,WT209,2012-06-21 09:55:05.910,2158.0000,2412,0,0.0000,0.0000,0,0,空换,S,2158.0000,0.0000,0.0000,0.0000,0.0000,2160.0000,0.0000,0.0000,0.0000,0.0000,15,0,0,0,0,6,0,0,0,0
zc,WT209,2012-06-21 09:55:07.440,2158.0000,2412,0,0.0000,0.0000,0,0,空换,S,2159.0000,0.0000,0.0000,0.0000,0.0000,2160.0000,0.0000,0.0000,0.0000,0.0000,1,0,0,0,0,6,0,0,0,0
zc,WT209,2012-06-21 09:55:41.457,2158.0000,2412,0,0.0000,0.0000,0,0,空换,S,2159.0000,0.0000,0.0000,0.0000,0.0000,2160.0000,0.0000,0.0000,0.0000,0.0000,1,0,0,0,0,3,0,0,0,0
zc,WT209,2012-06-21 09:55:44.190,2159.0000,2414,2,0.0000,2.0000,2,0,双开,B,2158.0000,0.0000,0.0000,0.0000,0.0000,2160.0000,0.0000,0.0000,0.0000,0.0000,15,0,0,0,0,3,0,0,0,0
zc,WT209,2012-06-21 09:56:50.473,2159.0000,2414,0,0.0000,0.0000,0,0,多换,B,2159.0000,0.0000,0.0000,0.0000,0.0000,2160.0000,0.0000,0.0000,0.0000,0.0000,1,0,0,0,0,3,0,0,0,0
zc,WT209,2012-06-21 09:57:47.473,2159.0000,2414,0,0.0000,0.0000,0,0,多换,B,2159.0000,0.0000,0.0000,0.0000,0.0000,2160.0000,0.0000,0.0000,0.0000,0.0000,6,0,0,0,0,3,0,0,0,0
zc,WT209,2012-06-21 09:57:57.473,2159.0000,2414,0,0.0000,0.0000,0,0,多换,B,2159.0000,0.0000,0.0000,0.0000,0.0000,2160.0000,0.0000,0.0000,0.0000,0.0000,6,0,0,0,0,2,0,0,0,0
zc,WT209,2012-06-21 09:57:59.737,2160.0000,2410,-4,0.0000,4.0000,0,4,双平,B,2160.0000,0.0000,0.0000,0.0000,0.0000,2161.0000,0.0000,0.0000,0.0000,0.0000,8,0,0,0,0,6,0,0,0,0
zc,WT209,2012-06-21 09:58:40.987,2160.0000,2410,0,0.0000,0.0000,0,0,多换,B,2160.0000,0.0000,0.0000,0.0000,0.0000,2161.0000,0.0000,0.0000,0.0000,0.0000,13,0,0,0,0,6,0,0,0,0
zc,WT209,2012-06-21 09:59:06.987,2160.0000,2410,0,0.0000,0.0000,0,0,多换,B,2160.0000,0.0000,0.0000,0.0000,0.0000,2161.0000,0.0000,0.0000,0.0000,0.0000,14,0,0,0,0,6,0,0,0,0
zc,WT209,2012-06-21 09:59:51.253,2160.0000,2410,0,0.0000,0.0000,0,0,多换,B,2160.0000,0.0000,0.0000,0.0000,0.0000,2161.0000,0.0000,0.0000,0.0000,0.0000,13,0,0,0,0,6,0,0,0,0
zc,WT209,2012-06-21 10:00:16.283,2161.0000,2408,-2,0.0000,2.0000,0,2,双平,B,2160.0000,0.0000,0.0000,0.0000,0.0000,2161.0000,0.0000,0.0000,0.0000,0.0000,13,0,0,0,0,5,0,0,0,0
zc,WT209,2012-06-21 10:00:23.770,2161.0000,2408,0,0.0000,0.0000,0,0,多换,B,2160.0000,0.0000,0.0000,0.0000,0.0000,2161.0000,0.0000,0.0000,0.0000,0.0000,13,0,0,0,0,7,0,0,0,0
zc,WT209,2012-06-21 10:00:40.003,2160.0000,2408,0,0.0000,2.0000,1,1,空换,S,2160.0000,0.0000,0.0000,0.0000,0.0000,2161.0000,0.0000,0.0000,0.0000,0.0000,12,0,0,0,0,7,0,0,0,0
zc,WT209,2012-06-21 10:00:48.003,2160.0000,2406,-2,0.0000,2.0000,0,2,双平,S,2160.0000,0.0000,0.0000,0.0000,0.0000,2161.0000,0.0000,0.0000,0.0000,0.0000,11,0,0,0,0,7,0,0,0,0
zc,WT209,2012-06-21 10:00:50.737,2160.0000,2406,0,0.0000,0.0000,0,0,空换,S,2160.0000,0.0000,0.0000,0.0000,0.0000,2161.0000,0.0000,0.0000,0.0000,0.0000,11,0,0,0,0,2,0,0,0,0
zc,WT209,2012-06-21 10:01:03.237,2160.0000,2406,0,0.0000,4.0000,2,2,空换,S,2160.0000,0.0000,0.0000,0.0000,0.0000,2161.0000,0.0000,0.0000,0.0000,0.0000,9,0,0,0,0,2,0,0,0,0
zc,WT209,2012-06-21 10:01:07.223,2160.0000,2406,0,0.0000,0.0000,0,0,空换,S,2160.0000,0.0000,0.0000,0.0000,0.0000,2161.0000,0.0000,0.0000,0.0000,0.0000,9,0,0,0,0,3,0,0,0,0
zc,WT209,2012-06-21 10:01:16.550,2160.0000,2406,0,0.0000,2.0000,1,1,空换,S,2160.0000,0.0000,0.0000,0.0000,0.0000,2161.0000,0.0000,0.0000,0.0000,0.0000,8,0,0,0,0,3,0,0,0,0
zc,WT209,2012-06-21 10:01:27.503,2160.0000,2402,-4,0.0000,4.0000,0,4,双平,S,2160.0000,0.0000,0.0000,0.0000,0.0000,2161.0000,0.0000,0.0000,0.0000,0.0000,6,0,0,0,0,3,0,0,0,0
zc,WT209,2012-06-21 10:01:56.817,2160.0000,2402,0,0.0000,0.0000,0,0,空换,S,2160.0000,0.0000,0.0000,0.0000,0.0000,2161.0000,0.0000,0.0000,0.0000,0.0000,6,0,0,0,0,4,0,0,0,0
zc,WT209,2012-06-21 10:01:58.973,2160.0000,2402,0,0.0000,0.0000,0,0,空换,S,2160.0000,0.0000,0.0000,0.0000,0.0000,2161.0000,0.0000,0.0000,0.0000,0.0000,6,0,0,0,0,3,0,0,0,0
zc,WT209,2012-06-21 10:02:11.707,2160.0000,2402,0,0.0000,0.0000,0,0,空换,S,2160.0000,0.0000,0.0000,0.0000,0.0000,2161.0000,0.0000,0.0000,0.0000,0.0000,7,0,0,0,0,3,0,0,0,0
zc,WT209,2012-06-21 10:02:12.737,2160.0000,2400,-2,0.0000,2.0000,0,2,双平,S,2160.0000,0.0000,0.0000,0.0000,0.0000,2161.0000,0.0000,0.0000,0.0000,0.0000,6,0,0,0,0,3,0,0,0,0
zc,WT209,2012-06-21 10:02:28.003,2160.0000,2402,2,0.0000,12.0000,7,5,空开,S,2159.0000,0.0000,0.0000,0.0000,0.0000,2160.0000,0.0000,0.0000,0.0000,0.0000,5,0,0,0,0,10,0,0,0,0
zc,WT209,2012-06-21 10:02:39.237,2160.0000,2404,2,0.0000,2.0000,2,0,双开,S,2159.0000,0.0000,0.0000,0.0000,0.0000,2160.0000,0.0000,0.0000,0.0000,0.0000,5,0,0,0,0,9,0,0,0,0
zc,WT209,2012-06-21 10:03:05.690,2160.0000,2404,0,0.0000,0.0000,0,0,空换,S,2159.0000,0.0000,0.0000,0.0000,0.0000,2160.0000,0.0000,0.0000,0.0000,0.0000,5,0,0,0,0,9,0,0,0,0
zc,WT209,2012-06-21 10:03:54.473,2159.0000,2402,-2,0.0000,2.0000,0,2,双平,S,2159.0000,0.0000,0.0000,0.0000,0.0000,2160.0000,0.0000,0.0000,0.0000,0.0000,4,0,0,0,0,9,0,0,0,0
zc,WT209,2012-06-21 10:04:05.973,2159.0000,2402,0,0.0000,0.0000,0,0,空换,S,2159.0000,0.0000,0.0000,0.0000,0.0000,2160.0000,0.0000,0.0000,0.0000,0.0000,4,0,0,0,0,9,0,0,0,0
zc,WT209,2012-06-21 10:04:18.237,2159.0000,2398,-4,0.0000,4.0000,0,4,双平,S,2159.0000,0.0000,0.0000,0.0000,0.0000,2160.0000,0.0000,0.0000,0.0000,0.0000,2,0,0,0,0,9,0,0,0,0
zc,WT209,2012-06-21 10:05:05.707,2159.0000,2398,0,0.0000,0.0000,0,0,空换,S,2159.0000,0.0000,0.0000,0.0000,0.0000,2160.0000,0.0000,0.0000,0.0000,0.0000,2,0,0,0,0,9,0,0,0,0
zc,WT209,2012-06-21 10:05:24.237,2159.0000,2394,-4,0.0000,4.0000,0,4,双平,S,2158.0000,0.0000,0.0000,0.0000,0.0000,2160.0000,0.0000,0.0000,0.0000,0.0000,15,0,0,0,0,9,0,0,0,0
zc,WT209,2012-06-21 10:05:25.440,2159.0000,2394,0,0.0000,0.0000,0,0,空换,S,2158.0000,0.0000,0.0000,0.0000,0.0000,2160.0000,0.0000,0.0000,0.0000,0.0000,15,0,0,0,0,10,0,0,0,0
zc,WT209,2012-06-21 10:05:44.723,2159.0000,2394,0,0.0000,0.0000,0,0,空换,S,2158.0000,0.0000,0.0000,0.0000,0.0000,2160.0000,0.0000,0.0000,0.0000,0.0000,17,0,0,0,0,10,0,0,0,0
zc,WT209,2012-06-21 10:06:20.487,2159.0000,2394,0,0.0000,0.0000,0,0,空换,S,2158.0000,0.0000,0.0000,0.0000,0.0000,2160.0000,0.0000,0.0000,0.0000,0.0000,15,0,0,0,0,10,0,0,0,0
zc,WT209,2012-06-21 10:06:30.957,2159.0000,2394,0,0.0000,0.0000,0,0,空换,S,2158.0000,0.0000,0.0000,0.0000,0.0000,2160.0000,0.0000,0.0000,0.0000,0.0000,16,0,0,0,0,10,0,0,0,0
zc,WT209,2012-06-21 10:06:51.190,2158.0000,2394,0,0.0000,10.0000,5,5,空换,S,2158.0000,0.0000,0.0000,0.0000,0.0000,2160.0000,0.0000,0.0000,0.0000,0.0000,11,0,0,0,0,10,0,0,0,0
zc,WT209,2012-06-21 10:06:54.487,2158.0000,2414,20,0.0000,20.0000,20,0,双开,S,2158.0000,0.0000,0.0000,0.0000,0.0000,2160.0000,0.0000,0.0000,0.0000,0.0000,1,0,0,0,0,10,0,0,0,0
zc,WT209,2012-06-21 10:06:55.253,2158.0000,2416,2,0.0000,2.0000,2,0,双开,S,2154.0000,0.0000,0.0000,0.0000,0.0000,2160.0000,0.0000,0.0000,0.0000,0.0000,1,0,0,0,0,10,0,0,0,0
zc,WT209,2012-06-21 10:07:04.487,2158.0000,2416,0,0.0000,0.0000,0,0,空换,S,2154.0000,0.0000,0.0000,0.0000,0.0000,2158.0000,0.0000,0.0000,0.0000,0.0000,1,0,0,0,0,5,0,0,0,0
zc,WT209,2012-06-21 10:07:05.690,2158.0000,2416,0,0.0000,0.0000,0,0,空换,S,2154.0000,0.0000,0.0000,0.0000,0.0000,2158.0000,0.0000,0.0000,0.0000,0.0000,1,0,0,0,0,5,0,0,0,0
zc,WT209,2012-06-21 10:07:20.783,2158.0000,2416,0,0.0000,0.0000,0,0,空换,S,2154.0000,0.0000,0.0000,0.0000,0.0000,2158.0000,0.0000,0.0000,0.0000,0.0000,2,0,0,0,0,5,0,0,0,0
zc,WT209,2012-06-21 10:07:23.237,2158.0000,2416,0,0.0000,0.0000,0,0,空换,S,2155.0000,0.0000,0.0000,0.0000,0.0000,2158.0000,0.0000,0.0000,0.0000,0.0000,1,0,0,0,0,5,0,0,0,0
zc,WT209,2012-06-21 10:08:33.457,2158.0000,2416,0,0.0000,0.0000,0,0,空换,S,2155.0000,0.0000,0.0000,0.0000,0.0000,2158.0000,0.0000,0.0000,0.0000,0.0000,1,0,0,0,0,9,0,0,0,0
zc,WT209,2012-06-21 10:08:37.003,2158.0000,2416,0,0.0000,0.0000,0,0,空换,S,2155.0000,0.0000,0.0000,0.0000,0.0000,2158.0000,0.0000,0.0000,0.0000,0.0000,2,0,0,0,0,9,0,0,0,0
zc,WT209,2012-06-21 10:08:55.473,2158.0000,2416,0,0.0000,0.0000,0,0,空换,S,2155.0000,0.0000,0.0000,0.0000,0.0000,2157.0000,0.0000,0.0000,0.0000,0.0000,2,0,0,0,0,1,0,0,0,0
zc,WT209,2012-06-21 10:09:10.723,2155.0000,2416,0,0.0000,2.0000,1,1,空换,S,2155.0000,0.0000,0.0000,0.0000,0.0000,2157.0000,0.0000,0.0000,0.0000,0.0000,1,0,0,0,0,1,0,0,0,0
zc,WT209,2012-06-21 10:09:58.973,2157.0000,2414,-2,0.0000,2.0000,0,2,双平,B,2155.0000,0.0000,0.0000,0.0000,0.0000,2158.0000,0.0000,0.0000,0.0000,0.0000,1,0,0,0,0,9,0,0,0,0
zc,WT209,2012-06-21 10:10:17.737,2157.0000,2414,0,0.0000,0.0000,0,0,多换,B,2155.0000,0.0000,0.0000,0.0000,0.0000,2157.0000,0.0000,0.0000,0.0000,0.0000,1,0,0,0,0,1,0,0,0,0
zc,WT209,2012-06-21 10:10:19.427,2157.0000,2414,0,0.0000,0.0000,0,0,多换,B,2156.0000,0.0000,0.0000,0.0000,0.0000,2157.0000,0.0000,0.0000,0.0000,0.0000,2,0,0,0,0,1,0,0,0,0
zc,WT209,2012-06-21 10:10:46.957,2157.0000,2412,-2,0.0000,2.0000,0,2,双平,B,2156.0000,0.0000,0.0000,0.0000,0.0000,2158.0000,0.0000,0.0000,0.0000,0.0000,2,0,0,0,0,9,0,0,0,0
zc,WT209,2012-06-21 10:12:05.940,2157.0000,2412,0,0.0000,0.0000,0,0,多换,B,2156.0000,0.0000,0.0000,0.0000,0.0000,2158.0000,0.0000,0.0000,0.0000,0.0000,2,0,0,0,0,9,0,0,0,0
zc,WT209,2012-06-21 10:12:09.957,2158.0000,2402,-10,0.0000,18.0000,4,14,空平,B,2159.0000,0.0000,0.0000,0.0000,0.0000,2160.0000,0.0000,0.0000,0.0000,0.0000,1,0,0,0,0,2,0,0,0,0
zc,WT209,2012-06-21 10:12:17.223,2158.0000,2400,-2,0.0000,2.0000,0,2,双平,B,2156.0000,0.0000,0.0000,0.0000,0.0000,2158.0000,0.0000,0.0000,0.0000,0.0000,2,0,0,0,0,4,0,0,0,0
zc,WT209,2012-06-21 10:13:13.440,2158.0000,2400,0,0.0000,0.0000,0,0,多换,B,2154.0000,0.0000,0.0000,0.0000,0.0000,2158.0000,0.0000,0.0000,0.0000,0.0000,2,0,0,0,0,4,0,0,0,0
zc,WT209,2012-06-21 10:13:25.927,2158.0000,2400,0,0.0000,0.0000,0,0,多换,B,2155.0000,0.0000,0.0000,0.0000,0.0000,2158.0000,0.0000,0.0000,0.0000,0.0000,1,0,0,0,0,4,0,0,0,0
zc,WT209,2012-06-21 10:13:26.723,2158.0000,2396,-4,0.0000,4.0000,0,4,双平,B,2155.0000,0.0000,0.0000,0.0000,0.0000,2158.0000,0.0000,0.0000,0.0000,0.0000,1,0,0,0,0,2,0,0,0,0
zc,WT209,2012-06-21 10:13:32.690,2158.0000,2396,0,0.0000,0.0000,0,0,多换,B,2155.0000,0.0000,0.0000,0.0000,0.0000,2158.0000,0.0000,0.0000,0.0000,0.0000,2,0,0,0,0,2,0,0,0,0
zc,WT209,2012-06-21 10:13:50.940,2158.0000,2394,-2,0.0000,2.0000,0,2,双平,B,2155.0000,0.0000,0.0000,0.0000,0.0000,2158.0000,0.0000,0.0000,0.0000,0.0000,2,0,0,0,0,1,0,0,0,0
zc,WT209,2012-06-21 10:13:53.927,2158.0000,2394,0,0.0000,0.0000,0,0,多换,B,2155.0000,0.0000,0.0000,0.0000,0.0000,2158.0000,0.0000,0.0000,0.0000,0.0000,2,0,0,0,0,6,0,0,0,0
zc,WT209,2012-06-21 10:14:08.723,2158.0000,2394,0,0.0000,0.0000,0,0,多换,B,2155.0000,0.0000,0.0000,0.0000,0.0000,2158.0000,0.0000,0.0000,0.0000,0.0000,3,0,0,0,0,6,0,0,0,0
zc,WT209,2012-06-21 10:14:22.723,2158.0000,2382,-12,0.0000,12.0000,0,12,双平,B,2158.0000,0.0000,0.0000,0.0000,0.0000,2160.0000,0.0000,0.0000,0.0000,0.0000,2,0,0,0,0,2,0,0,0,0
zc,WT209,2012-06-21 10:14:34.940,2158.0000,2382,0,0.0000,4.0000,2,2,多换,B,2155.0000,0.0000,0.0000,0.0000,0.0000,2158.0000,0.0000,0.0000,0.0000,0.0000,3,0,0,0,0,18,0,0,0,0
zc,WT209,2012-06-21 10:15:05.677,2158.0000,2382,0,0.0000,0.0000,0,0,多换,B,2155.0000,0.0000,0.0000,0.0000,0.0000,2158.0000,0.0000,0.0000,0.0000,0.0000,3,0,0,0,0,18,0,0,0,0
zc,WT209,2012-06-21 10:21:05.660,2158.0000,2382,0,0.0000,0.0000,0,0,多换,B,2155.0000,0.0000,0.0000,0.0000,0.0000,2158.0000,0.0000,0.0000,0.0000,0.0000,3,0,0,0,0,18,0,0,0,0
zc,WT209,2012-06-21 10:28:05.677,2158.0000,2382,0,0.0000,0.0000,0,0,多换,B,2155.0000,0.0000,0.0000,0.0000,0.0000,2158.0000,0.0000,0.0000,0.0000,0.0000,3,0,0,0,0,18,0,0,0,0
zc,WT209,2012-06-21 10:30:00.473,2158.0000,2382,0,0.0000,0.0000,0,0,多换,B,2155.0000,0.0000,0.0000,0.0000,0.0000,2158.0000,0.0000,0.0000,0.0000,0.0000,2,0,0,0,0,18,0,0,0,0
zc,WT209,2012-06-21 10:30:01.520,2158.0000,2382,0,0.0000,0.0000,0,0,多换,B,2155.0000,0.0000,0.0000,0.0000,0.0000,2160.0000,0.0000,0.0000,0.0000,0.0000,2,0,0,0,0,2,0,0,0,0
zc,WT209,2012-06-21 10:30:42.723,2158.0000,2382,0,0.0000,0.0000,0,0,多换,B,2155.0000,0.0000,0.0000,0.0000,0.0000,2160.0000,0.0000,0.0000,0.0000,0.0000,2,0,0,0,0,3,0,0,0,0
zc,WT209,2012-06-21 10:31:01.223,2158.0000,2382,0,0.0000,0.0000,0,0,多换,B,2155.0000,0.0000,0.0000,0.0000,0.0000,2159.0000,0.0000,0.0000,0.0000,0.0000,2,0,0,0,0,1,0,0,0,0
zc,WT209,2012-06-21 10:31:41.473,2158.0000,2382,0,0.0000,0.0000,0,0,多换,B,2156.0000,0.0000,0.0000,0.0000,0.0000,2159.0000,0.0000,0.0000,0.0000,0.0000,1,0,0,0,0,1,0,0,0,0
zc,WT209,2012-06-21 10:32:03.207,2156.0000,2382,0,0.0000,2.0000,1,1,空换,S,2155.0000,0.0000,0.0000,0.0000,0.0000,2159.0000,0.0000,0.0000,0.0000,0.0000,2,0,0,0,0,1,0,0,0,0
zc,WT209,2012-06-21 10:32:09.457,2156.0000,2382,0,0.0000,0.0000,0,0,空换,S,2155.0000,0.0000,0.0000,0.0000,0.0000,2158.0000,0.0000,0.0000,0.0000,0.0000,2,0,0,0,0,1,0,0,0,0
zc,WT209,2012-06-21 10:32:29.910,2156.0000,2382,0,0.0000,0.0000,0,0,空换,S,2155.0000,0.0000,0.0000,0.0000,0.0000,2156.0000,0.0000,0.0000,0.0000,0.0000,2,0,0,0,0,20,0,0,0,0
zc,WT209,2012-06-21 10:32:38.427,2156.0000,2382,0,0.0000,0.0000,0,0,空换,S,2155.0000,0.0000,0.0000,0.0000,0.0000,2156.0000,0.0000,0.0000,0.0000,0.0000,1,0,0,0,0,20,0,0,0,0
zc,WT209,2012-06-21 10:32:42.927,2155.0000,2384,2,0.0000,2.0000,2,0,双开,S,2154.0000,0.0000,0.0000,0.0000,0.0000,2156.0000,0.0000,0.0000,0.0000,0.0000,2,0,0,0,0,20,0,0,0,0
zc,WT209,2012-06-21 10:32:45.927,2155.0000,2384,0,0.0000,0.0000,0,0,空换,S,2154.0000,0.0000,0.0000,0.0000,0.0000,2156.0000,0.0000,0.0000,0.0000,0.0000,1,0,0,0,0,20,0,0,0,0
zc,WT209,2012-06-21 10:33:04.927,2156.0000,2384,0,0.0000,2.0000,1,1,多换,B,2154.0000,0.0000,0.0000,0.0000,0.0000,2156.0000,0.0000,0.0000,0.0000,0.0000,1,0,0,0,0,19,0,0,0,0
zc,WT209,2012-06-21 10:33:07.690,2156.0000,2384,0,0.0000,0.0000,0,0,多换,B,2154.0000,0.0000,0.0000,0.0000,0.0000,2156.0000,0.0000,0.0000,0.0000,0.0000,2,0,0,0,0,19,0,0,0,0
zc,WT209,2012-06-21 10:34:05.677,2156.0000,2384,0,0.0000,0.0000,0,0,多换,B,2154.0000,0.0000,0.0000,0.0000,0.0000,2155.0000,0.0000,0.0000,0.0000,0.0000,2,0,0,0,0,1,0,0,0,0
zc,WT209,2012-06-21 10:34:07.753,2156.0000,2386,2,0.0000,2.0000,2,0,双开,B,2154.0000,0.0000,0.0000,0.0000,0.0000,2156.0000,0.0000,0.0000,0.0000,0.0000,2,0,0,0,0,19,0,0,0,0
zc,WT209,2012-06-21 10:34:45.723,2156.0000,2386,0,0.0000,0.0000,0,0,多换,B,2155.0000,0.0000,0.0000,0.0000,0.0000,2156.0000,0.0000,0.0000,0.0000,0.0000,3,0,0,0,0,19,0,0,0,0
zc,WT209,2012-06-21 10:35:21.457,2156.0000,2386,0,0.0000,0.0000,0,0,多换,B,2154.0000,0.0000,0.0000,0.0000,0.0000,2156.0000,0.0000,0.0000,0.0000,0.0000,1,0,0,0,0,19,0,0,0,0
zc,WT209,2012-06-21 10:35:26.927,2156.0000,2386,0,0.0000,6.0000,3,3,多换,B,2154.0000,0.0000,0.0000,0.0000,0.0000,2156.0000,0.0000,0.0000,0.0000,0.0000,1,0,0,0,0,16,0,0,0,0
zc,WT209,2012-06-21 10:35:47.410,2156.0000,2386,0,0.0000,0.0000,0,0,多换,B,2154.0000,0.0000,0.0000,0.0000,0.0000,2156.0000,0.0000,0.0000,0.0000,0.0000,2,0,0,0,0,16,0,0,0,0
zc,WT209,2012-06-21 10:35:56.660,2156.0000,2386,0,0.0000,10.0000,5,5,多换,B,2154.0000,0.0000,0.0000,0.0000,0.0000,2156.0000,0.0000,0.0000,0.0000,0.0000,2,0,0,0,0,11,0,0,0,0
zc,WT209,2012-06-21 10:36:36.190,2156.0000,2386,0,0.0000,0.0000,0,0,多换,B,2155.0000,0.0000,0.0000,0.0000,0.0000,2156.0000,0.0000,0.0000,0.0000,0.0000,1,0,0,0,0,11,0,0,0,0
zc,WT209,2012-06-21 10:36:45.660,2156.0000,2386,0,0.0000,0.0000,0,0,多换,B,2155.0000,0.0000,0.0000,0.0000,0.0000,2160.0000,0.0000,0.0000,0.0000,0.0000,1,0,0,0,0,3,0,0,0,0
zc,WT209,2012-06-21 10:36:46.927,2156.0000,2386,0,0.0000,0.0000,0,0,多换,B,2154.0000,0.0000,0.0000,0.0000,0.0000,2160.0000,0.0000,0.0000,0.0000,0.0000,2,0,0,0,0,3,0,0,0,0
zc,WT209,2012-06-21 10:36:52.177,2156.0000,2386,0,0.0000,0.0000,0,0,多换,B,2154.0000,0.0000,0.0000,0.0000,0.0000,2160.0000,0.0000,0.0000,0.0000,0.0000,3,0,0,0,0,3,0,0,0,0
zc,WT209,2012-06-21 10:36:56.177,2156.0000,2386,0,0.0000,0.0000,0,0,多换,B,2154.0000,0.0000,0.0000,0.0000,0.0000,2160.0000,0.0000,0.0000,0.0000,0.0000,4,0,0,0,0,3,0,0,0,0
zc,WT209,2012-06-21 10:36:56.690,2156.0000,2386,0,0.0000,0.0000,0,0,多换,B,2155.0000,0.0000,0.0000,0.0000,0.0000,2160.0000,0.0000,0.0000,0.0000,0.0000,1,0,0,0,0,3,0,0,0,0
zc,WT209,2012-06-21 10:37:00.207,2156.0000,2386,0,0.0000,0.0000,0,0,多换,B,2155.0000,0.0000,0.0000,0.0000,0.0000,2158.0000,0.0000,0.0000,0.0000,0.0000,1,0,0,0,0,1,0,0,0,0
zc,WT209,2012-06-21 10:37:56.160,2156.0000,2386,0,0.0000,0.0000,0,0,多换,B,2155.0000,0.0000,0.0000,0.0000,0.0000,2158.0000,0.0000,0.0000,0.0000,0.0000,1,0,0,0,0,2,0,0,0,0
zc,WT209,2012-06-21 10:38:04.910,2156.0000,2386,0,0.0000,0.0000,0,0,多换,B,2156.0000,0.0000,0.0000,0.0000,0.0000,2158.0000,0.0000,0.0000,0.0000,0.0000,18,0,0,0,0,2,0,0,0,0
zc,WT209,2012-06-21 10:38:05.677,2156.0000,2386,0,0.0000,0.0000,0,0,多换,B,2156.0000,0.0000,0.0000,0.0000,0.0000,2158.0000,0.0000,0.0000,0.0000,0.0000,18,0,0,0,0,2,0,0,0,0
zc,WT209,2012-06-21 10:38:12.440,2156.0000,2386,0,0.0000,0.0000,0,0,多换,B,2156.0000,0.0000,0.0000,0.0000,0.0000,2158.0000,0.0000,0.0000,0.0000,0.0000,18,0,0,0,0,1,0,0,0,0
zc,WT209,2012-06-21 10:38:41.473,2156.0000,2386,0,0.0000,0.0000,0,0,多换,B,2154.0000,0.0000,0.0000,0.0000,0.0000,2158.0000,0.0000,0.0000,0.0000,0.0000,3,0,0,0,0,1,0,0,0,0
zc,WT209,2012-06-21 10:38:46.440,2156.0000,2386,0,0.0000,0.0000,0,0,多换,B,2156.0000,0.0000,0.0000,0.0000,0.0000,2158.0000,0.0000,0.0000,0.0000,0.0000,18,0,0,0,0,1,0,0,0,0
zc,WT209,2012-06-21 10:38:52.190,2158.0000,2384,-2,0.0000,2.0000,0,2,双平,B,2159.0000,0.0000,0.0000,0.0000,0.0000,2160.0000,0.0000,0.0000,0.0000,0.0000,2,0,0,0,0,2,0,0,0,0
zc,WT209,2012-06-21 10:38:57.427,2158.0000,2384,0,0.0000,0.0000,0,0,多换,B,2156.0000,0.0000,0.0000,0.0000,0.0000,2160.0000,0.0000,0.0000,0.0000,0.0000,18,0,0,0,0,2,0,0,0,0
zc,WT209,2012-06-21 10:39:03.440,2158.0000,2384,0,0.0000,0.0000,0,0,多换,B,2156.0000,0.0000,0.0000,0.0000,0.0000,2160.0000,0.0000,0.0000,0.0000,0.0000,18,0,0,0,0,3,0,0,0,0
zc,WT209,2012-06-21 10:39:04.427,2160.0000,2382,-2,0.0000,4.0000,1,3,空平,B,2156.0000,0.0000,0.0000,0.0000,0.0000,2160.0000,0.0000,0.0000,0.0000,0.0000,18,0,0,0,0,1,0,0,0,0
zc,WT209,2012-06-21 10:39:11.223,2160.0000,2382,0,0.0000,0.0000,0,0,多换,B,2156.0000,0.0000,0.0000,0.0000,0.0000,2160.0000,0.0000,0.0000,0.0000,0.0000,18,0,0,0,0,2,0,0,0,0
zc,WT209,2012-06-21 10:39:15.190,2160.0000,2382,0,0.0000,0.0000,0,0,多换,B,2155.0000,0.0000,0.0000,0.0000,0.0000,2160.0000,0.0000,0.0000,0.0000,0.0000,1,0,0,0,0,4,0,0,0,0
zc,WT209,2012-06-21 10:39:15.410,2160.0000,2382,0,0.0000,0.0000,0,0,多换,B,2155.0000,0.0000,0.0000,0.0000,0.0000,2160.0000,0.0000,0.0000,0.0000,0.0000,1,0,0,0,0,5,0,0,0,0
zc,WT209,2012-06-21 10:39:21.160,2160.0000,2382,0,0.0000,0.0000,0,0,多换,B,2155.0000,0.0000,0.0000,0.0000,0.0000,2160.0000,0.0000,0.0000,0.0000,0.0000,2,0,0,0,0,5,0,0,0,0
zc,WT209,2012-06-21 10:39:22.160,2160.0000,2382,0,0.0000,0.0000,0,0,多换,B,2155.0000,0.0000,0.0000,0.0000,0.0000,2160.0000,0.0000,0.0000,0.0000,0.0000,2,0,0,0,0,7,0,0,0,0
zc,WT209,2012-06-21 10:39:22.957,2160.0000,2382,0,0.0000,14.0000,7,7,多换,B,2160.0000,0.0000,0.0000,0.0000,0.0000,2161.0000,0.0000,0.0000,0.0000,0.0000,11,0,0,0,0,5,0,0,0,0
zc,WT209,2012-06-21 10:39:28.457,2160.0000,2382,0,0.0000,20.0000,10,10,多换,B,2160.0000,0.0000,0.0000,0.0000,0.0000,2161.0000,0.0000,0.0000,0.0000,0.0000,1,0,0,0,0,5,0,0,0,0
zc,WT209,2012-06-21 10:40:03.957,2160.0000,2382,0,0.0000,2.0000,1,1,多换,B,2158.0000,0.0000,0.0000,0.0000,0.0000,2161.0000,0.0000,0.0000,0.0000,0.0000,2,0,0,0,0,5,0,0,0,0
zc,WT209,2012-06-21 10:40:06.677,2160.0000,2382,0,0.0000,0.0000,0,0,多换,B,2158.0000,0.0000,0.0000,0.0000,0.0000,2161.0000,0.0000,0.0000,0.0000,0.0000,3,0,0,0,0,5,0,0,0,0
zc,WT209,2012-06-21 10:40:10.160,2160.0000,2382,0,0.0000,0.0000,0,0,多换,B,2159.0000,0.0000,0.0000,0.0000,0.0000,2161.0000,0.0000,0.0000,0.0000,0.0000,1,0,0,0,0,5,0,0,0,0
zc,WT209,2012-06-21 10:40:11.910,2159.0000,2382,0,0.0000,2.0000,1,1,空换,S,2158.0000,0.0000,0.0000,0.0000,0.0000,2161.0000,0.0000,0.0000,0.0000,0.0000,3,0,0,0,0,5,0,0,0,0
zc,WT209,2012-06-21 10:40:23.177,2159.0000,2382,0,0.0000,0.0000,0,0,空换,S,2158.0000,0.0000,0.0000,0.0000,0.0000,2161.0000,0.0000,0.0000,0.0000,0.0000,1,0,0,0,0,5,0,0,0,0
zc,WT209,2012-06-21 10:40:24.940,2159.0000,2382,0,0.0000,0.0000,0,0,空换,S,2159.0000,0.0000,0.0000,0.0000,0.0000,2161.0000,0.0000,0.0000,0.0000,0.0000,2,0,0,0,0,5,0,0,0,0
zc,WT209,2012-06-21 10:41:05.677,2159.0000,2382,0,0.0000,0.0000,0,0,空换,S,2159.0000,0.0000,0.0000,0.0000,0.0000,2161.0000,0.0000,0.0000,0.0000,0.0000,2,0,0,0,0,5,0,0,0,0
zc,WT209,2012-06-21 10:41:48.910,2159.0000,2382,0,0.0000,0.0000,0,0,空换,S,2159.0000,0.0000,0.0000,0.0000,0.0000,2161.0000,0.0000,0.0000,0.0000,0.0000,4,0,0,0,0,5,0,0,0,0
zc,WT209,2012-06-21 10:41:56.660,2159.0000,2382,0,0.0000,0.0000,0,0,空换,S,2159.0000,0.0000,0.0000,0.0000,0.0000,2161.0000,0.0000,0.0000,0.0000,0.0000,6,0,0,0,0,5,0,0,0,0
zc,WT209,2012-06-21 10:43:01.910,2159.0000,2382,0,0.0000,0.0000,0,0,空换,S,2159.0000,0.0000,0.0000,0.0000,0.0000,2160.0000,0.0000,0.0000,0.0000,0.0000,6,0,0,0,0,1,0,0,0,0
zc,WT209,2012-06-21 10:43:27.737,2159.0000,2382,0,0.0000,2.0000,1,1,空换,S,2159.0000,0.0000,0.0000,0.0000,0.0000,2160.0000,0.0000,0.0000,0.0000,0.0000,5,0,0,0,0,1,0,0,0,0
zc,WT209,2012-06-21 10:43:32.987,2159.0000,2372,-10,0.0000,10.0000,0,10,双平,S,2158.0000,0.0000,0.0000,0.0000,0.0000,2159.0000,0.0000,0.0000,0.0000,0.0000,1,0,0,0,0,1,0,0,0,0
zc,WT209,2012-06-21 10:44:17.223,2158.0000,2372,0,0.0000,2.0000,1,1,空换,S,2157.0000,0.0000,0.0000,0.0000,0.0000,2159.0000,0.0000,0.0000,0.0000,0.0000,1,0,0,0,0,1,0,0,0,0
zc,WT209,2012-06-21 10:44:33.677,2158.0000,2372,0,0.0000,0.0000,0,0,空换,S,2156.0000,0.0000,0.0000,0.0000,0.0000,2159.0000,0.0000,0.0000,0.0000,0.0000,1,0,0,0,0,1,0,0,0,0
zc,WT209,2012-06-21 10:44:39.987,2158.0000,2372,0,0.0000,0.0000,0,0,空换,S,2156.0000,0.0000,0.0000,0.0000,0.0000,2159.0000,0.0000,0.0000,0.0000,0.0000,2,0,0,0,0,1,0,0,0,0
zc,WT209,2012-06-21 10:44:44.707,2158.0000,2372,0,0.0000,0.0000,0,0,空换,S,2157.0000,0.0000,0.0000,0.0000,0.0000,2159.0000,0.0000,0.0000,0.0000,0.0000,1,0,0,0,0,1,0,0,0,0
zc,WT209,2012-06-21 10:44:45.177,2156.0000,2368,-4,0.0000,4.0000,0,4,双平,S,2156.0000,0.0000,0.0000,0.0000,0.0000,2159.0000,0.0000,0.0000,0.0000,0.0000,1,0,0,0,0,1,0,0,0,0
zc,WT209,2012-06-21 10:44:56.723,2156.0000,2366,-2,0.0000,2.0000,0,2,双平,S,2155.0000,0.0000,0.0000,0.0000,0.0000,2159.0000,0.0000,0.0000,0.0000,0.0000,1,0,0,0,0,1,0,0,0,0
zc,WT209,2012-06-21 10:45:01.253,2156.0000,2366,0,0.0000,0.0000,0,0,空换,S,2155.0000,0.0000,0.0000,0.0000,0.0000,2159.0000,0.0000,0.0000,0.0000,0.0000,1,0,0,0,0,2,0,0,0,0
zc,WT209,2012-06-21 10:45:09.707,2155.0000,2366,0,0.0000,2.0000,1,1,空换,S,2154.0000,0.0000,0.0000,0.0000,0.0000,2155.0000,0.0000,0.0000,0.0000,0.0000,2,0,0,0,0,1,0,0,0,0
zc,WT209,2012-06-21 10:45:11.473,2155.0000,2366,0,0.0000,2.0000,1,1,空换,S,2154.0000,0.0000,0.0000,0.0000,0.0000,2159.0000,0.0000,0.0000,0.0000,0.0000,2,0,0,0,0,2,0,0,0,0
zc,WT209,2012-06-21 10:45:43.177,2155.0000,2366,0,0.0000,0.0000,0,0,空换,S,2154.0000,0.0000,0.0000,0.0000,0.0000,2158.0000,0.0000,0.0000,0.0000,0.0000,2,0,0,0,0,1,0,0,0,0
zc,WT209,2012-06-21 10:46:02.427,2155.0000,2366,0,0.0000,0.0000,0,0,空换,S,2154.0000,0.0000,0.0000,0.0000,0.0000,2158.0000,0.0000,0.0000,0.0000,0.0000,2,0,0,0,0,2,0,0,0,0
zc,WT209,2012-06-21 10:46:19.410,2155.0000,2366,0,0.0000,0.0000,0,0,空换,S,2154.0000,0.0000,0.0000,0.0000,0.0000,2155.0000,0.0000,0.0000,0.0000,0.0000,2,0,0,0,0,1,0,0,0,0
zc,WT209,2012-06-21 10:46:42.190,2154.0000,2364,-2,0.0000,2.0000,0,2,双平,S,2154.0000,0.0000,0.0000,0.0000,0.0000,2155.0000,0.0000,0.0000,0.0000,0.0000,1,0,0,0,0,1,0,0,0,0
zc,WT209,2012-06-21 10:46:55.677,2154.0000,2364,0,0.0000,0.0000,0,0,空换,S,2154.0000,0.0000,0.0000,0.0000,0.0000,2155.0000,0.0000,0.0000,0.0000,0.0000,2,0,0,0,0,1,0,0,0,0
zc,WT209,2012-06-21 10:46:58.910,2155.0000,2364,0,0.0000,2.0000,1,1,多换,B,2154.0000,0.0000,0.0000,0.0000,0.0000,2158.0000,0.0000,0.0000,0.0000,0.0000,2,0,0,0,0,2,0,0,0,0
zc,WT209,2012-06-21 10:47:02.440,2155.0000,2364,0,0.0000,0.0000,0,0,多换,B,2154.0000,0.0000,0.0000,0.0000,0.0000,2158.0000,0.0000,0.0000,0.0000,0.0000,1,0,0,0,0,2,0,0,0,0
zc,WT209,2012-06-21 10:47:07.957,2155.0000,2364,0,0.0000,0.0000,0,0,多换,B,2154.0000,0.0000,0.0000,0.0000,0.0000,2157.0000,0.0000,0.0000,0.0000,0.0000,1,0,0,0,0,1,0,0,0,0
zc,WT209,2012-06-21 10:47:49.660,2155.0000,2364,0,0.0000,0.0000,0,0,多换,B,2154.0000,0.0000,0.0000,0.0000,0.0000,2157.0000,0.0000,0.0000,0.0000,0.0000,2,0,0,0,0,1,0,0,0,0
zc,WT209,2012-06-21 10:48:05.643,2155.0000,2364,0,0.0000,0.0000,0,0,多换,B,2154.0000,0.0000,0.0000,0.0000,0.0000,2157.0000,0.0000,0.0000,0.0000,0.0000,2,0,0,0,0,1,0,0,0,0
zc,WT209,2012-06-21 10:48:09.427,2155.0000,2364,0,0.0000,0.0000,0,0,多换,B,2154.0000,0.0000,0.0000,0.0000,0.0000,2157.0000,0.0000,0.0000,0.0000,0.0000,3,0,0,0,0,1,0,0,0,0
zc,WT209,2012-06-21 10:49:05.643,2155.0000,2364,0,0.0000,0.0000,0,0,多换,B,2154.0000,0.0000,0.0000,0.0000,0.0000,2157.0000,0.0000,0.0000,0.0000,0.0000,3,0,0,0,0,1,0,0,0,0
zc,WT209,2012-06-21 10:50:16.160,2155.0000,2364,0,0.0000,0.0000,0,0,多换,B,2154.0000,0.0000,0.0000,0.0000,0.0000,2157.0000,0.0000,0.0000,0.0000,0.0000,4,0,0,0,0,1,0,0,0,0
zc,WT209,2012-06-21 10:50:39.660,2155.0000,2364,0,0.0000,0.0000,0,0,多换,B,2154.0000,0.0000,0.0000,0.0000,0.0000,2157.0000,0.0000,0.0000,0.0000,0.0000,4,0,0,0,0,2,0,0,0,0
zc,WT209,2012-06-21 10:50:51.927,2155.0000,2364,0,0.0000,0.0000,0,0,多换,B,2154.0000,0.0000,0.0000,0.0000,0.0000,2157.0000,0.0000,0.0000,0.0000,0.0000,3,0,0,0,0,2,0,0,0,0
zc,WT209,2012-06-21 10:51:20.177,2155.0000,2364,0,0.0000,0.0000,0,0,多换,B,2154.0000,0.0000,0.0000,0.0000,0.0000,2157.0000,0.0000,0.0000,0.0000,0.0000,4,0,0,0,0,2,0,0,0,0
zc,WT209,2012-06-21 10:51:33.690,2155.0000,2364,0,0.0000,0.0000,0,0,多换,B,2154.0000,0.0000,0.0000,0.0000,0.0000,2157.0000,0.0000,0.0000,0.0000,0.0000,3,0,0,0,0,2,0,0,0,0
zc,WT209,2012-06-21 10:51:58.143,2155.0000,2364,0,0.0000,0.0000,0,0,多换,B,2154.0000,0.0000,0.0000,0.0000,0.0000,2157.0000,0.0000,0.0000,0.0000,0.0000,3,0,0,0,0,3,0,0,0,0
zc,WT209,2012-06-21 10:52:10.677,2155.0000,2364,0,0.0000,0.0000,0,0,多换,B,2154.0000,0.0000,0.0000,0.0000,0.0000,2157.0000,0.0000,0.0000,0.0000,0.0000,3,0,0,0,0,2,0,0,0,0
zc,WT209,2012-06-21 10:52:54.427,2155.0000,2364,0,0.0000,0.0000,0,0,多换,B,2154.0000,0.0000,0.0000,0.0000,0.0000,2157.0000,0.0000,0.0000,0.0000,0.0000,3,0,0,0,0,3,0,0,0,0
zc,WT209,2012-06-21 10:53:05.660,2155.0000,2364,0,0.0000,0.0000,0,0,多换,B,2154.0000,0.0000,0.0000,0.0000,0.0000,2157.0000,0.0000,0.0000,0.0000,0.0000,3,0,0,0,0,3,0,0,0,0
zc,WT209,2012-06-21 10:53:07.660,2155.0000,2364,0,0.0000,0.0000,0,0,多换,B,2154.0000,0.0000,0.0000,0.0000,0.0000,2157.0000,0.0000,0.0000,0.0000,0.0000,3,0,0,0,0,2,0,0,0,0
zc,WT209,2012-06-21 10:53:14.677,2155.0000,2364,0,0.0000,0.0000,0,0,多换,B,2154.0000,0.0000,0.0000,0.0000,0.0000,2157.0000,0.0000,0.0000,0.0000,0.0000,3,0,0,0,0,3,0,0,0,0
zc,WT209,2012-06-21 10:54:04.143,2155.0000,2364,0,0.0000,0.0000,0,0,多换,B,2154.0000,0.0000,0.0000,0.0000,0.0000,2157.0000,0.0000,0.0000,0.0000,0.0000,3,0,0,0,0,4,0,0,0,0
zc,WT209,2012-06-21 10:54:11.393,2155.0000,2364,0,0.0000,0.0000,0,0,多换,B,2154.0000,0.0000,0.0000,0.0000,0.0000,2157.0000,0.0000,0.0000,0.0000,0.0000,3,0,0,0,0,3,0,0,0,0
zc,WT209,2012-06-21 10:55:38.627,2155.0000,2364,0,0.0000,0.0000,0,0,多换,B,2154.0000,0.0000,0.0000,0.0000,0.0000,2157.0000,0.0000,0.0000,0.0000,0.0000,3,0,0,0,0,2,0,0,0,0
zc,WT209,2012-06-21 10:59:05.660,2155.0000,2364,0,0.0000,0.0000,0,0,多换,B,2154.0000,0.0000,0.0000,0.0000,0.0000,2157.0000,0.0000,0.0000,0.0000,0.0000,3,0,0,0,0,2,0,0,0,0
zc,WT209,2012-06-21 10:59:31.190,2155.0000,2364,0,0.0000,0.0000,0,0,多换,B,2155.0000,0.0000,0.0000,0.0000,0.0000,2157.0000,0.0000,0.0000,0.0000,0.0000,1,0,0,0,0,2,0,0,0,0
zc,WT209,2012-06-21 11:00:19.487,2155.0000,2364,0,0.0000,0.0000,0,0,多换,B,2155.0000,0.0000,0.0000,0.0000,0.0000,2157.0000,0.0000,0.0000,0.0000,0.0000,1,0,0,0,0,1,0,0,0,0
zc,WT209,2012-06-21 11:00:23.690,2155.0000,2362,-2,0.0000,2.0000,0,2,双平,B,2154.0000,0.0000,0.0000,0.0000,0.0000,2157.0000,0.0000,0.0000,0.0000,0.0000,3,0,0,0,0,1,0,0,0,0
zc,WT209,2012-06-21 11:00:56.190,2155.0000,2362,0,0.0000,0.0000,0,0,多换,B,2154.0000,0.0000,0.0000,0.0000,0.0000,2157.0000,0.0000,0.0000,0.0000,0.0000,2,0,0,0,0,1,0,0,0,0
zc,WT209,2012-06-21 11:01:00.177,2155.0000,2362,0,0.0000,0.0000,0,0,多换,B,2154.0000,0.0000,0.0000,0.0000,0.0000,2157.0000,0.0000,0.0000,0.0000,0.0000,2,0,0,0,0,2,0,0,0,0
zc,WT209,2012-06-21 11:01:19.690,2155.0000,2362,0,0.0000,0.0000,0,0,多换,B,2154.0000,0.0000,0.0000,0.0000,0.0000,2157.0000,0.0000,0.0000,0.0000,0.0000,2,0,0,0,0,3,0,0,0,0
zc,WT209,2012-06-21 11:01:45.427,2155.0000,2362,0,0.0000,0.0000,0,0,多换,B,2154.0000,0.0000,0.0000,0.0000,0.0000,2157.0000,0.0000,0.0000,0.0000,0.0000,2,0,0,0,0,2,0,0,0,0
zc,WT209,2012-06-21 11:02:17.207,2155.0000,2362,0,0.0000,0.0000,0,0,多换,B,2154.0000,0.0000,0.0000,0.0000,0.0000,2157.0000,0.0000,0.0000,0.0000,0.0000,2,0,0,0,0,1,0,0,0,0
zc,WT209,2012-06-21 11:04:51.143,2154.0000,2362,0,0.0000,4.0000,2,2,空换,S,2152.0000,0.0000,0.0000,0.0000,0.0000,2154.0000,0.0000,0.0000,0.0000,0.0000,4,0,0,0,0,13,0,0,0,0
zc,WT209,2012-06-21 11:04:56.427,2154.0000,2362,0,0.0000,0.0000,0,0,空换,S,2152.0000,0.0000,0.0000,0.0000,0.0000,2154.0000,0.0000,0.0000,0.0000,0.0000,5,0,0,0,0,13,0,0,0,0
zc,WT209,2012-06-21 11:05:38.893,2154.0000,2362,0,0.0000,0.0000,0,0,空换,S,2152.0000,0.0000,0.0000,0.0000,0.0000,2157.0000,0.0000,0.0000,0.0000,0.0000,5,0,0,0,0,1,0,0,0,0
zc,WT209,2012-06-21 11:05:47.127,2154.0000,2362,0,0.0000,0.0000,0,0,空换,S,2153.0000,0.0000,0.0000,0.0000,0.0000,2157.0000,0.0000,0.0000,0.0000,0.0000,1,0,0,0,0,1,0,0,0,0
zc,WT209,2012-06-21 11:05:47.660,2152.0000,2358,-4,0.0000,12.0000,4,8,多平,S,2151.0000,0.0000,0.0000,0.0000,0.0000,2152.0000,0.0000,0.0000,0.0000,0.0000,12,0,0,0,0,7,0,0,0,0
zc,WT209,2012-06-21 11:05:50.893,2152.0000,2356,-2,0.0000,2.0000,0,2,双平,S,2151.0000,0.0000,0.0000,0.0000,0.0000,2152.0000,0.0000,0.0000,0.0000,0.0000,12,0,0,0,0,6,0,0,0,0
zc,WT209,2012-06-21 11:05:59.143,2152.0000,2356,0,0.0000,4.0000,2,2,空换,S,2151.0000,0.0000,0.0000,0.0000,0.0000,2152.0000,0.0000,0.0000,0.0000,0.0000,12,0,0,0,0,4,0,0,0,0
zc,WT209,2012-06-21 11:06:01.143,2152.0000,2354,-2,0.0000,2.0000,0,2,双平,S,2151.0000,0.0000,0.0000,0.0000,0.0000,2152.0000,0.0000,0.0000,0.0000,0.0000,12,0,0,0,0,3,0,0,0,0
zc,WT209,2012-06-21 11:06:13.643,2152.0000,2354,0,0.0000,0.0000,0,0,空换,S,2151.0000,0.0000,0.0000,0.0000,0.0000,2152.0000,0.0000,0.0000,0.0000,0.0000,12,0,0,0,0,4,0,0,0,0
zc,WT209,2012-06-21 11:06:14.160,2152.0000,2354,0,0.0000,2.0000,1,1,空换,S,2151.0000,0.0000,0.0000,0.0000,0.0000,2152.0000,0.0000,0.0000,0.0000,0.0000,12,0,0,0,0,3,0,0,0,0
zc,WT209,2012-06-21 11:06:14.940,2152.0000,2354,0,0.0000,2.0000,1,1,空换,S,2151.0000,0.0000,0.0000,0.0000,0.0000,2152.0000,0.0000,0.0000,0.0000,0.0000,12,0,0,0,0,2,0,0,0,0
zc,WT209,2012-06-21 11:06:16.393,2152.0000,2354,0,0.0000,2.0000,1,1,空换,S,2151.0000,0.0000,0.0000,0.0000,0.0000,2152.0000,0.0000,0.0000,0.0000,0.0000,12,0,0,0,0,1,0,0,0,0
zc,WT209,2012-06-21 11:06:19.643,2152.0000,2354,0,0.0000,2.0000,1,1,空换,S,2152.0000,0.0000,0.0000,0.0000,0.0000,2154.0000,0.0000,0.0000,0.0000,0.0000,1,0,0,0,0,2,0,0,0,0
zc,WT209,2012-06-21 11:06:22.457,2152.0000,2354,0,0.0000,0.0000,0,0,空换,S,2152.0000,0.0000,0.0000,0.0000,0.0000,2154.0000,0.0000,0.0000,0.0000,0.0000,1,0,0,0,0,3,0,0,0,0
zc,WT209,2012-06-21 11:06:25.143,2152.0000,2354,0,0.0000,0.0000,0,0,空换,S,2152.0000,0.0000,0.0000,0.0000,0.0000,2153.0000,0.0000,0.0000,0.0000,0.0000,1,0,0,0,0,1,0,0,0,0
zc,WT209,2012-06-21 11:07:06.143,2153.0000,2352,-2,0.0000,2.0000,0,2,双平,B,2152.0000,0.0000,0.0000,0.0000,0.0000,2154.0000,0.0000,0.0000,0.0000,0.0000,1,0,0,0,0,3,0,0,0,0
zc,WT209,2012-06-21 11:07:33.690,2154.0000,2348,-4,0.0000,4.0000,0,4,双平,B,2152.0000,0.0000,0.0000,0.0000,0.0000,2154.0000,0.0000,0.0000,0.0000,0.0000,1,0,0,0,0,1,0,0,0,0
zc,WT209,2012-06-21 11:07:38.677,2154.0000,2348,0,0.0000,0.0000,0,0,多换,B,2152.0000,0.0000,0.0000,0.0000,0.0000,2154.0000,0.0000,0.0000,0.0000,0.0000,2,0,0,0,0,1,0,0,0,0
zc,WT209,2012-06-21 11:12:05.677,2154.0000,2348,0,0.0000,0.0000,0,0,多换,B,2152.0000,0.0000,0.0000,0.0000,0.0000,2154.0000,0.0000,0.0000,0.0000,0.0000,2,0,0,0,0,1,0,0,0,0
zc,WT209,2012-06-21 11:13:54.177,2154.0000,2346,-2,0.0000,2.0000,0,2,双平,B,2152.0000,0.0000,0.0000,0.0000,0.0000,2156.0000,0.0000,0.0000,0.0000,0.0000,2,0,0,0,0,1,0,0,0,0
zc,WT209,2012-06-21 11:13:58.177,2154.0000,2346,0,0.0000,0.0000,0,0,多换,B,2152.0000,0.0000,0.0000,0.0000,0.0000,2155.0000,0.0000,0.0000,0.0000,0.0000,2,0,0,0,0,1,0,0,0,0
zc,WT209,2012-06-21 11:14:05.643,2154.0000,2346,0,0.0000,0.0000,0,0,多换,B,2152.0000,0.0000,0.0000,0.0000,0.0000,2155.0000,0.0000,0.0000,0.0000,0.0000,2,0,0,0,0,1,0,0,0,0
zc,WT209,2012-06-21 11:14:08.677,2154.0000,2346,0,0.0000,0.0000,0,0,多换,B,2153.0000,0.0000,0.0000,0.0000,0.0000,2155.0000,0.0000,0.0000,0.0000,0.0000,1,0,0,0,0,1,0,0,0,0
zc,WT209,2012-06-21 11:16:46.973,2154.0000,2346,0,0.0000,0.0000,0,0,多换,B,2152.0000,0.0000,0.0000,0.0000,0.0000,2155.0000,0.0000,0.0000,0.0000,0.0000,1,0,0,0,0,1,0,0,0,0
zc,WT209,2012-06-21 11:17:12.177,2154.0000,2346,0,0.0000,0.0000,0,0,多换,B,2152.0000,0.0000,0.0000,0.0000,0.0000,2154.0000,0.0000,0.0000,0.0000,0.0000,1,0,0,0,0,1,0,0,0,0
zc,WT209,2012-06-21 11:18:05.660,2154.0000,2346,0,0.0000,0.0000,0,0,多换,B,2152.0000,0.0000,0.0000,0.0000,0.0000,2154.0000,0.0000,0.0000,0.0000,0.0000,1,0,0,0,0,1,0,0,0,0
zc,WT209,2012-06-21 11:19:05.660,2154.0000,2346,0,0.0000,0.0000,0,0,多换,B,2152.0000,0.0000,0.0000,0.0000,0.0000,2154.0000,0.0000,0.0000,0.0000,0.0000,1,0,0,0,0,1,0,0,0,0
zc,WT209,2012-06-21 11:21:31.677,2154.0000,2346,0,0.0000,0.0000,0,0,多换,B,2152.0000,0.0000,0.0000,0.0000,0.0000,2153.0000,0.0000,0.0000,0.0000,0.0000,1,0,0,0,0,1,0,0,0,0
zc,WT209,2012-06-21 11:21:53.910,2154.0000,2346,0,0.0000,0.0000,0,0,多换,B,2152.0000,0.0000,0.0000,0.0000,0.0000,2153.0000,0.0000,0.0000,0.0000,0.0000,2,0,0,0,0,1,0,0,0,0
zc,WT209,2012-06-21 11:21:55.660,2154.0000,2346,0,0.0000,0.0000,0,0,多换,B,2152.0000,0.0000,0.0000,0.0000,0.0000,2153.0000,0.0000,0.0000,0.0000,0.0000,1,0,0,0,0,1,0,0,0,0
zc,WT209,2012-06-21 11:21:56.237,2152.0000,2344,-2,0.0000,2.0000,0,2,双平,S,2151.0000,0.0000,0.0000,0.0000,0.0000,2153.0000,0.0000,0.0000,0.0000,0.0000,11,0,0,0,0,1,0,0,0,0
zc,WT209,2012-06-21 11:22:34.893,2152.0000,2344,0,0.0000,0.0000,0,0,空换,S,2151.0000,0.0000,0.0000,0.0000,0.0000,2153.0000,0.0000,0.0000,0.0000,0.0000,12,0,0,0,0,1,0,0,0,0
zc,WT209,2012-06-21 11:23:56.910,2152.0000,2344,0,0.0000,0.0000,0,0,空换,S,2151.0000,0.0000,0.0000,0.0000,0.0000,2153.0000,0.0000,0.0000,0.0000,0.0000,12,0,0,0,0,2,0,0,0,0
zc,WT209,2012-06-21 11:24:05.643,2152.0000,2344,0,0.0000,0.0000,0,0,空换,S,2151.0000,0.0000,0.0000,0.0000,0.0000,2153.0000,0.0000,0.0000,0.0000,0.0000,12,0,0,0,0,2,0,0,0,0
zc,WT209,2012-06-21 11:24:42.973,2152.0000,2344,0,0.0000,0.0000,0,0,空换,S,2151.0000,0.0000,0.0000,0.0000,0.0000,2153.0000,0.0000,0.0000,0.0000,0.0000,12,0,0,0,0,1,0,0,0,0
zc,WT209,2012-06-21 11:24:47.723,2152.0000,2344,0,0.0000,0.0000,0,0,空换,S,2151.0000,0.0000,0.0000,0.0000,0.0000,2152.0000,0.0000,0.0000,0.0000,0.0000,12,0,0,0,0,1,0,0,0,0
