市场代码,合约代码,时间,最新,持仓,增仓,成交额,成交量,开仓,平仓,成交类型,方向,买一价,买二价,买三价,买四价,买五价,卖一价,卖二价,卖三价,卖四价,卖五价,买一量,买二量,买三量,买四量,买五量,卖一量,卖二量,卖三量,卖四量,卖五量
zc,SR311,2012-06-15 07:45:27.387,0.0000,12,0,0.0000,0.0000,0,0,空换,S,0.0000,0.0000,0.0000,0.0000,0.0000,0.0000,0.0000,0.0000,0.0000,0.0000,0,0,0,0,0,0,0,0,0,0
zc,SR311,2012-06-15 07:58:28.167,0.0000,12,0,0.0000,0.0000,0,0,空换,S,0.0000,0.0000,0.0000,0.0000,0.0000,0.0000,0.0000,0.0000,0.0000,0.0000,0,0,0,0,0,0,0,0,0,0
zc,SR311,2012-06-15 08:57:30.200,0.0000,12,0,0.0000,0.0000,0,0,空换,S,0.0000,0.0000,0.0000,0.0000,0.0000,0.0000,0.0000,0.0000,0.0000,0.0000,0,0,0,0,0,0,0,0,0,0
zc,SR311,2012-06-15 09:00:30.230,0.0000,12,0,0.0000,0.0000,0,0,空换,S,0.0000,0.0000,0.0000,0.0000,0.0000,0.0000,0.0000,0.0000,0.0000,0.0000,0,0,0,0,0,0,0,0,0,0
zc,SR311,2012-06-15 09:00:31.277,0.0000,12,0,0.0000,0.0000,0,0,空换,S,0.0000,0.0000,0.0000,0.0000,0.0000,5816.0000,0.0000,0.0000,0.0000,0.0000,0,0,0,0,0,1,0,0,0,0
zc,SR311,2012-06-15 09:00:33.323,0.0000,12,0,0.0000,0.0000,0,0,空换,S,5563.0000,0.0000,0.0000,0.0000,0.0000,5816.0000,0.0000,0.0000,0.0000,0.0000,3,0,0,0,0,1,0,0,0,0
zc,SR311,2012-06-15 09:00:35.057,0.0000,12,0,0.0000,0.0000,0,0,空换,S,5564.0000,0.0000,0.0000,0.0000,0.0000,5816.0000,0.0000,0.0000,0.0000,0.0000,3,0,0,0,0,1,0,0,0,0
zc,SR311,2012-06-15 09:00:42.027,0.0000,12,0,0.0000,0.0000,0,0,空换,S,5569.0000,0.0000,0.0000,0.0000,0.0000,5816.0000,0.0000,0.0000,0.0000,0.0000,3,0,0,0,0,1,0,0,0,0
zc,SR311,2012-06-15 09:00:55.260,5569.0000,16,4,0.0000,4.0000,4,0,双开,B,5570.0000,0.0000,0.0000,0.0000,0.0000,5816.0000,0.0000,0.0000,0.0000,0.0000,58,0,0,0,0,1,0,0,0,0
zc,SR311,2012-06-15 09:00:55.777,5569.0000,16,0,0.0000,0.0000,0,0,多换,B,5570.0000,0.0000,0.0000,0.0000,0.0000,5816.0000,0.0000,0.0000,0.0000,0.0000,23,0,0,0,0,1,0,0,0,0
zc,SR311,2012-06-15 09:01:04.057,5569.0000,16,0,0.0000,0.0000,0,0,多换,B,5575.0000,0.0000,0.0000,0.0000,0.0000,5816.0000,0.0000,0.0000,0.0000,0.0000,3,0,0,0,0,1,0,0,0,0
zc,SR311,2012-06-15 09:01:07.497,5569.0000,16,0,0.0000,0.0000,0,0,多换,B,5603.0000,0.0000,0.0000,0.0000,0.0000,5816.0000,0.0000,0.0000,0.0000,0.0000,1,0,0,0,0,1,0,0,0,0
zc,SR311,2012-06-15 09:01:11.573,5569.0000,16,0,0.0000,0.0000,0,0,多换,B,5608.0000,0.0000,0.0000,0.0000,0.0000,5816.0000,0.0000,0.0000,0.0000,0.0000,3,0,0,0,0,1,0,0,0,0
zc,SR311,2012-06-15 09:01:15.230,5569.0000,16,0,0.0000,0.0000,0,0,多换,B,5618.0000,0.0000,0.0000,0.0000,0.0000,5816.0000,0.0000,0.0000,0.0000,0.0000,1,0,0,0,0,2,0,0,0,0
zc,SR311,2012-06-15 09:01:18.747,5569.0000,16,0,0.0000,0.0000,0,0,多换,B,5623.0000,0.0000,0.0000,0.0000,0.0000,5816.0000,0.0000,0.0000,0.0000,0.0000,3,0,0,0,0,2,0,0,0,0
zc,SR311,2012-06-15 09:01:37.807,5816.0000,14,-2,0.0000,4.0000,1,3,空平,B,5623.0000,0.0000,0.0000,0.0000,0.0000,0.0000,0.0000,0.0000,0.0000,0.0000,3,0,0,0,0,0,0,0,0,0
zc,SR311,2012-06-15 09:01:38.793,5816.0000,14,0,0.0000,0.0000,0,0,多换,B,5623.0000,0.0000,0.0000,0.0000,0.0000,6027.0000,0.0000,0.0000,0.0000,0.0000,3,0,0,0,0,3,0,0,0,0
zc,SR311,2012-06-15 09:01:39.527,5816.0000,14,0,0.0000,0.0000,0,0,多换,B,5623.0000,0.0000,0.0000,0.0000,0.0000,6024.0000,0.0000,0.0000,0.0000,0.0000,3,0,0,0,0,6,0,0,0,0
zc,SR311,2012-06-15 09:01:47.027,5816.0000,14,0,0.0000,0.0000,0,0,多换,B,5623.0000,0.0000,0.0000,0.0000,0.0000,6019.0000,0.0000,0.0000,0.0000,0.0000,3,0,0,0,0,3,0,0,0,0
zc,SR311,2012-06-15 09:01:47.747,5816.0000,14,0,0.0000,0.0000,0,0,多换,B,5623.0000,0.0000,0.0000,0.0000,0.0000,6016.0000,0.0000,0.0000,0.0000,0.0000,3,0,0,0,0,6,0,0,0,0
zc,SR311,2012-06-15 09:01:54.027,5816.0000,14,0,0.0000,0.0000,0,0,多换,B,5623.0000,0.0000,0.0000,0.0000,0.0000,6011.0000,0.0000,0.0000,0.0000,0.0000,3,0,0,0,0,3,0,0,0,0
zc,SR311,2012-06-15 09:01:54.543,5816.0000,14,0,0.0000,0.0000,0,0,多换,B,5623.0000,0.0000,0.0000,0.0000,0.0000,6008.0000,0.0000,0.0000,0.0000,0.0000,3,0,0,0,0,6,0,0,0,0
zc,SR311,2012-06-15 09:02:01.247,5816.0000,14,0,0.0000,0.0000,0,0,多换,B,5623.0000,0.0000,0.0000,0.0000,0.0000,5955.0000,0.0000,0.0000,0.0000,0.0000,3,0,0,0,0,1,0,0,0,0
zc,SR311,2012-06-15 09:02:02.510,5816.0000,14,0,0.0000,0.0000,0,0,多换,B,5623.0000,0.0000,0.0000,0.0000,0.0000,5952.0000,0.0000,0.0000,0.0000,0.0000,3,0,0,0,0,6,0,0,0,0
zc,SR311,2012-06-15 09:02:04.510,5816.0000,14,0,0.0000,0.0000,0,0,多换,B,5623.0000,0.0000,0.0000,0.0000,0.0000,5947.0000,0.0000,0.0000,0.0000,0.0000,3,0,0,0,0,3,0,0,0,0
zc,SR311,2012-06-15 09:02:05.027,5816.0000,14,0,0.0000,0.0000,0,0,多换,B,5623.0000,0.0000,0.0000,0.0000,0.0000,5944.0000,0.0000,0.0000,0.0000,0.0000,3,0,0,0,0,4,0,0,0,0
zc,SR311,2012-06-15 09:02:11.527,5816.0000,14,0,0.0000,0.0000,0,0,多换,B,5623.0000,0.0000,0.0000,0.0000,0.0000,5939.0000,0.0000,0.0000,0.0000,0.0000,3,0,0,0,0,3,0,0,0,0
zc,SR311,2012-06-15 09:02:12.777,5816.0000,14,0,0.0000,0.0000,0,0,多换,B,5623.0000,0.0000,0.0000,0.0000,0.0000,5936.0000,0.0000,0.0000,0.0000,0.0000,3,0,0,0,0,4,0,0,0,0
zc,SR311,2012-06-15 09:02:18.510,5816.0000,14,0,0.0000,0.0000,0,0,多换,B,5623.0000,0.0000,0.0000,0.0000,0.0000,5931.0000,0.0000,0.0000,0.0000,0.0000,3,0,0,0,0,3,0,0,0,0
zc,SR311,2012-06-15 09:02:19.010,5816.0000,14,0,0.0000,0.0000,0,0,多换,B,5623.0000,0.0000,0.0000,0.0000,0.0000,5928.0000,0.0000,0.0000,0.0000,0.0000,3,0,0,0,0,4,0,0,0,0
zc,SR311,2012-06-15 09:02:24.997,5816.0000,14,0,0.0000,0.0000,0,0,多换,B,5623.0000,0.0000,0.0000,0.0000,0.0000,5923.0000,0.0000,0.0000,0.0000,0.0000,3,0,0,0,0,3,0,0,0,0
zc,SR311,2012-06-15 09:02:26.260,5816.0000,14,0,0.0000,0.0000,0,0,多换,B,5623.0000,0.0000,0.0000,0.0000,0.0000,5920.0000,0.0000,0.0000,0.0000,0.0000,3,0,0,0,0,4,0,0,0,0
zc,SR311,2012-06-15 09:02:26.747,5816.0000,14,0,0.0000,0.0000,0,0,多换,B,5702.0000,0.0000,0.0000,0.0000,0.0000,5920.0000,0.0000,0.0000,0.0000,0.0000,1,0,0,0,0,4,0,0,0,0
zc,SR311,2012-06-15 09:02:32.277,5816.0000,14,0,0.0000,0.0000,0,0,多换,B,5702.0000,0.0000,0.0000,0.0000,0.0000,5915.0000,0.0000,0.0000,0.0000,0.0000,1,0,0,0,0,3,0,0,0,0
zc,SR311,2012-06-15 09:02:33.497,5816.0000,14,0,0.0000,0.0000,0,0,多换,B,5702.0000,0.0000,0.0000,0.0000,0.0000,5912.0000,0.0000,0.0000,0.0000,0.0000,1,0,0,0,0,4,0,0,0,0
zc,SR311,2012-06-15 09:02:40.260,5816.0000,14,0,0.0000,0.0000,0,0,多换,B,5702.0000,0.0000,0.0000,0.0000,0.0000,5907.0000,0.0000,0.0000,0.0000,0.0000,1,0,0,0,0,3,0,0,0,0
zc,SR311,2012-06-15 09:02:40.777,5816.0000,14,0,0.0000,0.0000,0,0,多换,B,5702.0000,0.0000,0.0000,0.0000,0.0000,5904.0000,0.0000,0.0000,0.0000,0.0000,1,0,0,0,0,4,0,0,0,0
zc,SR311,2012-06-15 09:02:47.230,5816.0000,14,0,0.0000,0.0000,0,0,多换,B,5702.0000,0.0000,0.0000,0.0000,0.0000,5899.0000,0.0000,0.0000,0.0000,0.0000,1,0,0,0,0,3,0,0,0,0
zc,SR311,2012-06-15 09:02:47.997,5816.0000,14,0,0.0000,0.0000,0,0,多换,B,5702.0000,0.0000,0.0000,0.0000,0.0000,5896.0000,0.0000,0.0000,0.0000,0.0000,1,0,0,0,0,4,0,0,0,0
zc,SR311,2012-06-15 09:02:53.027,5816.0000,14,0,0.0000,0.0000,0,0,多换,B,5702.0000,0.0000,0.0000,0.0000,0.0000,5816.0000,0.0000,0.0000,0.0000,0.0000,1,0,0,0,0,3,0,0,0,0
zc,SR311,2012-06-15 09:04:30.200,5816.0000,14,0,0.0000,0.0000,0,0,多换,B,5702.0000,0.0000,0.0000,0.0000,0.0000,5816.0000,0.0000,0.0000,0.0000,0.0000,1,0,0,0,0,3,0,0,0,0
zc,SR311,2012-06-15 09:04:53.010,5816.0000,14,0,0.0000,0.0000,0,0,多换,B,5702.0000,0.0000,0.0000,0.0000,0.0000,5800.0000,0.0000,0.0000,0.0000,0.0000,1,0,0,0,0,2,0,0,0,0
zc,SR311,2012-06-15 09:05:43.480,5816.0000,14,0,0.0000,0.0000,0,0,多换,B,5740.0000,0.0000,0.0000,0.0000,0.0000,5800.0000,0.0000,0.0000,0.0000,0.0000,2,0,0,0,0,2,0,0,0,0
zc,SR311,2012-06-15 09:06:29.777,5816.0000,14,0,0.0000,0.0000,0,0,多换,B,5741.0000,0.0000,0.0000,0.0000,0.0000,5800.0000,0.0000,0.0000,0.0000,0.0000,1,0,0,0,0,2,0,0,0,0
zc,SR311,2012-06-15 09:07:56.027,5816.0000,14,0,0.0000,0.0000,0,0,多换,B,5745.0000,0.0000,0.0000,0.0000,0.0000,5800.0000,0.0000,0.0000,0.0000,0.0000,4,0,0,0,0,2,0,0,0,0
zc,SR311,2012-06-15 09:08:19.997,5816.0000,14,0,0.0000,0.0000,0,0,多换,B,5746.0000,0.0000,0.0000,0.0000,0.0000,5800.0000,0.0000,0.0000,0.0000,0.0000,1,0,0,0,0,2,0,0,0,0
zc,SR311,2012-06-15 09:09:08.247,5816.0000,14,0,0.0000,0.0000,0,0,多换,B,5750.0000,0.0000,0.0000,0.0000,0.0000,5800.0000,0.0000,0.0000,0.0000,0.0000,4,0,0,0,0,2,0,0,0,0
zc,SR311,2012-06-15 09:09:19.247,5816.0000,14,0,0.0000,0.0000,0,0,多换,B,5751.0000,0.0000,0.0000,0.0000,0.0000,5800.0000,0.0000,0.0000,0.0000,0.0000,1,0,0,0,0,2,0,0,0,0
zc,SR311,2012-06-15 09:10:56.980,5816.0000,14,0,0.0000,0.0000,0,0,多换,B,5751.0000,0.0000,0.0000,0.0000,0.0000,5955.0000,0.0000,0.0000,0.0000,0.0000,1,0,0,0,0,1,0,0,0,0
zc,SR311,2012-06-15 09:10:58.247,5816.0000,14,0,0.0000,0.0000,0,0,多换,B,5751.0000,0.0000,0.0000,0.0000,0.0000,5950.0000,0.0000,0.0000,0.0000,0.0000,1,0,0,0,0,3,0,0,0,0
zc,SR311,2012-06-15 09:10:59.480,5816.0000,14,0,0.0000,0.0000,0,0,多换,B,5751.0000,0.0000,0.0000,0.0000,0.0000,5947.0000,0.0000,0.0000,0.0000,0.0000,1,0,0,0,0,4,0,0,0,0
zc,SR311,2012-06-15 09:11:03.480,5816.0000,14,0,0.0000,0.0000,0,0,多换,B,5751.0000,0.0000,0.0000,0.0000,0.0000,5942.0000,0.0000,0.0000,0.0000,0.0000,1,0,0,0,0,3,0,0,0,0
zc,SR311,2012-06-15 09:11:04.480,5816.0000,14,0,0.0000,0.0000,0,0,多换,B,5751.0000,0.0000,0.0000,0.0000,0.0000,5939.0000,0.0000,0.0000,0.0000,0.0000,1,0,0,0,0,4,0,0,0,0
zc,SR311,2012-06-15 09:11:10.760,5816.0000,14,0,0.0000,0.0000,0,0,多换,B,5751.0000,0.0000,0.0000,0.0000,0.0000,5934.0000,0.0000,0.0000,0.0000,0.0000,1,0,0,0,0,3,0,0,0,0
zc,SR311,2012-06-15 09:11:11.980,5816.0000,14,0,0.0000,0.0000,0,0,多换,B,5751.0000,0.0000,0.0000,0.0000,0.0000,5931.0000,0.0000,0.0000,0.0000,0.0000,1,0,0,0,0,4,0,0,0,0
zc,SR311,2012-06-15 09:11:17.027,5816.0000,14,0,0.0000,0.0000,0,0,多换,B,5751.0000,0.0000,0.0000,0.0000,0.0000,5926.0000,0.0000,0.0000,0.0000,0.0000,1,0,0,0,0,3,0,0,0,0
zc,SR311,2012-06-15 09:11:18.260,5816.0000,14,0,0.0000,0.0000,0,0,多换,B,5751.0000,0.0000,0.0000,0.0000,0.0000,5923.0000,0.0000,0.0000,0.0000,0.0000,1,0,0,0,0,4,0,0,0,0
zc,SR311,2012-06-15 09:11:24.213,5816.0000,14,0,0.0000,0.0000,0,0,多换,B,5751.0000,0.0000,0.0000,0.0000,0.0000,5918.0000,0.0000,0.0000,0.0000,0.0000,1,0,0,0,0,3,0,0,0,0
zc,SR311,2012-06-15 09:11:25.230,5816.0000,14,0,0.0000,0.0000,0,0,多换,B,5751.0000,0.0000,0.0000,0.0000,0.0000,5915.0000,0.0000,0.0000,0.0000,0.0000,1,0,0,0,0,4,0,0,0,0
zc,SR311,2012-06-15 09:11:31.213,5816.0000,14,0,0.0000,0.0000,0,0,多换,B,5751.0000,0.0000,0.0000,0.0000,0.0000,5910.0000,0.0000,0.0000,0.0000,0.0000,1,0,0,0,0,3,0,0,0,0
zc,SR311,2012-06-15 09:11:32.247,5816.0000,14,0,0.0000,0.0000,0,0,多换,B,5751.0000,0.0000,0.0000,0.0000,0.0000,5907.0000,0.0000,0.0000,0.0000,0.0000,1,0,0,0,0,3,0,0,0,0
zc,SR311,2012-06-15 09:11:38.480,5816.0000,14,0,0.0000,0.0000,0,0,多换,B,5751.0000,0.0000,0.0000,0.0000,0.0000,5902.0000,0.0000,0.0000,0.0000,0.0000,1,0,0,0,0,3,0,0,0,0
zc,SR311,2012-06-15 09:11:39.980,5816.0000,14,0,0.0000,0.0000,0,0,多换,B,5751.0000,0.0000,0.0000,0.0000,0.0000,5899.0000,0.0000,0.0000,0.0000,0.0000,1,0,0,0,0,3,0,0,0,0
zc,SR311,2012-06-15 09:11:45.450,5816.0000,14,0,0.0000,0.0000,0,0,多换,B,5751.0000,0.0000,0.0000,0.0000,0.0000,5894.0000,0.0000,0.0000,0.0000,0.0000,1,0,0,0,0,3,0,0,0,0
zc,SR311,2012-06-15 09:11:47.260,5816.0000,14,0,0.0000,0.0000,0,0,多换,B,5751.0000,0.0000,0.0000,0.0000,0.0000,5892.0000,0.0000,0.0000,0.0000,0.0000,1,0,0,0,0,3,0,0,0,0
zc,SR311,2012-06-15 09:11:53.230,5816.0000,14,0,0.0000,0.0000,0,0,多换,B,5751.0000,0.0000,0.0000,0.0000,0.0000,5887.0000,0.0000,0.0000,0.0000,0.0000,1,0,0,0,0,3,0,0,0,0
zc,SR311,2012-06-15 09:11:53.997,5816.0000,14,0,0.0000,0.0000,0,0,多换,B,5751.0000,0.0000,0.0000,0.0000,0.0000,5886.0000,0.0000,0.0000,0.0000,0.0000,1,0,0,0,0,3,0,0,0,0
zc,SR311,2012-06-15 09:12:00.730,5816.0000,14,0,0.0000,0.0000,0,0,多换,B,5751.0000,0.0000,0.0000,0.0000,0.0000,5881.0000,0.0000,0.0000,0.0000,0.0000,1,0,0,0,0,3,0,0,0,0
zc,SR311,2012-06-15 09:12:01.997,5816.0000,14,0,0.0000,0.0000,0,0,多换,B,5751.0000,0.0000,0.0000,0.0000,0.0000,5880.0000,0.0000,0.0000,0.0000,0.0000,1,0,0,0,0,3,0,0,0,0
zc,SR311,2012-06-15 09:12:02.480,5816.0000,14,0,0.0000,0.0000,0,0,多换,B,5751.0000,0.0000,0.0000,0.0000,0.0000,5955.0000,0.0000,0.0000,0.0000,0.0000,1,0,0,0,0,1,0,0,0,0
zc,SR311,2012-06-15 09:12:03.230,5816.0000,14,0,0.0000,0.0000,0,0,多换,B,5751.0000,0.0000,0.0000,0.0000,0.0000,5952.0000,0.0000,0.0000,0.0000,0.0000,1,0,0,0,0,4,0,0,0,0
zc,SR311,2012-06-15 09:12:04.730,5816.0000,14,0,0.0000,0.0000,0,0,多换,B,5751.0000,0.0000,0.0000,0.0000,0.0000,5947.0000,0.0000,0.0000,0.0000,0.0000,1,0,0,0,0,3,0,0,0,0
zc,SR311,2012-06-15 09:12:05.247,5816.0000,14,0,0.0000,0.0000,0,0,多换,B,5751.0000,0.0000,0.0000,0.0000,0.0000,5944.0000,0.0000,0.0000,0.0000,0.0000,1,0,0,0,0,4,0,0,0,0
zc,SR311,2012-06-15 09:12:12.760,5816.0000,14,0,0.0000,0.0000,0,0,多换,B,5751.0000,0.0000,0.0000,0.0000,0.0000,5939.0000,0.0000,0.0000,0.0000,0.0000,1,0,0,0,0,3,0,0,0,0
zc,SR311,2012-06-15 09:12:13.213,5816.0000,14,0,0.0000,0.0000,0,0,多换,B,5751.0000,0.0000,0.0000,0.0000,0.0000,5936.0000,0.0000,0.0000,0.0000,0.0000,1,0,0,0,0,4,0,0,0,0
zc,SR311,2012-06-15 09:12:19.230,5816.0000,14,0,0.0000,0.0000,0,0,多换,B,5751.0000,0.0000,0.0000,0.0000,0.0000,5931.0000,0.0000,0.0000,0.0000,0.0000,1,0,0,0,0,3,0,0,0,0
zc,SR311,2012-06-15 09:12:19.747,5816.0000,14,0,0.0000,0.0000,0,0,多换,B,5751.0000,0.0000,0.0000,0.0000,0.0000,5928.0000,0.0000,0.0000,0.0000,0.0000,1,0,0,0,0,3,0,0,0,0
zc,SR311,2012-06-15 09:12:22.713,5816.0000,14,0,0.0000,0.0000,0,0,多换,B,5751.0000,0.0000,0.0000,0.0000,0.0000,5897.0000,0.0000,0.0000,0.0000,0.0000,1,0,0,0,0,1,0,0,0,0
zc,SR311,2012-06-15 09:12:23.260,5816.0000,14,0,0.0000,0.0000,0,0,多换,B,5751.0000,0.0000,0.0000,0.0000,0.0000,5895.0000,0.0000,0.0000,0.0000,0.0000,1,0,0,0,0,3,0,0,0,0
zc,SR311,2012-06-15 09:12:26.997,5816.0000,14,0,0.0000,0.0000,0,0,多换,B,5751.0000,0.0000,0.0000,0.0000,0.0000,5890.0000,0.0000,0.0000,0.0000,0.0000,1,0,0,0,0,3,0,0,0,0
zc,SR311,2012-06-15 09:12:27.480,5816.0000,14,0,0.0000,0.0000,0,0,多换,B,5751.0000,0.0000,0.0000,0.0000,0.0000,5889.0000,0.0000,0.0000,0.0000,0.0000,1,0,0,0,0,3,0,0,0,0
zc,SR311,2012-06-15 09:12:33.293,5816.0000,14,0,0.0000,0.0000,0,0,多换,B,5751.0000,0.0000,0.0000,0.0000,0.0000,5897.0000,0.0000,0.0000,0.0000,0.0000,1,0,0,0,0,1,0,0,0,0
zc,SR311,2012-06-15 09:12:33.730,5816.0000,14,0,0.0000,0.0000,0,0,多换,B,5751.0000,0.0000,0.0000,0.0000,0.0000,5896.0000,0.0000,0.0000,0.0000,0.0000,1,0,0,0,0,3,0,0,0,0
zc,SR311,2012-06-15 09:12:34.793,5816.0000,14,0,0.0000,0.0000,0,0,多换,B,5751.0000,0.0000,0.0000,0.0000,0.0000,5884.0000,0.0000,0.0000,0.0000,0.0000,1,0,0,0,0,3,0,0,0,0
zc,SR311,2012-06-15 09:14:28.010,5816.0000,14,0,0.0000,0.0000,0,0,多换,B,5751.0000,0.0000,0.0000,0.0000,0.0000,5882.0000,0.0000,0.0000,0.0000,0.0000,1,0,0,0,0,1,0,0,0,0
zc,SR311,2012-06-15 09:14:30.510,5816.0000,14,0,0.0000,0.0000,0,0,多换,B,5751.0000,0.0000,0.0000,0.0000,0.0000,5877.0000,0.0000,0.0000,0.0000,0.0000,1,0,0,0,0,2,0,0,0,0
zc,SR311,2012-06-15 09:15:49.480,5816.0000,14,0,0.0000,0.0000,0,0,多换,B,5751.0000,0.0000,0.0000,0.0000,0.0000,5816.0000,0.0000,0.0000,0.0000,0.0000,1,0,0,0,0,2,0,0,0,0
zc,SR311,2012-06-15 09:16:45.730,5816.0000,14,0,0.0000,0.0000,0,0,多换,B,5760.0000,0.0000,0.0000,0.0000,0.0000,5816.0000,0.0000,0.0000,0.0000,0.0000,4,0,0,0,0,2,0,0,0,0
zc,SR311,2012-06-15 09:16:58.200,5816.0000,14,0,0.0000,0.0000,0,0,多换,B,5761.0000,0.0000,0.0000,0.0000,0.0000,5816.0000,0.0000,0.0000,0.0000,0.0000,1,0,0,0,0,2,0,0,0,0
zc,SR311,2012-06-15 09:17:47.463,5816.0000,14,0,0.0000,0.0000,0,0,多换,B,5767.0000,0.0000,0.0000,0.0000,0.0000,5816.0000,0.0000,0.0000,0.0000,0.0000,4,0,0,0,0,2,0,0,0,0
zc,SR311,2012-06-15 09:18:02.747,5816.0000,14,0,0.0000,0.0000,0,0,多换,B,5768.0000,0.0000,0.0000,0.0000,0.0000,5816.0000,0.0000,0.0000,0.0000,0.0000,1,0,0,0,0,2,0,0,0,0
zc,SR311,2012-06-15 09:18:17.747,5768.0000,14,0,0.0000,2.0000,1,1,空换,S,5734.0000,0.0000,0.0000,0.0000,0.0000,5816.0000,0.0000,0.0000,0.0000,0.0000,1,0,0,0,0,2,0,0,0,0
zc,SR311,2012-06-15 09:18:33.730,5768.0000,14,0,0.0000,0.0000,0,0,空换,S,5740.0000,0.0000,0.0000,0.0000,0.0000,5816.0000,0.0000,0.0000,0.0000,0.0000,1,0,0,0,0,2,0,0,0,0
zc,SR311,2012-06-15 09:19:01.010,5768.0000,14,0,0.0000,0.0000,0,0,空换,S,5741.0000,0.0000,0.0000,0.0000,0.0000,5816.0000,0.0000,0.0000,0.0000,0.0000,1,0,0,0,0,2,0,0,0,0
zc,SR311,2012-06-15 09:19:20.230,5768.0000,14,0,0.0000,0.0000,0,0,空换,S,5735.0000,0.0000,0.0000,0.0000,0.0000,5816.0000,0.0000,0.0000,0.0000,0.0000,1,0,0,0,0,2,0,0,0,0
zc,SR311,2012-06-15 09:19:54.760,5768.0000,14,0,0.0000,0.0000,0,0,空换,S,5735.0000,0.0000,0.0000,0.0000,0.0000,5813.0000,0.0000,0.0000,0.0000,0.0000,1,0,0,0,0,2,0,0,0,0
zc,SR311,2012-06-15 09:20:30.200,5768.0000,14,0,0.0000,0.0000,0,0,空换,S,5735.0000,0.0000,0.0000,0.0000,0.0000,5813.0000,0.0000,0.0000,0.0000,0.0000,1,0,0,0,0,2,0,0,0,0
zc,SR311,2012-06-15 09:20:44.510,5768.0000,14,0,0.0000,0.0000,0,0,空换,S,5735.0000,0.0000,0.0000,0.0000,0.0000,5812.0000,0.0000,0.0000,0.0000,0.0000,1,0,0,0,0,1,0,0,0,0
zc,SR311,2012-06-15 09:20:47.700,5768.0000,14,0,0.0000,0.0000,0,0,空换,S,5735.0000,0.0000,0.0000,0.0000,0.0000,5809.0000,0.0000,0.0000,0.0000,0.0000,1,0,0,0,0,2,0,0,0,0
zc,SR311,2012-06-15 09:21:17.480,5809.0000,14,0,0.0000,2.0000,1,1,多换,B,5735.0000,0.0000,0.0000,0.0000,0.0000,5809.0000,0.0000,0.0000,0.0000,0.0000,1,0,0,0,0,1,0,0,0,0
zc,SR311,2012-06-15 09:21:25.277,5809.0000,14,0,0.0000,0.0000,0,0,多换,B,5755.0000,0.0000,0.0000,0.0000,0.0000,5809.0000,0.0000,0.0000,0.0000,0.0000,5,0,0,0,0,1,0,0,0,0
zc,SR311,2012-06-15 09:21:29.463,5809.0000,14,0,0.0000,0.0000,0,0,多换,B,5755.0000,0.0000,0.0000,0.0000,0.0000,5808.0000,0.0000,0.0000,0.0000,0.0000,5,0,0,0,0,1,0,0,0,0
zc,SR311,2012-06-15 09:21:46.230,5809.0000,14,0,0.0000,0.0000,0,0,多换,B,5755.0000,0.0000,0.0000,0.0000,0.0000,5805.0000,0.0000,0.0000,0.0000,0.0000,5,0,0,0,0,1,0,0,0,0
zc,SR311,2012-06-15 09:22:35.980,5809.0000,14,0,0.0000,0.0000,0,0,多换,B,5755.0000,0.0000,0.0000,0.0000,0.0000,5800.0000,0.0000,0.0000,0.0000,0.0000,5,0,0,0,0,1,0,0,0,0
zc,SR311,2012-06-15 09:23:38.247,5809.0000,14,0,0.0000,0.0000,0,0,多换,B,5755.0000,0.0000,0.0000,0.0000,0.0000,5797.0000,0.0000,0.0000,0.0000,0.0000,5,0,0,0,0,1,0,0,0,0
zc,SR311,2012-06-15 09:23:52.713,5809.0000,14,0,0.0000,0.0000,0,0,多换,B,5735.0000,0.0000,0.0000,0.0000,0.0000,5797.0000,0.0000,0.0000,0.0000,0.0000,1,0,0,0,0,1,0,0,0,0
zc,SR311,2012-06-15 09:24:22.963,5809.0000,14,0,0.0000,0.0000,0,0,多换,B,5736.0000,0.0000,0.0000,0.0000,0.0000,5797.0000,0.0000,0.0000,0.0000,0.0000,1,0,0,0,0,1,0,0,0,0
zc,SR311,2012-06-15 09:24:34.510,5809.0000,14,0,0.0000,0.0000,0,0,多换,B,5737.0000,0.0000,0.0000,0.0000,0.0000,5797.0000,0.0000,0.0000,0.0000,0.0000,1,0,0,0,0,1,0,0,0,0
zc,SR311,2012-06-15 09:24:59.997,5809.0000,14,0,0.0000,0.0000,0,0,多换,B,5740.0000,0.0000,0.0000,0.0000,0.0000,5797.0000,0.0000,0.0000,0.0000,0.0000,1,0,0,0,0,1,0,0,0,0
zc,SR311,2012-06-15 09:25:01.730,5809.0000,14,0,0.0000,0.0000,0,0,多换,B,5737.0000,0.0000,0.0000,0.0000,0.0000,5797.0000,0.0000,0.0000,0.0000,0.0000,1,0,0,0,0,1,0,0,0,0
zc,SR311,2012-06-15 09:25:18.213,5809.0000,14,0,0.0000,0.0000,0,0,多换,B,5735.0000,0.0000,0.0000,0.0000,0.0000,5797.0000,0.0000,0.0000,0.0000,0.0000,1,0,0,0,0,1,0,0,0,0
zc,SR311,2012-06-15 09:26:09.213,5809.0000,14,0,0.0000,0.0000,0,0,多换,B,5736.0000,0.0000,0.0000,0.0000,0.0000,5797.0000,0.0000,0.0000,0.0000,0.0000,1,0,0,0,0,1,0,0,0,0
zc,SR311,2012-06-15 09:26:29.933,5809.0000,14,0,0.0000,0.0000,0,0,多换,B,5736.0000,0.0000,0.0000,0.0000,0.0000,5797.0000,0.0000,0.0000,0.0000,0.0000,1,0,0,0,0,1,0,0,0,0
zc,SR311,2012-06-15 09:27:50.247,5809.0000,14,0,0.0000,0.0000,0,0,多换,B,5739.0000,0.0000,0.0000,0.0000,0.0000,5797.0000,0.0000,0.0000,0.0000,0.0000,1,0,0,0,0,1,0,0,0,0
zc,SR311,2012-06-15 09:29:28.230,5809.0000,14,0,0.0000,0.0000,0,0,多换,B,5737.0000,0.0000,0.0000,0.0000,0.0000,5797.0000,0.0000,0.0000,0.0000,0.0000,1,0,0,0,0,1,0,0,0,0
zc,SR311,2012-06-15 09:29:29.963,5809.0000,14,0,0.0000,0.0000,0,0,多换,B,5737.0000,0.0000,0.0000,0.0000,0.0000,5797.0000,0.0000,0.0000,0.0000,0.0000,1,0,0,0,0,1,0,0,0,0
zc,SR311,2012-06-15 09:31:23.480,5809.0000,14,0,0.0000,0.0000,0,0,多换,B,5736.0000,0.0000,0.0000,0.0000,0.0000,5797.0000,0.0000,0.0000,0.0000,0.0000,1,0,0,0,0,1,0,0,0,0
zc,SR311,2012-06-15 09:31:52.793,5809.0000,14,0,0.0000,0.0000,0,0,多换,B,5735.0000,0.0000,0.0000,0.0000,0.0000,5797.0000,0.0000,0.0000,0.0000,0.0000,1,0,0,0,0,1,0,0,0,0
zc,SR311,2012-06-15 09:31:53.760,5809.0000,14,0,0.0000,0.0000,0,0,多换,B,5737.0000,0.0000,0.0000,0.0000,0.0000,5797.0000,0.0000,0.0000,0.0000,0.0000,1,0,0,0,0,1,0,0,0,0
zc,SR311,2012-06-15 09:31:54.527,5809.0000,14,0,0.0000,0.0000,0,0,多换,B,5735.0000,0.0000,0.0000,0.0000,0.0000,5797.0000,0.0000,0.0000,0.0000,0.0000,1,0,0,0,0,1,0,0,0,0
zc,SR311,2012-06-15 09:32:35.480,5809.0000,14,0,0.0000,0.0000,0,0,多换,B,5731.0000,0.0000,0.0000,0.0000,0.0000,5797.0000,0.0000,0.0000,0.0000,0.0000,1,0,0,0,0,1,0,0,0,0
zc,SR311,2012-06-15 09:32:41.760,5809.0000,14,0,0.0000,0.0000,0,0,多换,B,5721.0000,0.0000,0.0000,0.0000,0.0000,5797.0000,0.0000,0.0000,0.0000,0.0000,1,0,0,0,0,1,0,0,0,0
zc,SR311,2012-06-15 09:33:42.950,5809.0000,14,0,0.0000,0.0000,0,0,多换,B,5732.0000,0.0000,0.0000,0.0000,0.0000,5797.0000,0.0000,0.0000,0.0000,0.0000,1,0,0,0,0,1,0,0,0,0
zc,SR311,2012-06-15 09:33:44.213,5809.0000,14,0,0.0000,0.0000,0,0,多换,B,5733.0000,0.0000,0.0000,0.0000,0.0000,5797.0000,0.0000,0.0000,0.0000,0.0000,1,0,0,0,0,1,0,0,0,0
zc,SR311,2012-06-15 09:34:25.027,5809.0000,14,0,0.0000,0.0000,0,0,多换,B,5732.0000,0.0000,0.0000,0.0000,0.0000,5797.0000,0.0000,0.0000,0.0000,0.0000,1,0,0,0,0,1,0,0,0,0
zc,SR311,2012-06-15 09:34:37.230,5809.0000,14,0,0.0000,0.0000,0,0,多换,B,5721.0000,0.0000,0.0000,0.0000,0.0000,5797.0000,0.0000,0.0000,0.0000,0.0000,1,0,0,0,0,1,0,0,0,0
zc,SR311,2012-06-15 09:34:58.480,5809.0000,14,0,0.0000,0.0000,0,0,多换,B,5730.0000,0.0000,0.0000,0.0000,0.0000,5797.0000,0.0000,0.0000,0.0000,0.0000,1,0,0,0,0,1,0,0,0,0
zc,SR311,2012-06-15 09:35:45.480,5809.0000,14,0,0.0000,0.0000,0,0,多换,B,5733.0000,0.0000,0.0000,0.0000,0.0000,5797.0000,0.0000,0.0000,0.0000,0.0000,1,0,0,0,0,1,0,0,0,0
zc,SR311,2012-06-15 09:35:56.713,5809.0000,14,0,0.0000,0.0000,0,0,多换,B,5730.0000,0.0000,0.0000,0.0000,0.0000,5797.0000,0.0000,0.0000,0.0000,0.0000,1,0,0,0,0,1,0,0,0,0
zc,SR311,2012-06-15 09:39:00.527,5809.0000,14,0,0.0000,0.0000,0,0,多换,B,5735.0000,0.0000,0.0000,0.0000,0.0000,5797.0000,0.0000,0.0000,0.0000,0.0000,1,0,0,0,0,1,0,0,0,0
zc,SR311,2012-06-15 09:39:04.980,5809.0000,14,0,0.0000,0.0000,0,0,多换,B,5736.0000,0.0000,0.0000,0.0000,0.0000,5797.0000,0.0000,0.0000,0.0000,0.0000,1,0,0,0,0,1,0,0,0,0
zc,SR311,2012-06-15 09:39:38.213,5809.0000,14,0,0.0000,0.0000,0,0,多换,B,5735.0000,0.0000,0.0000,0.0000,0.0000,5797.0000,0.0000,0.0000,0.0000,0.0000,1,0,0,0,0,1,0,0,0,0
zc,SR311,2012-06-15 09:39:41.200,5809.0000,14,0,0.0000,0.0000,0,0,多换,B,5730.0000,0.0000,0.0000,0.0000,0.0000,5797.0000,0.0000,0.0000,0.0000,0.0000,1,0,0,0,0,1,0,0,0,0
zc,SR311,2012-06-15 09:40:07.713,5809.0000,14,0,0.0000,0.0000,0,0,多换,B,5736.0000,0.0000,0.0000,0.0000,0.0000,5797.0000,0.0000,0.0000,0.0000,0.0000,1,0,0,0,0,1,0,0,0,0
zc,SR311,2012-06-15 09:40:36.963,5809.0000,14,0,0.0000,0.0000,0,0,多换,B,5730.0000,0.0000,0.0000,0.0000,0.0000,5797.0000,0.0000,0.0000,0.0000,0.0000,1,0,0,0,0,1,0,0,0,0
zc,SR311,2012-06-15 09:42:06.450,5809.0000,14,0,0.0000,0.0000,0,0,多换,B,5721.0000,0.0000,0.0000,0.0000,0.0000,5797.0000,0.0000,0.0000,0.0000,0.0000,1,0,0,0,0,1,0,0,0,0
zc,SR311,2012-06-15 09:43:26.963,5809.0000,14,0,0.0000,0.0000,0,0,多换,B,5736.0000,0.0000,0.0000,0.0000,0.0000,5797.0000,0.0000,0.0000,0.0000,0.0000,1,0,0,0,0,1,0,0,0,0
zc,SR311,2012-06-15 09:45:24.730,5809.0000,14,0,0.0000,0.0000,0,0,多换,B,5721.0000,0.0000,0.0000,0.0000,0.0000,5797.0000,0.0000,0.0000,0.0000,0.0000,1,0,0,0,0,1,0,0,0,0
zc,SR311,2012-06-15 09:48:07.213,5809.0000,14,0,0.0000,0.0000,0,0,多换,B,5736.0000,0.0000,0.0000,0.0000,0.0000,5797.0000,0.0000,0.0000,0.0000,0.0000,1,0,0,0,0,1,0,0,0,0
zc,SR311,2012-06-15 09:51:33.713,5809.0000,14,0,0.0000,0.0000,0,0,多换,B,5721.0000,0.0000,0.0000,0.0000,0.0000,5797.0000,0.0000,0.0000,0.0000,0.0000,1,0,0,0,0,1,0,0,0,0
zc,SR311,2012-06-15 09:54:33.730,5809.0000,14,0,0.0000,0.0000,0,0,多换,B,5733.0000,0.0000,0.0000,0.0000,0.0000,5797.0000,0.0000,0.0000,0.0000,0.0000,1,0,0,0,0,1,0,0,0,0
zc,SR311,2012-06-15 09:55:05.933,5809.0000,14,0,0.0000,0.0000,0,0,多换,B,5721.0000,0.0000,0.0000,0.0000,0.0000,5797.0000,0.0000,0.0000,0.0000,0.0000,1,0,0,0,0,1,0,0,0,0
zc,SR311,2012-06-15 09:55:19.950,5809.0000,14,0,0.0000,0.0000,0,0,多换,B,5731.0000,0.0000,0.0000,0.0000,0.0000,5797.0000,0.0000,0.0000,0.0000,0.0000,1,0,0,0,0,1,0,0,0,0
zc,SR311,2012-06-15 09:56:34.730,5809.0000,14,0,0.0000,0.0000,0,0,多换,B,5734.0000,0.0000,0.0000,0.0000,0.0000,5797.0000,0.0000,0.0000,0.0000,0.0000,1,0,0,0,0,1,0,0,0,0
zc,SR311,2012-06-15 09:56:51.200,5809.0000,14,0,0.0000,0.0000,0,0,多换,B,5731.0000,0.0000,0.0000,0.0000,0.0000,5797.0000,0.0000,0.0000,0.0000,0.0000,1,0,0,0,0,1,0,0,0,0
zc,SR311,2012-06-15 09:59:17.667,5809.0000,14,0,0.0000,0.0000,0,0,多换,B,5721.0000,0.0000,0.0000,0.0000,0.0000,5797.0000,0.0000,0.0000,0.0000,0.0000,1,0,0,0,0,1,0,0,0,0
zc,SR311,2012-06-15 10:01:35.700,5809.0000,14,0,0.0000,0.0000,0,0,多换,B,5735.0000,0.0000,0.0000,0.0000,0.0000,5797.0000,0.0000,0.0000,0.0000,0.0000,1,0,0,0,0,1,0,0,0,0
zc,SR311,2012-06-15 10:01:47.450,5809.0000,14,0,0.0000,0.0000,0,0,多换,B,5721.0000,0.0000,0.0000,0.0000,0.0000,5797.0000,0.0000,0.0000,0.0000,0.0000,1,0,0,0,0,1,0,0,0,0
zc,SR311,2012-06-15 10:01:57.167,5809.0000,14,0,0.0000,0.0000,0,0,多换,B,5734.0000,0.0000,0.0000,0.0000,0.0000,5797.0000,0.0000,0.0000,0.0000,0.0000,1,0,0,0,0,1,0,0,0,0
zc,SR311,2012-06-15 10:02:00.480,5809.0000,14,0,0.0000,0.0000,0,0,多换,B,5721.0000,0.0000,0.0000,0.0000,0.0000,5797.0000,0.0000,0.0000,0.0000,0.0000,1,0,0,0,0,1,0,0,0,0
zc,SR311,2012-06-15 10:02:24.433,5809.0000,14,0,0.0000,0.0000,0,0,多换,B,5727.0000,0.0000,0.0000,0.0000,0.0000,5797.0000,0.0000,0.0000,0.0000,0.0000,1,0,0,0,0,1,0,0,0,0
zc,SR311,2012-06-15 10:03:09.933,5809.0000,14,0,0.0000,0.0000,0,0,多换,B,5736.0000,0.0000,0.0000,0.0000,0.0000,5797.0000,0.0000,0.0000,0.0000,0.0000,1,0,0,0,0,1,0,0,0,0
zc,SR311,2012-06-15 10:03:12.980,5809.0000,14,0,0.0000,0.0000,0,0,多换,B,5727.0000,0.0000,0.0000,0.0000,0.0000,5797.0000,0.0000,0.0000,0.0000,0.0000,1,0,0,0,0,1,0,0,0,0
zc,SR311,2012-06-15 10:03:29.887,5809.0000,14,0,0.0000,0.0000,0,0,多换,B,5727.0000,0.0000,0.0000,0.0000,0.0000,5797.0000,0.0000,0.0000,0.0000,0.0000,1,0,0,0,0,1,0,0,0,0
zc,SR311,2012-06-15 10:07:18.903,5809.0000,14,0,0.0000,0.0000,0,0,多换,B,5730.0000,0.0000,0.0000,0.0000,0.0000,5797.0000,0.0000,0.0000,0.0000,0.0000,1,0,0,0,0,1,0,0,0,0
zc,SR311,2012-06-15 10:08:53.933,5809.0000,14,0,0.0000,0.0000,0,0,多换,B,5731.0000,0.0000,0.0000,0.0000,0.0000,5797.0000,0.0000,0.0000,0.0000,0.0000,1,0,0,0,0,1,0,0,0,0
zc,SR311,2012-06-15 10:08:58.700,5809.0000,14,0,0.0000,0.0000,0,0,多换,B,5730.0000,0.0000,0.0000,0.0000,0.0000,5797.0000,0.0000,0.0000,0.0000,0.0000,1,0,0,0,0,1,0,0,0,0
zc,SR311,2012-06-15 10:12:29.183,5809.0000,14,0,0.0000,0.0000,0,0,多换,B,5731.0000,0.0000,0.0000,0.0000,0.0000,5797.0000,0.0000,0.0000,0.0000,0.0000,1,0,0,0,0,1,0,0,0,0
zc,SR311,2012-06-15 10:13:27.417,5809.0000,14,0,0.0000,0.0000,0,0,多换,B,5730.0000,0.0000,0.0000,0.0000,0.0000,5797.0000,0.0000,0.0000,0.0000,0.0000,1,0,0,0,0,1,0,0,0,0
zc,SR311,2012-06-15 10:13:44.417,5809.0000,14,0,0.0000,0.0000,0,0,多换,B,5731.0000,0.0000,0.0000,0.0000,0.0000,5797.0000,0.0000,0.0000,0.0000,0.0000,1,0,0,0,0,1,0,0,0,0
zc,SR311,2012-06-15 10:13:57.950,5809.0000,14,0,0.0000,0.0000,0,0,多换,B,5730.0000,0.0000,0.0000,0.0000,0.0000,5797.0000,0.0000,0.0000,0.0000,0.0000,1,0,0,0,0,1,0,0,0,0
zc,SR311,2012-06-15 10:14:00.683,5809.0000,14,0,0.0000,0.0000,0,0,多换,B,5731.0000,0.0000,0.0000,0.0000,0.0000,5797.0000,0.0000,0.0000,0.0000,0.0000,1,0,0,0,0,1,0,0,0,0
zc,SR311,2012-06-15 10:30:08.683,5809.0000,14,0,0.0000,0.0000,0,0,多换,B,5733.0000,0.0000,0.0000,0.0000,0.0000,5797.0000,0.0000,0.0000,0.0000,0.0000,1,0,0,0,0,1,0,0,0,0
zc,SR311,2012-06-15 10:30:39.153,5809.0000,14,0,0.0000,0.0000,0,0,多换,B,5734.0000,0.0000,0.0000,0.0000,0.0000,5797.0000,0.0000,0.0000,0.0000,0.0000,1,0,0,0,0,1,0,0,0,0
zc,SR311,2012-06-15 10:31:01.137,5809.0000,14,0,0.0000,0.0000,0,0,多换,B,5733.0000,0.0000,0.0000,0.0000,0.0000,5797.0000,0.0000,0.0000,0.0000,0.0000,1,0,0,0,0,1,0,0,0,0
zc,SR311,2012-06-15 10:34:44.667,5809.0000,14,0,0.0000,0.0000,0,0,多换,B,5731.0000,0.0000,0.0000,0.0000,0.0000,5797.0000,0.0000,0.0000,0.0000,0.0000,1,0,0,0,0,1,0,0,0,0
zc,SR311,2012-06-15 10:34:46.403,5809.0000,14,0,0.0000,0.0000,0,0,多换,B,5734.0000,0.0000,0.0000,0.0000,0.0000,5797.0000,0.0000,0.0000,0.0000,0.0000,1,0,0,0,0,1,0,0,0,0
zc,SR311,2012-06-15 10:36:16.403,5809.0000,14,0,0.0000,0.0000,0,0,多换,B,5737.0000,0.0000,0.0000,0.0000,0.0000,5797.0000,0.0000,0.0000,0.0000,0.0000,1,0,0,0,0,1,0,0,0,0
zc,SR311,2012-06-15 10:36:17.167,5809.0000,14,0,0.0000,0.0000,0,0,多换,B,5734.0000,0.0000,0.0000,0.0000,0.0000,5797.0000,0.0000,0.0000,0.0000,0.0000,1,0,0,0,0,1,0,0,0,0
zc,SR311,2012-06-15 10:37:57.950,5809.0000,14,0,0.0000,0.0000,0,0,多换,B,5731.0000,0.0000,0.0000,0.0000,0.0000,5797.0000,0.0000,0.0000,0.0000,0.0000,1,0,0,0,0,1,0,0,0,0
zc,SR311,2012-06-15 10:38:28.963,5809.0000,14,0,0.0000,0.0000,0,0,多换,B,5730.0000,0.0000,0.0000,0.0000,0.0000,5797.0000,0.0000,0.0000,0.0000,0.0000,1,0,0,0,0,1,0,0,0,0
zc,SR311,2012-06-15 10:38:29.450,5809.0000,14,0,0.0000,0.0000,0,0,多换,B,5726.0000,0.0000,0.0000,0.0000,0.0000,5797.0000,0.0000,0.0000,0.0000,0.0000,1,0,0,0,0,1,0,0,0,0
zc,SR311,2012-06-15 10:38:44.167,5809.0000,14,0,0.0000,0.0000,0,0,多换,B,5727.0000,0.0000,0.0000,0.0000,0.0000,5797.0000,0.0000,0.0000,0.0000,0.0000,1,0,0,0,0,1,0,0,0,0
zc,SR311,2012-06-15 10:38:53.387,5809.0000,14,0,0.0000,0.0000,0,0,多换,B,5726.0000,0.0000,0.0000,0.0000,0.0000,5797.0000,0.0000,0.0000,0.0000,0.0000,1,0,0,0,0,1,0,0,0,0
zc,SR311,2012-06-15 10:39:01.637,5809.0000,14,0,0.0000,0.0000,0,0,多换,B,5727.0000,0.0000,0.0000,0.0000,0.0000,5797.0000,0.0000,0.0000,0.0000,0.0000,1,0,0,0,0,1,0,0,0,0
zc,SR311,2012-06-15 10:39:04.903,5809.0000,14,0,0.0000,0.0000,0,0,多换,B,5726.0000,0.0000,0.0000,0.0000,0.0000,5797.0000,0.0000,0.0000,0.0000,0.0000,1,0,0,0,0,1,0,0,0,0
zc,SR311,2012-06-15 10:39:19.120,5809.0000,14,0,0.0000,0.0000,0,0,多换,B,5727.0000,0.0000,0.0000,0.0000,0.0000,5797.0000,0.0000,0.0000,0.0000,0.0000,1,0,0,0,0,1,0,0,0,0
zc,SR311,2012-06-15 10:39:27.667,5809.0000,14,0,0.0000,0.0000,0,0,多换,B,5728.0000,0.0000,0.0000,0.0000,0.0000,5797.0000,0.0000,0.0000,0.0000,0.0000,1,0,0,0,0,1,0,0,0,0
zc,SR311,2012-06-15 10:39:55.417,5809.0000,14,0,0.0000,0.0000,0,0,多换,B,5721.0000,0.0000,0.0000,0.0000,0.0000,5797.0000,0.0000,0.0000,0.0000,0.0000,1,0,0,0,0,1,0,0,0,0
zc,SR311,2012-06-15 10:40:06.167,5809.0000,14,0,0.0000,0.0000,0,0,多换,B,5727.0000,0.0000,0.0000,0.0000,0.0000,5797.0000,0.0000,0.0000,0.0000,0.0000,1,0,0,0,0,1,0,0,0,0
zc,SR311,2012-06-15 10:40:20.387,5809.0000,14,0,0.0000,0.0000,0,0,多换,B,5721.0000,0.0000,0.0000,0.0000,0.0000,5797.0000,0.0000,0.0000,0.0000,0.0000,1,0,0,0,0,1,0,0,0,0
zc,SR311,2012-06-15 10:40:50.620,5809.0000,14,0,0.0000,0.0000,0,0,多换,B,5726.0000,0.0000,0.0000,0.0000,0.0000,5797.0000,0.0000,0.0000,0.0000,0.0000,1,0,0,0,0,1,0,0,0,0
zc,SR311,2012-06-15 10:40:56.183,5809.0000,14,0,0.0000,0.0000,0,0,多换,B,5721.0000,0.0000,0.0000,0.0000,0.0000,5797.0000,0.0000,0.0000,0.0000,0.0000,1,0,0,0,0,1,0,0,0,0
zc,SR311,2012-06-15 10:41:09.917,5809.0000,14,0,0.0000,0.0000,0,0,多换,B,5724.0000,0.0000,0.0000,0.0000,0.0000,5797.0000,0.0000,0.0000,0.0000,0.0000,1,0,0,0,0,1,0,0,0,0
zc,SR311,2012-06-15 10:41:16.747,5809.0000,14,0,0.0000,0.0000,0,0,多换,B,5721.0000,0.0000,0.0000,0.0000,0.0000,5797.0000,0.0000,0.0000,0.0000,0.0000,1,0,0,0,0,1,0,0,0,0
zc,SR311,2012-06-15 10:42:38.950,5809.0000,14,0,0.0000,0.0000,0,0,多换,B,5722.0000,0.0000,0.0000,0.0000,0.0000,5797.0000,0.0000,0.0000,0.0000,0.0000,1,0,0,0,0,1,0,0,0,0
zc,SR311,2012-06-15 10:42:47.450,5809.0000,14,0,0.0000,0.0000,0,0,多换,B,5721.0000,0.0000,0.0000,0.0000,0.0000,5797.0000,0.0000,0.0000,0.0000,0.0000,1,0,0,0,0,1,0,0,0,0
zc,SR311,2012-06-15 10:42:53.963,5809.0000,14,0,0.0000,0.0000,0,0,多换,B,5706.0000,0.0000,0.0000,0.0000,0.0000,5797.0000,0.0000,0.0000,0.0000,0.0000,1,0,0,0,0,1,0,0,0,0
zc,SR311,2012-06-15 10:43:10.747,5809.0000,14,0,0.0000,0.0000,0,0,多换,B,5742.0000,0.0000,0.0000,0.0000,0.0000,5797.0000,0.0000,0.0000,0.0000,0.0000,5,0,0,0,0,1,0,0,0,0
zc,SR311,2012-06-15 10:43:31.713,5809.0000,14,0,0.0000,0.0000,0,0,多换,B,5706.0000,0.0000,0.0000,0.0000,0.0000,5797.0000,0.0000,0.0000,0.0000,0.0000,1,0,0,0,0,1,0,0,0,0
zc,SR311,2012-06-15 10:43:32.200,5809.0000,14,0,0.0000,0.0000,0,0,多换,B,5706.0000,0.0000,0.0000,0.0000,0.0000,5742.0000,0.0000,0.0000,0.0000,0.0000,1,0,0,0,0,5,0,0,0,0
zc,SR311,2012-06-15 10:43:34.963,5809.0000,14,0,0.0000,0.0000,0,0,多换,B,5706.0000,0.0000,0.0000,0.0000,0.0000,5797.0000,0.0000,0.0000,0.0000,0.0000,1,0,0,0,0,1,0,0,0,0
zc,SR311,2012-06-15 10:43:46.713,5809.0000,14,0,0.0000,0.0000,0,0,多换,B,5719.0000,0.0000,0.0000,0.0000,0.0000,5797.0000,0.0000,0.0000,0.0000,0.0000,1,0,0,0,0,1,0,0,0,0
zc,SR311,2012-06-15 10:44:01.700,5809.0000,14,0,0.0000,0.0000,0,0,多换,B,5740.0000,0.0000,0.0000,0.0000,0.0000,5797.0000,0.0000,0.0000,0.0000,0.0000,5,0,0,0,0,1,0,0,0,0
zc,SR311,2012-06-15 10:44:16.200,5809.0000,14,0,0.0000,0.0000,0,0,多换,B,5740.0000,0.0000,0.0000,0.0000,0.0000,5796.0000,0.0000,0.0000,0.0000,0.0000,5,0,0,0,0,1,0,0,0,0
zc,SR311,2012-06-15 10:44:19.200,5809.0000,14,0,0.0000,0.0000,0,0,多换,B,5740.0000,0.0000,0.0000,0.0000,0.0000,5793.0000,0.0000,0.0000,0.0000,0.0000,5,0,0,0,0,1,0,0,0,0
zc,SR311,2012-06-15 10:44:33.167,5809.0000,14,0,0.0000,0.0000,0,0,多换,B,5740.0000,0.0000,0.0000,0.0000,0.0000,5782.0000,0.0000,0.0000,0.0000,0.0000,5,0,0,0,0,1,0,0,0,0
zc,SR311,2012-06-15 10:44:37.213,5809.0000,14,0,0.0000,0.0000,0,0,多换,B,5740.0000,0.0000,0.0000,0.0000,0.0000,5779.0000,0.0000,0.0000,0.0000,0.0000,5,0,0,0,0,1,0,0,0,0
zc,SR311,2012-06-15 10:45:05.450,5809.0000,14,0,0.0000,0.0000,0,0,多换,B,5706.0000,0.0000,0.0000,0.0000,0.0000,5779.0000,0.0000,0.0000,0.0000,0.0000,1,0,0,0,0,1,0,0,0,0
zc,SR311,2012-06-15 10:45:52.713,5809.0000,14,0,0.0000,0.0000,0,0,多换,B,5737.0000,0.0000,0.0000,0.0000,0.0000,5779.0000,0.0000,0.0000,0.0000,0.0000,4,0,0,0,0,1,0,0,0,0
zc,SR311,2012-06-15 10:46:30.450,5809.0000,14,0,0.0000,0.0000,0,0,多换,B,5706.0000,0.0000,0.0000,0.0000,0.0000,5779.0000,0.0000,0.0000,0.0000,0.0000,1,0,0,0,0,1,0,0,0,0
zc,SR311,2012-06-15 10:46:44.980,5809.0000,14,0,0.0000,0.0000,0,0,多换,B,5742.0000,0.0000,0.0000,0.0000,0.0000,5779.0000,0.0000,0.0000,0.0000,0.0000,5,0,0,0,0,1,0,0,0,0
zc,SR311,2012-06-15 10:46:57.933,5809.0000,14,0,0.0000,0.0000,0,0,多换,B,5706.0000,0.0000,0.0000,0.0000,0.0000,5779.0000,0.0000,0.0000,0.0000,0.0000,1,0,0,0,0,1,0,0,0,0
zc,SR311,2012-06-15 10:47:41.463,5809.0000,14,0,0.0000,0.0000,0,0,多换,B,5742.0000,0.0000,0.0000,0.0000,0.0000,5779.0000,0.0000,0.0000,0.0000,0.0000,5,0,0,0,0,1,0,0,0,0
zc,SR311,2012-06-15 10:47:59.963,5809.0000,14,0,0.0000,0.0000,0,0,多换,B,5716.0000,0.0000,0.0000,0.0000,0.0000,5779.0000,0.0000,0.0000,0.0000,0.0000,1,0,0,0,0,1,0,0,0,0
zc,SR311,2012-06-15 10:48:41.213,5809.0000,14,0,0.0000,0.0000,0,0,多换,B,5723.0000,0.0000,0.0000,0.0000,0.0000,5779.0000,0.0000,0.0000,0.0000,0.0000,1,0,0,0,0,1,0,0,0,0
zc,SR311,2012-06-15 10:48:43.480,5809.0000,14,0,0.0000,0.0000,0,0,多换,B,5716.0000,0.0000,0.0000,0.0000,0.0000,5779.0000,0.0000,0.0000,0.0000,0.0000,1,0,0,0,0,1,0,0,0,0
zc,SR311,2012-06-15 10:50:03.480,5809.0000,14,0,0.0000,0.0000,0,0,多换,B,5719.0000,0.0000,0.0000,0.0000,0.0000,5779.0000,0.0000,0.0000,0.0000,0.0000,1,0,0,0,0,1,0,0,0,0
zc,SR311,2012-06-15 10:50:17.700,5809.0000,14,0,0.0000,0.0000,0,0,多换,B,5716.0000,0.0000,0.0000,0.0000,0.0000,5779.0000,0.0000,0.0000,0.0000,0.0000,1,0,0,0,0,1,0,0,0,0
zc,SR311,2012-06-15 10:51:02.713,5809.0000,14,0,0.0000,0.0000,0,0,多换,B,5720.0000,0.0000,0.0000,0.0000,0.0000,5779.0000,0.0000,0.0000,0.0000,0.0000,1,0,0,0,0,1,0,0,0,0
zc,SR311,2012-06-15 10:51:54.950,5809.0000,14,0,0.0000,0.0000,0,0,多换,B,5723.0000,0.0000,0.0000,0.0000,0.0000,5779.0000,0.0000,0.0000,0.0000,0.0000,1,0,0,0,0,1,0,0,0,0
zc,SR311,2012-06-15 10:52:18.963,5809.0000,14,0,0.0000,0.0000,0,0,多换,B,5720.0000,0.0000,0.0000,0.0000,0.0000,5779.0000,0.0000,0.0000,0.0000,0.0000,1,0,0,0,0,1,0,0,0,0
zc,SR311,2012-06-15 10:52:34.213,5809.0000,14,0,0.0000,0.0000,0,0,多换,B,5720.0000,0.0000,0.0000,0.0000,0.0000,5859.0000,0.0000,0.0000,0.0000,0.0000,1,0,0,0,0,1,0,0,0,0
zc,SR311,2012-06-15 10:52:34.713,5809.0000,14,0,0.0000,0.0000,0,0,多换,B,5720.0000,0.0000,0.0000,0.0000,0.0000,5857.0000,0.0000,0.0000,0.0000,0.0000,1,0,0,0,0,3,0,0,0,0
zc,SR311,2012-06-15 10:52:35.463,5809.0000,14,0,0.0000,0.0000,0,0,多换,B,5720.0000,0.0000,0.0000,0.0000,0.0000,5854.0000,0.0000,0.0000,0.0000,0.0000,1,0,0,0,0,2,0,0,0,0
zc,SR311,2012-06-15 10:52:35.950,5809.0000,14,0,0.0000,0.0000,0,0,多换,B,5720.0000,0.0000,0.0000,0.0000,0.0000,5852.0000,0.0000,0.0000,0.0000,0.0000,1,0,0,0,0,1,0,0,0,0
zc,SR311,2012-06-15 10:52:36.933,5809.0000,14,0,0.0000,0.0000,0,0,多换,B,5720.0000,0.0000,0.0000,0.0000,0.0000,5851.0000,0.0000,0.0000,0.0000,0.0000,1,0,0,0,0,3,0,0,0,0
zc,SR311,2012-06-15 10:52:44.713,5809.0000,14,0,0.0000,0.0000,0,0,多换,B,5720.0000,0.0000,0.0000,0.0000,0.0000,5846.0000,0.0000,0.0000,0.0000,0.0000,1,0,0,0,0,1,0,0,0,0
zc,SR311,2012-06-15 10:52:45.200,5809.0000,14,0,0.0000,0.0000,0,0,多换,B,5720.0000,0.0000,0.0000,0.0000,0.0000,5846.0000,0.0000,0.0000,0.0000,0.0000,1,0,0,0,0,4,0,0,0,0
zc,SR311,2012-06-15 10:52:48.683,5809.0000,14,0,0.0000,0.0000,0,0,多换,B,5720.0000,0.0000,0.0000,0.0000,0.0000,5846.0000,0.0000,0.0000,0.0000,0.0000,1,0,0,0,0,1,0,0,0,0
zc,SR311,2012-06-15 10:52:49.950,5809.0000,14,0,0.0000,0.0000,0,0,多换,B,5720.0000,0.0000,0.0000,0.0000,0.0000,5846.0000,0.0000,0.0000,0.0000,0.0000,1,0,0,0,0,4,0,0,0,0
zc,SR311,2012-06-15 10:52:51.450,5809.0000,14,0,0.0000,0.0000,0,0,多换,B,5720.0000,0.0000,0.0000,0.0000,0.0000,5843.0000,0.0000,0.0000,0.0000,0.0000,1,0,0,0,0,2,0,0,0,0
zc,SR311,2012-06-15 10:52:54.463,5809.0000,14,0,0.0000,0.0000,0,0,多换,B,5720.0000,0.0000,0.0000,0.0000,0.0000,5838.0000,0.0000,0.0000,0.0000,0.0000,1,0,0,0,0,1,0,0,0,0
zc,SR311,2012-06-15 10:52:59.450,5809.0000,14,0,0.0000,0.0000,0,0,多换,B,5720.0000,0.0000,0.0000,0.0000,0.0000,5837.0000,0.0000,0.0000,0.0000,0.0000,1,0,0,0,0,2,0,0,0,0
zc,SR311,2012-06-15 10:53:02.950,5809.0000,14,0,0.0000,0.0000,0,0,多换,B,5720.0000,0.0000,0.0000,0.0000,0.0000,5832.0000,0.0000,0.0000,0.0000,0.0000,1,0,0,0,0,1,0,0,0,0
zc,SR311,2012-06-15 10:53:29.903,5809.0000,14,0,0.0000,0.0000,0,0,多换,B,5720.0000,0.0000,0.0000,0.0000,0.0000,5831.0000,0.0000,0.0000,0.0000,0.0000,1,0,0,0,0,2,0,0,0,0
zc,SR311,2012-06-15 10:53:30.183,5809.0000,14,0,0.0000,0.0000,0,0,多换,B,5720.0000,0.0000,0.0000,0.0000,0.0000,5831.0000,0.0000,0.0000,0.0000,0.0000,1,0,0,0,0,2,0,0,0,0
zc,SR311,2012-06-15 10:53:33.200,5809.0000,14,0,0.0000,0.0000,0,0,多换,B,5720.0000,0.0000,0.0000,0.0000,0.0000,5826.0000,0.0000,0.0000,0.0000,0.0000,1,0,0,0,0,1,0,0,0,0
zc,SR311,2012-06-15 10:53:59.167,5809.0000,14,0,0.0000,0.0000,0,0,多换,B,5720.0000,0.0000,0.0000,0.0000,0.0000,5794.0000,0.0000,0.0000,0.0000,0.0000,1,0,0,0,0,1,0,0,0,0
zc,SR311,2012-06-15 10:54:03.183,5809.0000,14,0,0.0000,0.0000,0,0,多换,B,5720.0000,0.0000,0.0000,0.0000,0.0000,5791.0000,0.0000,0.0000,0.0000,0.0000,1,0,0,0,0,1,0,0,0,0
zc,SR311,2012-06-15 10:55:20.713,5809.0000,14,0,0.0000,0.0000,0,0,多换,B,5721.0000,0.0000,0.0000,0.0000,0.0000,5791.0000,0.0000,0.0000,0.0000,0.0000,1,0,0,0,0,1,0,0,0,0
zc,SR311,2012-06-15 10:55:27.463,5809.0000,14,0,0.0000,0.0000,0,0,多换,B,5720.0000,0.0000,0.0000,0.0000,0.0000,5791.0000,0.0000,0.0000,0.0000,0.0000,1,0,0,0,0,1,0,0,0,0
zc,SR311,2012-06-15 10:55:29.917,5809.0000,14,0,0.0000,0.0000,0,0,多换,B,5716.0000,0.0000,0.0000,0.0000,0.0000,5791.0000,0.0000,0.0000,0.0000,0.0000,1,0,0,0,0,1,0,0,0,0
zc,SR311,2012-06-15 10:56:22.713,5809.0000,14,0,0.0000,0.0000,0,0,多换,B,5706.0000,0.0000,0.0000,0.0000,0.0000,5791.0000,0.0000,0.0000,0.0000,0.0000,1,0,0,0,0,1,0,0,0,0
zc,SR311,2012-06-15 10:57:37.463,5809.0000,14,0,0.0000,0.0000,0,0,多换,B,5713.0000,0.0000,0.0000,0.0000,0.0000,5791.0000,0.0000,0.0000,0.0000,0.0000,1,0,0,0,0,1,0,0,0,0
zc,SR311,2012-06-15 10:57:42.713,5809.0000,14,0,0.0000,0.0000,0,0,多换,B,5706.0000,0.0000,0.0000,0.0000,0.0000,5791.0000,0.0000,0.0000,0.0000,0.0000,1,0,0,0,0,1,0,0,0,0
zc,SR311,2012-06-15 10:58:56.950,5809.0000,14,0,0.0000,0.0000,0,0,多换,B,5713.0000,0.0000,0.0000,0.0000,0.0000,5791.0000,0.0000,0.0000,0.0000,0.0000,1,0,0,0,0,1,0,0,0,0
zc,SR311,2012-06-15 10:59:50.963,5809.0000,14,0,0.0000,0.0000,0,0,多换,B,5706.0000,0.0000,0.0000,0.0000,0.0000,5791.0000,0.0000,0.0000,0.0000,0.0000,1,0,0,0,0,1,0,0,0,0
zc,SR311,2012-06-15 11:00:39.213,5809.0000,14,0,0.0000,0.0000,0,0,多换,B,5711.0000,0.0000,0.0000,0.0000,0.0000,5791.0000,0.0000,0.0000,0.0000,0.0000,1,0,0,0,0,1,0,0,0,0
zc,SR311,2012-06-15 11:01:11.497,5809.0000,14,0,0.0000,0.0000,0,0,多换,B,5706.0000,0.0000,0.0000,0.0000,0.0000,5791.0000,0.0000,0.0000,0.0000,0.0000,1,0,0,0,0,1,0,0,0,0
zc,SR311,2012-06-15 11:01:31.463,5809.0000,14,0,0.0000,0.0000,0,0,多换,B,5709.0000,0.0000,0.0000,0.0000,0.0000,5791.0000,0.0000,0.0000,0.0000,0.0000,1,0,0,0,0,1,0,0,0,0
zc,SR311,2012-06-15 11:01:50.433,5809.0000,14,0,0.0000,0.0000,0,0,多换,B,5706.0000,0.0000,0.0000,0.0000,0.0000,5791.0000,0.0000,0.0000,0.0000,0.0000,1,0,0,0,0,1,0,0,0,0
zc,SR311,2012-06-15 11:03:18.933,5809.0000,14,0,0.0000,2.0000,1,1,多换,B,5706.0000,0.0000,0.0000,0.0000,0.0000,5839.0000,0.0000,0.0000,0.0000,0.0000,1,0,0,0,0,1,0,0,0,0
zc,SR311,2012-06-15 11:03:19.700,5809.0000,14,0,0.0000,0.0000,0,0,多换,B,5706.0000,0.0000,0.0000,0.0000,0.0000,5834.0000,0.0000,0.0000,0.0000,0.0000,1,0,0,0,0,2,0,0,0,0
zc,SR311,2012-06-15 11:03:30.463,5809.0000,14,0,0.0000,0.0000,0,0,多换,B,5713.0000,0.0000,0.0000,0.0000,0.0000,5834.0000,0.0000,0.0000,0.0000,0.0000,1,0,0,0,0,2,0,0,0,0
zc,SR311,2012-06-15 11:03:31.433,5809.0000,14,0,0.0000,0.0000,0,0,多换,B,5706.0000,0.0000,0.0000,0.0000,0.0000,5834.0000,0.0000,0.0000,0.0000,0.0000,1,0,0,0,0,2,0,0,0,0
zc,SR311,2012-06-15 11:03:34.933,5809.0000,14,0,0.0000,0.0000,0,0,多换,B,5713.0000,0.0000,0.0000,0.0000,0.0000,5834.0000,0.0000,0.0000,0.0000,0.0000,1,0,0,0,0,2,0,0,0,0
zc,SR311,2012-06-15 11:03:56.433,5809.0000,14,0,0.0000,0.0000,0,0,多换,B,5706.0000,0.0000,0.0000,0.0000,0.0000,5834.0000,0.0000,0.0000,0.0000,0.0000,1,0,0,0,0,2,0,0,0,0
zc,SR311,2012-06-15 11:05:19.463,5809.0000,14,0,0.0000,0.0000,0,0,多换,B,5711.0000,0.0000,0.0000,0.0000,0.0000,5834.0000,0.0000,0.0000,0.0000,0.0000,1,0,0,0,0,2,0,0,0,0
zc,SR311,2012-06-15 11:05:24.950,5809.0000,14,0,0.0000,0.0000,0,0,多换,B,5706.0000,0.0000,0.0000,0.0000,0.0000,5834.0000,0.0000,0.0000,0.0000,0.0000,1,0,0,0,0,2,0,0,0,0
zc,SR311,2012-06-15 11:06:14.917,5809.0000,14,0,0.0000,0.0000,0,0,多换,B,5706.0000,0.0000,0.0000,0.0000,0.0000,5809.0000,0.0000,0.0000,0.0000,0.0000,1,0,0,0,0,1,0,0,0,0
zc,SR311,2012-06-15 11:06:56.153,5809.0000,14,0,0.0000,0.0000,0,0,多换,B,5706.0000,0.0000,0.0000,0.0000,0.0000,5852.0000,0.0000,0.0000,0.0000,0.0000,1,0,0,0,0,1,0,0,0,0
zc,SR311,2012-06-15 11:06:57.200,5809.0000,14,0,0.0000,0.0000,0,0,多换,B,5706.0000,0.0000,0.0000,0.0000,0.0000,5847.0000,0.0000,0.0000,0.0000,0.0000,1,0,0,0,0,2,0,0,0,0
zc,SR311,2012-06-15 11:07:02.667,5809.0000,14,0,0.0000,0.0000,0,0,多换,B,5706.0000,0.0000,0.0000,0.0000,0.0000,5808.0000,0.0000,0.0000,0.0000,0.0000,1,0,0,0,0,1,0,0,0,0
zc,SR311,2012-06-15 11:07:14.950,5809.0000,14,0,0.0000,0.0000,0,0,多换,B,5714.0000,0.0000,0.0000,0.0000,0.0000,5808.0000,0.0000,0.0000,0.0000,0.0000,1,0,0,0,0,1,0,0,0,0
zc,SR311,2012-06-15 11:07:16.713,5809.0000,14,0,0.0000,0.0000,0,0,多换,B,5706.0000,0.0000,0.0000,0.0000,0.0000,5808.0000,0.0000,0.0000,0.0000,0.0000,1,0,0,0,0,1,0,0,0,0
zc,SR311,2012-06-15 11:07:47.933,5809.0000,14,0,0.0000,0.0000,0,0,多换,B,5706.0000,0.0000,0.0000,0.0000,0.0000,5852.0000,0.0000,0.0000,0.0000,0.0000,1,0,0,0,0,1,0,0,0,0
zc,SR311,2012-06-15 11:07:48.153,5809.0000,14,0,0.0000,0.0000,0,0,多换,B,5706.0000,0.0000,0.0000,0.0000,0.0000,5847.0000,0.0000,0.0000,0.0000,0.0000,1,0,0,0,0,3,0,0,0,0
zc,SR311,2012-06-15 11:07:52.933,5809.0000,14,0,0.0000,0.0000,0,0,多换,B,5706.0000,0.0000,0.0000,0.0000,0.0000,5806.0000,0.0000,0.0000,0.0000,0.0000,1,0,0,0,0,1,0,0,0,0
zc,SR311,2012-06-15 11:08:00.683,5809.0000,14,0,0.0000,0.0000,0,0,多换,B,5706.0000,0.0000,0.0000,0.0000,0.0000,5852.0000,0.0000,0.0000,0.0000,0.0000,1,0,0,0,0,1,0,0,0,0
zc,SR311,2012-06-15 11:08:01.917,5809.0000,14,0,0.0000,0.0000,0,0,多换,B,5706.0000,0.0000,0.0000,0.0000,0.0000,5847.0000,0.0000,0.0000,0.0000,0.0000,1,0,0,0,0,3,0,0,0,0
zc,SR311,2012-06-15 11:08:22.667,5809.0000,14,0,0.0000,0.0000,0,0,多换,B,5706.0000,0.0000,0.0000,0.0000,0.0000,5843.0000,0.0000,0.0000,0.0000,0.0000,1,0,0,0,0,1,0,0,0,0
zc,SR311,2012-06-15 11:08:24.933,5809.0000,14,0,0.0000,0.0000,0,0,多换,B,5706.0000,0.0000,0.0000,0.0000,0.0000,5838.0000,0.0000,0.0000,0.0000,0.0000,1,0,0,0,0,3,0,0,0,0
zc,SR311,2012-06-15 11:10:16.167,5809.0000,14,0,0.0000,0.0000,0,0,多换,B,5737.0000,0.0000,0.0000,0.0000,0.0000,5838.0000,0.0000,0.0000,0.0000,0.0000,4,0,0,0,0,3,0,0,0,0
zc,SR311,2012-06-15 11:10:40.183,5809.0000,14,0,0.0000,0.0000,0,0,多换,B,5706.0000,0.0000,0.0000,0.0000,0.0000,5838.0000,0.0000,0.0000,0.0000,0.0000,1,0,0,0,0,3,0,0,0,0
zc,SR311,2012-06-15 11:11:02.403,5809.0000,14,0,0.0000,0.0000,0,0,多换,B,5709.0000,0.0000,0.0000,0.0000,0.0000,5838.0000,0.0000,0.0000,0.0000,0.0000,1,0,0,0,0,3,0,0,0,0
zc,SR311,2012-06-15 11:11:11.153,5809.0000,14,0,0.0000,0.0000,0,0,多换,B,5709.0000,0.0000,0.0000,0.0000,0.0000,5809.0000,0.0000,0.0000,0.0000,0.0000,1,0,0,0,0,1,0,0,0,0
zc,SR311,2012-06-15 11:11:29.917,5809.0000,14,0,0.0000,0.0000,0,0,多换,B,5709.0000,0.0000,0.0000,0.0000,0.0000,5809.0000,0.0000,0.0000,0.0000,0.0000,1,0,0,0,0,1,0,0,0,0
zc,SR311,2012-06-15 11:12:13.167,5809.0000,14,0,0.0000,0.0000,0,0,多换,B,5709.0000,0.0000,0.0000,0.0000,0.0000,5808.0000,0.0000,0.0000,0.0000,0.0000,1,0,0,0,0,1,0,0,0,0
zc,SR311,2012-06-15 11:12:29.433,5809.0000,14,0,0.0000,0.0000,0,0,多换,B,5717.0000,0.0000,0.0000,0.0000,0.0000,5808.0000,0.0000,0.0000,0.0000,0.0000,1,0,0,0,0,1,0,0,0,0
zc,SR311,2012-06-15 11:12:38.933,5809.0000,14,0,0.0000,0.0000,0,0,多换,B,5709.0000,0.0000,0.0000,0.0000,0.0000,5808.0000,0.0000,0.0000,0.0000,0.0000,1,0,0,0,0,1,0,0,0,0
zc,SR311,2012-06-15 11:13:29.887,5809.0000,14,0,0.0000,0.0000,0,0,多换,B,5709.0000,0.0000,0.0000,0.0000,0.0000,5808.0000,0.0000,0.0000,0.0000,0.0000,1,0,0,0,0,1,0,0,0,0
zc,SR311,2012-06-15 11:14:29.887,5809.0000,14,0,0.0000,0.0000,0,0,多换,B,5709.0000,0.0000,0.0000,0.0000,0.0000,5808.0000,0.0000,0.0000,0.0000,0.0000,1,0,0,0,0,1,0,0,0,0
zc,SR311,2012-06-15 11:15:02.683,5809.0000,14,0,0.0000,0.0000,0,0,多换,B,5720.0000,0.0000,0.0000,0.0000,0.0000,5808.0000,0.0000,0.0000,0.0000,0.0000,1,0,0,0,0,1,0,0,0,0
zc,SR311,2012-06-15 11:15:03.167,5809.0000,14,0,0.0000,0.0000,0,0,多换,B,5709.0000,0.0000,0.0000,0.0000,0.0000,5808.0000,0.0000,0.0000,0.0000,0.0000,1,0,0,0,0,1,0,0,0,0
zc,SR311,2012-06-15 11:15:40.933,5809.0000,14,0,0.0000,0.0000,0,0,多换,B,5709.0000,0.0000,0.0000,0.0000,0.0000,5802.0000,0.0000,0.0000,0.0000,0.0000,1,0,0,0,0,1,0,0,0,0
zc,SR311,2012-06-15 11:16:23.153,5809.0000,14,0,0.0000,0.0000,0,0,多换,B,5709.0000,0.0000,0.0000,0.0000,0.0000,5801.0000,0.0000,0.0000,0.0000,0.0000,1,0,0,0,0,1,0,0,0,0
zc,SR311,2012-06-15 11:17:21.433,5809.0000,14,0,0.0000,0.0000,0,0,多换,B,5709.0000,0.0000,0.0000,0.0000,0.0000,5837.0000,0.0000,0.0000,0.0000,0.0000,1,0,0,0,0,1,0,0,0,0
zc,SR311,2012-06-15 11:17:22.417,5809.0000,14,0,0.0000,0.0000,0,0,多换,B,5709.0000,0.0000,0.0000,0.0000,0.0000,5834.0000,0.0000,0.0000,0.0000,0.0000,1,0,0,0,0,3,0,0,0,0
zc,SR311,2012-06-15 11:18:56.387,5809.0000,14,0,0.0000,0.0000,0,0,多换,B,5716.0000,0.0000,0.0000,0.0000,0.0000,5834.0000,0.0000,0.0000,0.0000,0.0000,1,0,0,0,0,3,0,0,0,0
zc,SR311,2012-06-15 11:20:12.683,5809.0000,14,0,0.0000,0.0000,0,0,多换,B,5718.0000,0.0000,0.0000,0.0000,0.0000,5834.0000,0.0000,0.0000,0.0000,0.0000,1,0,0,0,0,3,0,0,0,0
zc,SR311,2012-06-15 11:22:18.417,5809.0000,14,0,0.0000,0.0000,0,0,多换,B,5716.0000,0.0000,0.0000,0.0000,0.0000,5834.0000,0.0000,0.0000,0.0000,0.0000,1,0,0,0,0,3,0,0,0,0
zc,SR311,2012-06-15 11:22:49.950,5809.0000,14,0,0.0000,0.0000,0,0,多换,B,5721.0000,0.0000,0.0000,0.0000,0.0000,5834.0000,0.0000,0.0000,0.0000,0.0000,1,0,0,0,0,3,0,0,0,0
zc,SR311,2012-06-15 11:22:52.933,5809.0000,14,0,0.0000,0.0000,0,0,多换,B,5716.0000,0.0000,0.0000,0.0000,0.0000,5834.0000,0.0000,0.0000,0.0000,0.0000,1,0,0,0,0,3,0,0,0,0
zc,SR311,2012-06-15 11:23:10.683,5809.0000,14,0,0.0000,0.0000,0,0,多换,B,5717.0000,0.0000,0.0000,0.0000,0.0000,5834.0000,0.0000,0.0000,0.0000,0.0000,1,0,0,0,0,3,0,0,0,0
zc,SR311,2012-06-15 11:23:52.917,5809.0000,14,0,0.0000,0.0000,0,0,多换,B,5721.0000,0.0000,0.0000,0.0000,0.0000,5834.0000,0.0000,0.0000,0.0000,0.0000,1,0,0,0,0,3,0,0,0,0
zc,SR311,2012-06-15 11:24:35.450,5809.0000,14,0,0.0000,0.0000,0,0,多换,B,5717.0000,0.0000,0.0000,0.0000,0.0000,5834.0000,0.0000,0.0000,0.0000,0.0000,1,0,0,0,0,3,0,0,0,0
zc,SR311,2012-06-15 11:25:56.387,5809.0000,14,0,0.0000,0.0000,0,0,多换,B,5718.0000,0.0000,0.0000,0.0000,0.0000,5834.0000,0.0000,0.0000,0.0000,0.0000,1,0,0,0,0,3,0,0,0,0
zc,SR311,2012-06-15 11:26:07.637,5809.0000,14,0,0.0000,0.0000,0,0,多换,B,5718.0000,0.0000,0.0000,0.0000,0.0000,5830.0000,0.0000,0.0000,0.0000,0.0000,1,0,0,0,0,1,0,0,0,0
zc,SR311,2012-06-15 11:26:10.653,5809.0000,14,0,0.0000,0.0000,0,0,多换,B,5718.0000,0.0000,0.0000,0.0000,0.0000,5829.0000,0.0000,0.0000,0.0000,0.0000,1,0,0,0,0,3,0,0,0,0
zc,SR311,2012-06-15 11:27:11.950,5809.0000,14,0,0.0000,0.0000,0,0,多换,B,5719.0000,0.0000,0.0000,0.0000,0.0000,5829.0000,0.0000,0.0000,0.0000,0.0000,1,0,0,0,0,3,0,0,0,0
zc,SR311,2012-06-15 11:27:27.183,5809.0000,14,0,0.0000,0.0000,0,0,多换,B,5718.0000,0.0000,0.0000,0.0000,0.0000,5829.0000,0.0000,0.0000,0.0000,0.0000,1,0,0,0,0,3,0,0,0,0
zc,SR311,2012-06-15 11:27:29.433,5809.0000,14,0,0.0000,0.0000,0,0,多换,B,5717.0000,0.0000,0.0000,0.0000,0.0000,5829.0000,0.0000,0.0000,0.0000,0.0000,1,0,0,0,0,3,0,0,0,0
zc,SR311,2012-06-15 11:29:33.433,5809.0000,14,0,0.0000,0.0000,0,0,多换,B,5717.0000,0.0000,0.0000,0.0000,0.0000,5830.0000,0.0000,0.0000,0.0000,0.0000,1,0,0,0,0,1,0,0,0,0
zc,SR311,2012-06-15 11:36:29.870,5809.0000,14,0,0.0000,0.0000,0,0,多换,B,5717.0000,0.0000,0.0000,0.0000,0.0000,5830.0000,0.0000,0.0000,0.0000,0.0000,1,0,0,0,0,1,0,0,0,0
zc,SR311,2012-06-15 11:57:29.840,5809.0000,14,0,0.0000,0.0000,0,0,多换,B,5717.0000,0.0000,0.0000,0.0000,0.0000,5830.0000,0.0000,0.0000,0.0000,0.0000,1,0,0,0,0,1,0,0,0,0
zc,SR311,2012-06-15 12:02:29.840,5809.0000,14,0,0.0000,0.0000,0,0,多换,B,5717.0000,0.0000,0.0000,0.0000,0.0000,5830.0000,0.0000,0.0000,0.0000,0.0000,1,0,0,0,0,1,0,0,0,0
zc,SR311,2012-06-15 12:39:29.823,5809.0000,14,0,0.0000,0.0000,0,0,多换,B,5717.0000,0.0000,0.0000,0.0000,0.0000,5830.0000,0.0000,0.0000,0.0000,0.0000,1,0,0,0,0,1,0,0,0,0
zc,SR311,2012-06-15 12:50:29.807,5809.0000,14,0,0.0000,0.0000,0,0,多换,B,5717.0000,0.0000,0.0000,0.0000,0.0000,5830.0000,0.0000,0.0000,0.0000,0.0000,1,0,0,0,0,1,0,0,0,0
zc,SR311,2012-06-15 12:51:29.807,5809.0000,14,0,0.0000,0.0000,0,0,多换,B,5717.0000,0.0000,0.0000,0.0000,0.0000,5830.0000,0.0000,0.0000,0.0000,0.0000,1,0,0,0,0,1,0,0,0,0
zc,SR311,2012-06-15 13:03:29.807,5809.0000,14,0,0.0000,0.0000,0,0,多换,B,5717.0000,0.0000,0.0000,0.0000,0.0000,5830.0000,0.0000,0.0000,0.0000,0.0000,1,0,0,0,0,1,0,0,0,0
zc,SR311,2012-06-15 13:10:29.793,5809.0000,14,0,0.0000,0.0000,0,0,多换,B,5717.0000,0.0000,0.0000,0.0000,0.0000,5830.0000,0.0000,0.0000,0.0000,0.0000,1,0,0,0,0,1,0,0,0,0
zc,SR311,2012-06-15 13:30:10.403,5809.0000,14,0,0.0000,0.0000,0,0,多换,B,5722.0000,0.0000,0.0000,0.0000,0.0000,5830.0000,0.0000,0.0000,0.0000,0.0000,1,0,0,0,0,1,0,0,0,0
zc,SR311,2012-06-15 13:30:11.137,5809.0000,14,0,0.0000,0.0000,0,0,多换,B,5717.0000,0.0000,0.0000,0.0000,0.0000,5830.0000,0.0000,0.0000,0.0000,0.0000,1,0,0,0,0,1,0,0,0,0
zc,SR311,2012-06-15 13:30:22.823,5809.0000,14,0,0.0000,0.0000,0,0,多换,B,5717.0000,0.0000,0.0000,0.0000,0.0000,5829.0000,0.0000,0.0000,0.0000,0.0000,1,0,0,0,0,3,0,0,0,0
zc,SR311,2012-06-15 13:30:29.387,5809.0000,14,0,0.0000,0.0000,0,0,多换,B,5706.0000,0.0000,0.0000,0.0000,0.0000,5829.0000,0.0000,0.0000,0.0000,0.0000,1,0,0,0,0,3,0,0,0,0
zc,SR311,2012-06-15 13:30:43.607,5809.0000,14,0,0.0000,0.0000,0,0,多换,B,5713.0000,0.0000,0.0000,0.0000,0.0000,5829.0000,0.0000,0.0000,0.0000,0.0000,1,0,0,0,0,3,0,0,0,0
zc,SR311,2012-06-15 13:31:03.573,5809.0000,14,0,0.0000,0.0000,0,0,多换,B,5716.0000,0.0000,0.0000,0.0000,0.0000,5829.0000,0.0000,0.0000,0.0000,0.0000,1,0,0,0,0,3,0,0,0,0
zc,SR311,2012-06-15 13:31:04.323,5809.0000,14,0,0.0000,0.0000,0,0,多换,B,5713.0000,0.0000,0.0000,0.0000,0.0000,5829.0000,0.0000,0.0000,0.0000,0.0000,1,0,0,0,0,3,0,0,0,0
zc,SR311,2012-06-15 13:31:04.823,5809.0000,14,0,0.0000,0.0000,0,0,多换,B,5714.0000,0.0000,0.0000,0.0000,0.0000,5829.0000,0.0000,0.0000,0.0000,0.0000,1,0,0,0,0,3,0,0,0,0
zc,SR311,2012-06-15 13:31:14.090,5809.0000,14,0,0.0000,0.0000,0,0,多换,B,5716.0000,0.0000,0.0000,0.0000,0.0000,5829.0000,0.0000,0.0000,0.0000,0.0000,1,0,0,0,0,3,0,0,0,0
zc,SR311,2012-06-15 13:31:18.590,5809.0000,14,0,0.0000,0.0000,0,0,多换,B,5714.0000,0.0000,0.0000,0.0000,0.0000,5829.0000,0.0000,0.0000,0.0000,0.0000,1,0,0,0,0,3,0,0,0,0
zc,SR311,2012-06-15 13:32:01.387,5809.0000,14,0,0.0000,0.0000,0,0,多换,B,5714.0000,0.0000,0.0000,0.0000,0.0000,5809.0000,0.0000,0.0000,0.0000,0.0000,1,0,0,0,0,1,0,0,0,0
zc,SR311,2012-06-15 13:32:02.107,5809.0000,14,0,0.0000,0.0000,0,0,多换,B,5721.0000,0.0000,0.0000,0.0000,0.0000,5809.0000,0.0000,0.0000,0.0000,0.0000,1,0,0,0,0,1,0,0,0,0
zc,SR311,2012-06-15 13:32:04.107,5809.0000,14,0,0.0000,0.0000,0,0,多换,B,5714.0000,0.0000,0.0000,0.0000,0.0000,5809.0000,0.0000,0.0000,0.0000,0.0000,1,0,0,0,0,1,0,0,0,0
zc,SR311,2012-06-15 13:32:48.573,5809.0000,14,0,0.0000,0.0000,0,0,多换,B,5717.0000,0.0000,0.0000,0.0000,0.0000,5809.0000,0.0000,0.0000,0.0000,0.0000,1,0,0,0,0,1,0,0,0,0
zc,SR311,2012-06-15 13:34:17.057,5809.0000,14,0,0.0000,0.0000,0,0,多换,B,5717.0000,0.0000,0.0000,0.0000,0.0000,5808.0000,0.0000,0.0000,0.0000,0.0000,1,0,0,0,0,1,0,0,0,0
zc,SR311,2012-06-15 13:34:29.760,5809.0000,14,0,0.0000,0.0000,0,0,多换,B,5717.0000,0.0000,0.0000,0.0000,0.0000,5808.0000,0.0000,0.0000,0.0000,0.0000,1,0,0,0,0,1,0,0,0,0
zc,SR311,2012-06-15 13:34:48.323,5809.0000,14,0,0.0000,0.0000,0,0,多换,B,5714.0000,0.0000,0.0000,0.0000,0.0000,5808.0000,0.0000,0.0000,0.0000,0.0000,1,0,0,0,0,1,0,0,0,0
zc,SR311,2012-06-15 13:35:30.073,5809.0000,14,0,0.0000,0.0000,0,0,多换,B,5714.0000,0.0000,0.0000,0.0000,0.0000,5808.0000,0.0000,0.0000,0.0000,0.0000,1,0,0,0,0,1,0,0,0,0
zc,SR311,2012-06-15 13:35:53.857,5809.0000,14,0,0.0000,0.0000,0,0,多换,B,5714.0000,0.0000,0.0000,0.0000,0.0000,5807.0000,0.0000,0.0000,0.0000,0.0000,1,0,0,0,0,2,0,0,0,0
zc,SR311,2012-06-15 13:36:13.573,5809.0000,14,0,0.0000,0.0000,0,0,多换,B,5714.0000,0.0000,0.0000,0.0000,0.0000,5805.0000,0.0000,0.0000,0.0000,0.0000,1,0,0,0,0,1,0,0,0,0
zc,SR311,2012-06-15 13:36:26.073,5809.0000,14,0,0.0000,0.0000,0,0,多换,B,5706.0000,0.0000,0.0000,0.0000,0.0000,5805.0000,0.0000,0.0000,0.0000,0.0000,1,0,0,0,0,1,0,0,0,0
zc,SR311,2012-06-15 13:36:30.357,5809.0000,14,0,0.0000,0.0000,0,0,多换,B,5706.0000,0.0000,0.0000,0.0000,0.0000,5804.0000,0.0000,0.0000,0.0000,0.0000,1,0,0,0,0,2,0,0,0,0
zc,SR311,2012-06-15 13:36:41.057,5809.0000,14,0,0.0000,0.0000,0,0,多换,B,5706.0000,0.0000,0.0000,0.0000,0.0000,5799.0000,0.0000,0.0000,0.0000,0.0000,1,0,0,0,0,1,0,0,0,0
zc,SR311,2012-06-15 13:36:48.857,5809.0000,14,0,0.0000,0.0000,0,0,多换,B,5715.0000,0.0000,0.0000,0.0000,0.0000,5799.0000,0.0000,0.0000,0.0000,0.0000,1,0,0,0,0,1,0,0,0,0
zc,SR311,2012-06-15 13:36:54.590,5809.0000,14,0,0.0000,0.0000,0,0,多换,B,5706.0000,0.0000,0.0000,0.0000,0.0000,5799.0000,0.0000,0.0000,0.0000,0.0000,1,0,0,0,0,1,0,0,0,0
zc,SR311,2012-06-15 13:37:31.307,5809.0000,14,0,0.0000,0.0000,0,0,多换,B,5730.0000,0.0000,0.0000,0.0000,0.0000,5799.0000,0.0000,0.0000,0.0000,0.0000,4,0,0,0,0,1,0,0,0,0
zc,SR311,2012-06-15 13:42:29.777,5809.0000,14,0,0.0000,0.0000,0,0,多换,B,5730.0000,0.0000,0.0000,0.0000,0.0000,5799.0000,0.0000,0.0000,0.0000,0.0000,4,0,0,0,0,1,0,0,0,0
zc,SR311,2012-06-15 13:44:20.793,5809.0000,14,0,0.0000,0.0000,0,0,多换,B,5706.0000,0.0000,0.0000,0.0000,0.0000,5799.0000,0.0000,0.0000,0.0000,0.0000,1,0,0,0,0,1,0,0,0,0
zc,SR311,2012-06-15 13:44:22.043,5809.0000,14,0,0.0000,0.0000,0,0,多换,B,5706.0000,0.0000,0.0000,0.0000,0.0000,5830.0000,0.0000,0.0000,0.0000,0.0000,1,0,0,0,0,1,0,0,0,0
zc,SR311,2012-06-15 13:44:23.807,5809.0000,14,0,0.0000,0.0000,0,0,多换,B,5706.0000,0.0000,0.0000,0.0000,0.0000,5827.0000,0.0000,0.0000,0.0000,0.0000,1,0,0,0,0,3,0,0,0,0
zc,SR311,2012-06-15 13:44:58.057,5809.0000,14,0,0.0000,0.0000,0,0,多换,B,5708.0000,0.0000,0.0000,0.0000,0.0000,5827.0000,0.0000,0.0000,0.0000,0.0000,1,0,0,0,0,3,0,0,0,0
zc,SR311,2012-06-15 13:45:21.057,5809.0000,14,0,0.0000,0.0000,0,0,多换,B,5706.0000,0.0000,0.0000,0.0000,0.0000,5827.0000,0.0000,0.0000,0.0000,0.0000,1,0,0,0,0,3,0,0,0,0
zc,SR311,2012-06-15 13:46:17.043,5809.0000,14,0,0.0000,0.0000,0,0,多换,B,5710.0000,0.0000,0.0000,0.0000,0.0000,5827.0000,0.0000,0.0000,0.0000,0.0000,1,0,0,0,0,3,0,0,0,0
zc,SR311,2012-06-15 13:49:16.307,5809.0000,14,0,0.0000,0.0000,0,0,多换,B,5711.0000,0.0000,0.0000,0.0000,0.0000,5827.0000,0.0000,0.0000,0.0000,0.0000,1,0,0,0,0,3,0,0,0,0
zc,SR311,2012-06-15 13:49:31.590,5809.0000,14,0,0.0000,0.0000,0,0,多换,B,5710.0000,0.0000,0.0000,0.0000,0.0000,5827.0000,0.0000,0.0000,0.0000,0.0000,1,0,0,0,0,3,0,0,0,0
zc,SR311,2012-06-15 13:50:20.073,5809.0000,14,0,0.0000,0.0000,0,0,多换,B,5714.0000,0.0000,0.0000,0.0000,0.0000,5827.0000,0.0000,0.0000,0.0000,0.0000,1,0,0,0,0,3,0,0,0,0
zc,SR311,2012-06-15 13:52:40.557,5809.0000,14,0,0.0000,0.0000,0,0,多换,B,5716.0000,0.0000,0.0000,0.0000,0.0000,5827.0000,0.0000,0.0000,0.0000,0.0000,1,0,0,0,0,3,0,0,0,0
zc,SR311,2012-06-15 13:53:43.043,5809.0000,14,0,0.0000,0.0000,0,0,多换,B,5718.0000,0.0000,0.0000,0.0000,0.0000,5827.0000,0.0000,0.0000,0.0000,0.0000,1,0,0,0,0,3,0,0,0,0
zc,SR311,2012-06-15 13:53:44.807,5809.0000,14,0,0.0000,0.0000,0,0,多换,B,5716.0000,0.0000,0.0000,0.0000,0.0000,5827.0000,0.0000,0.0000,0.0000,0.0000,1,0,0,0,0,3,0,0,0,0
zc,SR311,2012-06-15 13:53:54.573,5809.0000,14,0,0.0000,0.0000,0,0,多换,B,5720.0000,0.0000,0.0000,0.0000,0.0000,5827.0000,0.0000,0.0000,0.0000,0.0000,1,0,0,0,0,3,0,0,0,0
zc,SR311,2012-06-15 13:53:56.293,5809.0000,14,0,0.0000,0.0000,0,0,多换,B,5716.0000,0.0000,0.0000,0.0000,0.0000,5827.0000,0.0000,0.0000,0.0000,0.0000,1,0,0,0,0,3,0,0,0,0
zc,SR311,2012-06-15 13:55:11.527,5809.0000,14,0,0.0000,0.0000,0,0,多换,B,5714.0000,0.0000,0.0000,0.0000,0.0000,5827.0000,0.0000,0.0000,0.0000,0.0000,1,0,0,0,0,3,0,0,0,0
zc,SR311,2012-06-15 13:55:12.057,5809.0000,14,0,0.0000,0.0000,0,0,多换,B,5715.0000,0.0000,0.0000,0.0000,0.0000,5827.0000,0.0000,0.0000,0.0000,0.0000,1,0,0,0,0,3,0,0,0,0
zc,SR311,2012-06-15 13:56:03.527,5809.0000,14,0,0.0000,0.0000,0,0,多换,B,5714.0000,0.0000,0.0000,0.0000,0.0000,5827.0000,0.0000,0.0000,0.0000,0.0000,1,0,0,0,0,3,0,0,0,0
zc,SR311,2012-06-15 13:57:07.793,5809.0000,14,0,0.0000,0.0000,0,0,多换,B,5714.0000,0.0000,0.0000,0.0000,0.0000,5826.0000,0.0000,0.0000,0.0000,0.0000,1,0,0,0,0,2,0,0,0,0
zc,SR311,2012-06-15 13:57:10.557,5809.0000,14,0,0.0000,0.0000,0,0,多换,B,5714.0000,0.0000,0.0000,0.0000,0.0000,5825.0000,0.0000,0.0000,0.0000,0.0000,1,0,0,0,0,3,0,0,0,0
zc,SR311,2012-06-15 13:57:16.293,5809.0000,14,0,0.0000,0.0000,0,0,多换,B,5714.0000,0.0000,0.0000,0.0000,0.0000,5824.0000,0.0000,0.0000,0.0000,0.0000,1,0,0,0,0,2,0,0,0,0
zc,SR311,2012-06-15 13:57:18.590,5809.0000,14,0,0.0000,0.0000,0,0,多换,B,5716.0000,0.0000,0.0000,0.0000,0.0000,5824.0000,0.0000,0.0000,0.0000,0.0000,1,0,0,0,0,2,0,0,0,0
zc,SR311,2012-06-15 13:57:33.793,5809.0000,14,0,0.0000,0.0000,0,0,多换,B,5714.0000,0.0000,0.0000,0.0000,0.0000,5824.0000,0.0000,0.0000,0.0000,0.0000,1,0,0,0,0,2,0,0,0,0
zc,SR311,2012-06-15 13:58:23.010,5809.0000,14,0,0.0000,0.0000,0,0,多换,B,5738.0000,0.0000,0.0000,0.0000,0.0000,5824.0000,0.0000,0.0000,0.0000,0.0000,4,0,0,0,0,2,0,0,0,0
zc,SR311,2012-06-15 14:00:32.293,5809.0000,14,0,0.0000,0.0000,0,0,多换,B,5714.0000,0.0000,0.0000,0.0000,0.0000,5824.0000,0.0000,0.0000,0.0000,0.0000,1,0,0,0,0,2,0,0,0,0
zc,SR311,2012-06-15 14:01:10.807,5809.0000,14,0,0.0000,0.0000,0,0,多换,B,5714.0000,0.0000,0.0000,0.0000,0.0000,5823.0000,0.0000,0.0000,0.0000,0.0000,1,0,0,0,0,3,0,0,0,0
zc,SR311,2012-06-15 14:01:21.777,5809.0000,14,0,0.0000,0.0000,0,0,多换,B,5714.0000,0.0000,0.0000,0.0000,0.0000,5822.0000,0.0000,0.0000,0.0000,0.0000,1,0,0,0,0,2,0,0,0,0
zc,SR311,2012-06-15 14:04:25.527,5809.0000,14,0,0.0000,0.0000,0,0,多换,B,5715.0000,0.0000,0.0000,0.0000,0.0000,5822.0000,0.0000,0.0000,0.0000,0.0000,1,0,0,0,0,2,0,0,0,0
zc,SR311,2012-06-15 14:06:44.807,5809.0000,14,0,0.0000,0.0000,0,0,多换,B,5718.0000,0.0000,0.0000,0.0000,0.0000,5822.0000,0.0000,0.0000,0.0000,0.0000,1,0,0,0,0,2,0,0,0,0
zc,SR311,2012-06-15 14:06:45.293,5809.0000,14,0,0.0000,0.0000,0,0,多换,B,5715.0000,0.0000,0.0000,0.0000,0.0000,5822.0000,0.0000,0.0000,0.0000,0.0000,1,0,0,0,0,2,0,0,0,0
zc,SR311,2012-06-15 14:09:27.777,5809.0000,14,0,0.0000,0.0000,0,0,多换,B,5719.0000,0.0000,0.0000,0.0000,0.0000,5822.0000,0.0000,0.0000,0.0000,0.0000,1,0,0,0,0,2,0,0,0,0
zc,SR311,2012-06-15 14:10:01.510,5809.0000,14,0,0.0000,0.0000,0,0,多换,B,5715.0000,0.0000,0.0000,0.0000,0.0000,5822.0000,0.0000,0.0000,0.0000,0.0000,1,0,0,0,0,2,0,0,0,0
zc,SR311,2012-06-15 14:10:02.557,5809.0000,14,0,0.0000,0.0000,0,0,多换,B,5720.0000,0.0000,0.0000,0.0000,0.0000,5822.0000,0.0000,0.0000,0.0000,0.0000,1,0,0,0,0,2,0,0,0,0
zc,SR311,2012-06-15 14:10:36.823,5809.0000,14,0,0.0000,0.0000,0,0,多换,B,5715.0000,0.0000,0.0000,0.0000,0.0000,5822.0000,0.0000,0.0000,0.0000,0.0000,1,0,0,0,0,2,0,0,0,0
zc,SR311,2012-06-15 14:10:47.510,5809.0000,14,0,0.0000,0.0000,0,0,多换,B,5715.0000,0.0000,0.0000,0.0000,0.0000,5750.0000,0.0000,0.0000,0.0000,0.0000,1,0,0,0,0,1,0,0,0,0
zc,SR311,2012-06-15 14:10:52.027,5809.0000,14,0,0.0000,0.0000,0,0,多换,B,5718.0000,0.0000,0.0000,0.0000,0.0000,5750.0000,0.0000,0.0000,0.0000,0.0000,1,0,0,0,0,1,0,0,0,0
zc,SR311,2012-06-15 14:11:01.277,5809.0000,14,0,0.0000,0.0000,0,0,多换,B,5715.0000,0.0000,0.0000,0.0000,0.0000,5750.0000,0.0000,0.0000,0.0000,0.0000,1,0,0,0,0,1,0,0,0,0
zc,SR311,2012-06-15 14:11:02.510,5809.0000,14,0,0.0000,0.0000,0,0,多换,B,5715.0000,0.0000,0.0000,0.0000,0.0000,5822.0000,0.0000,0.0000,0.0000,0.0000,1,0,0,0,0,2,0,0,0,0
zc,SR311,2012-06-15 14:11:15.027,5809.0000,14,0,0.0000,0.0000,0,0,多换,B,5715.0000,0.0000,0.0000,0.0000,0.0000,5829.0000,0.0000,0.0000,0.0000,0.0000,1,0,0,0,0,1,0,0,0,0
zc,SR311,2012-06-15 14:11:20.510,5809.0000,14,0,0.0000,0.0000,0,0,多换,B,5715.0000,0.0000,0.0000,0.0000,0.0000,5828.0000,0.0000,0.0000,0.0000,0.0000,1,0,0,0,0,2,0,0,0,0
zc,SR311,2012-06-15 14:11:43.057,5809.0000,14,0,0.0000,0.0000,0,0,多换,B,5719.0000,0.0000,0.0000,0.0000,0.0000,5828.0000,0.0000,0.0000,0.0000,0.0000,1,0,0,0,0,2,0,0,0,0
zc,SR311,2012-06-15 14:13:22.760,5809.0000,14,0,0.0000,0.0000,0,0,多换,B,5719.0000,0.0000,0.0000,0.0000,0.0000,5827.0000,0.0000,0.0000,0.0000,0.0000,1,0,0,0,0,3,0,0,0,0
zc,SR311,2012-06-15 14:13:26.043,5809.0000,14,0,0.0000,0.0000,0,0,多换,B,5715.0000,0.0000,0.0000,0.0000,0.0000,5827.0000,0.0000,0.0000,0.0000,0.0000,1,0,0,0,0,3,0,0,0,0
zc,SR311,2012-06-15 14:13:33.793,5809.0000,14,0,0.0000,0.0000,0,0,多换,B,5715.0000,0.0000,0.0000,0.0000,0.0000,5826.0000,0.0000,0.0000,0.0000,0.0000,1,0,0,0,0,2,0,0,0,0
zc,SR311,2012-06-15 14:14:31.307,5809.0000,14,0,0.0000,0.0000,0,0,多换,B,5715.0000,0.0000,0.0000,0.0000,0.0000,5825.0000,0.0000,0.0000,0.0000,0.0000,1,0,0,0,0,3,0,0,0,0
zc,SR311,2012-06-15 14:14:39.277,5809.0000,14,0,0.0000,0.0000,0,0,多换,B,5715.0000,0.0000,0.0000,0.0000,0.0000,5824.0000,0.0000,0.0000,0.0000,0.0000,1,0,0,0,0,2,0,0,0,0
zc,SR311,2012-06-15 14:15:30.760,5809.0000,14,0,0.0000,0.0000,0,0,多换,B,5716.0000,0.0000,0.0000,0.0000,0.0000,5824.0000,0.0000,0.0000,0.0000,0.0000,1,0,0,0,0,2,0,0,0,0
zc,SR311,2012-06-15 14:15:57.277,5809.0000,14,0,0.0000,0.0000,0,0,多换,B,5715.0000,0.0000,0.0000,0.0000,0.0000,5824.0000,0.0000,0.0000,0.0000,0.0000,1,0,0,0,0,2,0,0,0,0
zc,SR311,2012-06-15 14:17:06.307,5809.0000,14,0,0.0000,0.0000,0,0,多换,B,5715.0000,0.0000,0.0000,0.0000,0.0000,5824.0000,0.0000,0.0000,0.0000,0.0000,1,0,0,0,0,3,0,0,0,0
zc,SR311,2012-06-15 14:17:59.277,5809.0000,14,0,0.0000,0.0000,0,0,多换,B,5715.0000,0.0000,0.0000,0.0000,0.0000,5823.0000,0.0000,0.0000,0.0000,0.0000,1,0,0,0,0,1,0,0,0,0
zc,SR311,2012-06-15 14:18:05.760,5809.0000,14,0,0.0000,0.0000,0,0,多换,B,5717.0000,0.0000,0.0000,0.0000,0.0000,5823.0000,0.0000,0.0000,0.0000,0.0000,1,0,0,0,0,1,0,0,0,0
zc,SR311,2012-06-15 14:18:09.260,5809.0000,14,0,0.0000,0.0000,0,0,多换,B,5717.0000,0.0000,0.0000,0.0000,0.0000,5824.0000,0.0000,0.0000,0.0000,0.0000,1,0,0,0,0,2,0,0,0,0
zc,SR311,2012-06-15 14:18:57.307,5809.0000,14,0,0.0000,0.0000,0,0,多换,B,5716.0000,0.0000,0.0000,0.0000,0.0000,5824.0000,0.0000,0.0000,0.0000,0.0000,1,0,0,0,0,2,0,0,0,0
zc,SR311,2012-06-15 14:19:00.260,5809.0000,14,0,0.0000,0.0000,0,0,多换,B,5725.0000,0.0000,0.0000,0.0000,0.0000,5824.0000,0.0000,0.0000,0.0000,0.0000,1,0,0,0,0,2,0,0,0,0
zc,SR311,2012-06-15 14:19:00.793,5809.0000,14,0,0.0000,0.0000,0,0,多换,B,5716.0000,0.0000,0.0000,0.0000,0.0000,5824.0000,0.0000,0.0000,0.0000,0.0000,1,0,0,0,0,2,0,0,0,0
zc,SR311,2012-06-15 14:19:10.760,5809.0000,14,0,0.0000,0.0000,0,0,多换,B,5716.0000,0.0000,0.0000,0.0000,0.0000,5828.0000,0.0000,0.0000,0.0000,0.0000,1,0,0,0,0,1,0,0,0,0
zc,SR311,2012-06-15 14:19:15.997,5809.0000,14,0,0.0000,0.0000,0,0,多换,B,5716.0000,0.0000,0.0000,0.0000,0.0000,5827.0000,0.0000,0.0000,0.0000,0.0000,1,0,0,0,0,2,0,0,0,0
zc,SR311,2012-06-15 14:19:34.043,5809.0000,14,0,0.0000,0.0000,0,0,多换,B,5715.0000,0.0000,0.0000,0.0000,0.0000,5827.0000,0.0000,0.0000,0.0000,0.0000,1,0,0,0,0,2,0,0,0,0
zc,SR311,2012-06-15 14:19:42.293,5809.0000,14,0,0.0000,0.0000,0,0,多换,B,5715.0000,0.0000,0.0000,0.0000,0.0000,5826.0000,0.0000,0.0000,0.0000,0.0000,1,0,0,0,0,1,0,0,0,0
zc,SR311,2012-06-15 14:19:45.277,5809.0000,14,0,0.0000,0.0000,0,0,多换,B,5715.0000,0.0000,0.0000,0.0000,0.0000,5827.0000,0.0000,0.0000,0.0000,0.0000,1,0,0,0,0,2,0,0,0,0
zc,SR311,2012-06-15 14:20:10.793,5809.0000,14,0,0.0000,0.0000,0,0,多换,B,5715.0000,0.0000,0.0000,0.0000,0.0000,5827.0000,0.0000,0.0000,0.0000,0.0000,1,0,0,0,0,3,0,0,0,0
zc,SR311,2012-06-15 14:20:47.543,5809.0000,14,0,0.0000,0.0000,0,0,多换,B,5715.0000,0.0000,0.0000,0.0000,0.0000,5827.0000,0.0000,0.0000,0.0000,0.0000,1,0,0,0,0,2,0,0,0,0
zc,SR311,2012-06-15 14:20:48.293,5809.0000,14,0,0.0000,0.0000,0,0,多换,B,5726.0000,0.0000,0.0000,0.0000,0.0000,5827.0000,0.0000,0.0000,0.0000,0.0000,1,0,0,0,0,2,0,0,0,0
zc,SR311,2012-06-15 14:20:50.557,5809.0000,14,0,0.0000,0.0000,0,0,多换,B,5727.0000,0.0000,0.0000,0.0000,0.0000,5827.0000,0.0000,0.0000,0.0000,0.0000,1,0,0,0,0,2,0,0,0,0
zc,SR311,2012-06-15 14:20:51.027,5809.0000,14,0,0.0000,0.0000,0,0,多换,B,5726.0000,0.0000,0.0000,0.0000,0.0000,5827.0000,0.0000,0.0000,0.0000,0.0000,1,0,0,0,0,2,0,0,0,0
zc,SR311,2012-06-15 14:20:52.277,5809.0000,14,0,0.0000,0.0000,0,0,多换,B,5727.0000,0.0000,0.0000,0.0000,0.0000,5827.0000,0.0000,0.0000,0.0000,0.0000,1,0,0,0,0,2,0,0,0,0
zc,SR311,2012-06-15 14:20:55.043,5809.0000,14,0,0.0000,0.0000,0,0,多换,B,5727.0000,0.0000,0.0000,0.0000,0.0000,5830.0000,0.0000,0.0000,0.0000,0.0000,1,0,0,0,0,1,0,0,0,0
zc,SR311,2012-06-15 14:21:09.777,5809.0000,14,0,0.0000,0.0000,0,0,多换,B,5715.0000,0.0000,0.0000,0.0000,0.0000,5828.0000,0.0000,0.0000,0.0000,0.0000,1,0,0,0,0,1,0,0,0,0
zc,SR311,2012-06-15 14:21:10.793,5809.0000,14,0,0.0000,0.0000,0,0,多换,B,5715.0000,0.0000,0.0000,0.0000,0.0000,5830.0000,0.0000,0.0000,0.0000,0.0000,1,0,0,0,0,1,0,0,0,0
zc,SR311,2012-06-15 14:21:19.090,5809.0000,14,0,0.0000,0.0000,0,0,多换,B,5715.0000,0.0000,0.0000,0.0000,0.0000,5830.0000,0.0000,0.0000,0.0000,0.0000,1,0,0,0,0,2,0,0,0,0
zc,SR311,2012-06-15 14:21:31.510,5809.0000,14,0,0.0000,0.0000,0,0,多换,B,5715.0000,0.0000,0.0000,0.0000,0.0000,5830.0000,0.0000,0.0000,0.0000,0.0000,1,0,0,0,0,1,0,0,0,0
zc,SR311,2012-06-15 14:22:31.277,5809.0000,14,0,0.0000,0.0000,0,0,多换,B,5720.0000,0.0000,0.0000,0.0000,0.0000,5830.0000,0.0000,0.0000,0.0000,0.0000,1,0,0,0,0,1,0,0,0,0
zc,SR311,2012-06-15 14:22:55.730,5809.0000,14,0,0.0000,0.0000,0,0,多换,B,5720.0000,0.0000,0.0000,0.0000,0.0000,5829.0000,0.0000,0.0000,0.0000,0.0000,1,0,0,0,0,3,0,0,0,0
zc,SR311,2012-06-15 14:24:11.230,5809.0000,14,0,0.0000,0.0000,0,0,多换,B,5720.0000,0.0000,0.0000,0.0000,0.0000,5828.0000,0.0000,0.0000,0.0000,0.0000,1,0,0,0,0,2,0,0,0,0
zc,SR311,2012-06-15 14:24:44.777,5809.0000,14,0,0.0000,0.0000,0,0,多换,B,5719.0000,0.0000,0.0000,0.0000,0.0000,5821.0000,0.0000,0.0000,0.0000,0.0000,1,0,0,0,0,1,0,0,0,0
zc,SR311,2012-06-15 14:24:46.747,5809.0000,14,0,0.0000,0.0000,0,0,多换,B,5719.0000,0.0000,0.0000,0.0000,0.0000,5828.0000,0.0000,0.0000,0.0000,0.0000,1,0,0,0,0,2,0,0,0,0
zc,SR311,2012-06-15 14:24:54.043,5809.0000,14,0,0.0000,0.0000,0,0,多换,B,5716.0000,0.0000,0.0000,0.0000,0.0000,5828.0000,0.0000,0.0000,0.0000,0.0000,1,0,0,0,0,2,0,0,0,0
zc,SR311,2012-06-15 14:25:00.747,5809.0000,14,0,0.0000,0.0000,0,0,多换,B,5716.0000,0.0000,0.0000,0.0000,0.0000,5827.0000,0.0000,0.0000,0.0000,0.0000,1,0,0,0,0,3,0,0,0,0
zc,SR311,2012-06-15 14:25:21.777,5809.0000,14,0,0.0000,0.0000,0,0,多换,B,5716.0000,0.0000,0.0000,0.0000,0.0000,5823.0000,0.0000,0.0000,0.0000,0.0000,1,0,0,0,0,1,0,0,0,0
zc,SR311,2012-06-15 14:25:36.760,5809.0000,14,0,0.0000,0.0000,0,0,多换,B,5716.0000,0.0000,0.0000,0.0000,0.0000,5822.0000,0.0000,0.0000,0.0000,0.0000,1,0,0,0,0,2,0,0,0,0
zc,SR311,2012-06-15 14:25:43.277,5809.0000,14,0,0.0000,0.0000,0,0,多换,B,5716.0000,0.0000,0.0000,0.0000,0.0000,5820.0000,0.0000,0.0000,0.0000,0.0000,1,0,0,0,0,1,0,0,0,0
zc,SR311,2012-06-15 14:26:07.543,5809.0000,14,0,0.0000,0.0000,0,0,多换,B,5716.0000,0.0000,0.0000,0.0000,0.0000,5822.0000,0.0000,0.0000,0.0000,0.0000,1,0,0,0,0,2,0,0,0,0
zc,SR311,2012-06-15 14:26:08.010,5809.0000,14,0,0.0000,0.0000,0,0,多换,B,5719.0000,0.0000,0.0000,0.0000,0.0000,5822.0000,0.0000,0.0000,0.0000,0.0000,1,0,0,0,0,2,0,0,0,0
zc,SR311,2012-06-15 14:26:12.777,5809.0000,14,0,0.0000,0.0000,0,0,多换,B,5716.0000,0.0000,0.0000,0.0000,0.0000,5822.0000,0.0000,0.0000,0.0000,0.0000,1,0,0,0,0,2,0,0,0,0
zc,SR311,2012-06-15 14:26:13.010,5809.0000,14,0,0.0000,0.0000,0,0,多换,B,5722.0000,0.0000,0.0000,0.0000,0.0000,5822.0000,0.0000,0.0000,0.0000,0.0000,1,0,0,0,0,2,0,0,0,0
zc,SR311,2012-06-15 14:26:15.510,5809.0000,14,0,0.0000,0.0000,0,0,多换,B,5716.0000,0.0000,0.0000,0.0000,0.0000,5822.0000,0.0000,0.0000,0.0000,0.0000,1,0,0,0,0,2,0,0,0,0
zc,SR311,2012-06-15 14:26:33.277,5809.0000,14,0,0.0000,0.0000,0,0,多换,B,5716.0000,0.0000,0.0000,0.0000,0.0000,5830.0000,0.0000,0.0000,0.0000,0.0000,1,0,0,0,0,1,0,0,0,0
zc,SR311,2012-06-15 14:26:37.247,5809.0000,14,0,0.0000,0.0000,0,0,多换,B,5716.0000,0.0000,0.0000,0.0000,0.0000,5829.0000,0.0000,0.0000,0.0000,0.0000,1,0,0,0,0,2,0,0,0,0
zc,SR311,2012-06-15 14:26:37.747,5809.0000,14,0,0.0000,0.0000,0,0,多换,B,5723.0000,0.0000,0.0000,0.0000,0.0000,5829.0000,0.0000,0.0000,0.0000,0.0000,1,0,0,0,0,2,0,0,0,0
zc,SR311,2012-06-15 14:27:40.747,5809.0000,14,0,0.0000,0.0000,0,0,多换,B,5724.0000,0.0000,0.0000,0.0000,0.0000,5829.0000,0.0000,0.0000,0.0000,0.0000,1,0,0,0,0,2,0,0,0,0
zc,SR311,2012-06-15 14:27:54.277,5809.0000,14,0,0.0000,0.0000,0,0,多换,B,5723.0000,0.0000,0.0000,0.0000,0.0000,5829.0000,0.0000,0.0000,0.0000,0.0000,1,0,0,0,0,2,0,0,0,0
zc,SR311,2012-06-15 14:27:59.497,5809.0000,14,0,0.0000,0.0000,0,0,多换,B,5723.0000,0.0000,0.0000,0.0000,0.0000,5830.0000,0.0000,0.0000,0.0000,0.0000,1,0,0,0,0,1,0,0,0,0
zc,SR311,2012-06-15 14:28:20.260,5809.0000,14,0,0.0000,0.0000,0,0,多换,B,5723.0000,0.0000,0.0000,0.0000,0.0000,5829.0000,0.0000,0.0000,0.0000,0.0000,1,0,0,0,0,1,0,0,0,0
zc,SR311,2012-06-15 14:28:22.010,5809.0000,14,0,0.0000,0.0000,0,0,多换,B,5723.0000,0.0000,0.0000,0.0000,0.0000,5830.0000,0.0000,0.0000,0.0000,0.0000,1,0,0,0,0,1,0,0,0,0
zc,SR311,2012-06-15 14:28:58.497,5809.0000,14,0,0.0000,0.0000,0,0,多换,B,5732.0000,0.0000,0.0000,0.0000,0.0000,5830.0000,0.0000,0.0000,0.0000,0.0000,1,0,0,0,0,1,0,0,0,0
zc,SR311,2012-06-15 14:28:59.260,5809.0000,14,0,0.0000,0.0000,0,0,多换,B,5723.0000,0.0000,0.0000,0.0000,0.0000,5830.0000,0.0000,0.0000,0.0000,0.0000,1,0,0,0,0,1,0,0,0,0
zc,SR311,2012-06-15 14:29:16.760,5809.0000,14,0,0.0000,0.0000,0,0,多换,B,5733.0000,0.0000,0.0000,0.0000,0.0000,5830.0000,0.0000,0.0000,0.0000,0.0000,1,0,0,0,0,1,0,0,0,0
zc,SR311,2012-06-15 14:30:45.760,5809.0000,14,0,0.0000,0.0000,0,0,多换,B,5735.0000,0.0000,0.0000,0.0000,0.0000,5830.0000,0.0000,0.0000,0.0000,0.0000,1,0,0,0,0,1,0,0,0,0
zc,SR311,2012-06-15 14:31:00.543,5809.0000,14,0,0.0000,0.0000,0,0,多换,B,5733.0000,0.0000,0.0000,0.0000,0.0000,5830.0000,0.0000,0.0000,0.0000,0.0000,1,0,0,0,0,1,0,0,0,0
zc,SR311,2012-06-15 14:31:03.260,5809.0000,14,0,0.0000,0.0000,0,0,多换,B,5723.0000,0.0000,0.0000,0.0000,0.0000,5830.0000,0.0000,0.0000,0.0000,0.0000,1,0,0,0,0,1,0,0,0,0
zc,SR311,2012-06-15 14:32:17.997,5809.0000,14,0,0.0000,0.0000,0,0,多换,B,5735.0000,0.0000,0.0000,0.0000,0.0000,5830.0000,0.0000,0.0000,0.0000,0.0000,1,0,0,0,0,1,0,0,0,0
zc,SR311,2012-06-15 14:32:20.760,5809.0000,14,0,0.0000,0.0000,0,0,多换,B,5740.0000,0.0000,0.0000,0.0000,0.0000,5830.0000,0.0000,0.0000,0.0000,0.0000,1,0,0,0,0,1,0,0,0,0
zc,SR311,2012-06-15 14:32:21.293,5809.0000,14,0,0.0000,0.0000,0,0,多换,B,5735.0000,0.0000,0.0000,0.0000,0.0000,5830.0000,0.0000,0.0000,0.0000,0.0000,1,0,0,0,0,1,0,0,0,0
zc,SR311,2012-06-15 14:32:39.793,5809.0000,14,0,0.0000,0.0000,0,0,多换,B,5736.0000,0.0000,0.0000,0.0000,0.0000,5830.0000,0.0000,0.0000,0.0000,0.0000,1,0,0,0,0,1,0,0,0,0
zc,SR311,2012-06-15 14:34:19.527,5809.0000,14,0,0.0000,0.0000,0,0,多换,B,5735.0000,0.0000,0.0000,0.0000,0.0000,5830.0000,0.0000,0.0000,0.0000,0.0000,1,0,0,0,0,1,0,0,0,0
zc,SR311,2012-06-15 14:34:39.527,5809.0000,14,0,0.0000,0.0000,0,0,多换,B,5736.0000,0.0000,0.0000,0.0000,0.0000,5830.0000,0.0000,0.0000,0.0000,0.0000,1,0,0,0,0,1,0,0,0,0
zc,SR311,2012-06-15 14:35:13.760,5809.0000,14,0,0.0000,0.0000,0,0,多换,B,5740.0000,0.0000,0.0000,0.0000,0.0000,5830.0000,0.0000,0.0000,0.0000,0.0000,1,0,0,0,0,1,0,0,0,0
zc,SR311,2012-06-15 14:35:40.760,5809.0000,14,0,0.0000,0.0000,0,0,多换,B,5736.0000,0.0000,0.0000,0.0000,0.0000,5830.0000,0.0000,0.0000,0.0000,0.0000,1,0,0,0,0,1,0,0,0,0
zc,SR311,2012-06-15 14:35:52.997,5809.0000,14,0,0.0000,0.0000,0,0,多换,B,5739.0000,0.0000,0.0000,0.0000,0.0000,5830.0000,0.0000,0.0000,0.0000,0.0000,1,0,0,0,0,1,0,0,0,0
zc,SR311,2012-06-15 14:36:02.747,5809.0000,14,0,0.0000,0.0000,0,0,多换,B,5736.0000,0.0000,0.0000,0.0000,0.0000,5830.0000,0.0000,0.0000,0.0000,0.0000,1,0,0,0,0,1,0,0,0,0
zc,SR311,2012-06-15 14:39:00.997,5809.0000,14,0,0.0000,0.0000,0,0,多换,B,5737.0000,0.0000,0.0000,0.0000,0.0000,5830.0000,0.0000,0.0000,0.0000,0.0000,1,0,0,0,0,1,0,0,0,0
zc,SR311,2012-06-15 14:39:47.247,5809.0000,14,0,0.0000,0.0000,0,0,多换,B,5739.0000,0.0000,0.0000,0.0000,0.0000,5830.0000,0.0000,0.0000,0.0000,0.0000,1,0,0,0,0,1,0,0,0,0
zc,SR311,2012-06-15 14:41:19.277,5809.0000,14,0,0.0000,0.0000,0,0,多换,B,5738.0000,0.0000,0.0000,0.0000,0.0000,5830.0000,0.0000,0.0000,0.0000,0.0000,1,0,0,0,0,1,0,0,0,0
zc,SR311,2012-06-15 14:41:27.230,5809.0000,14,0,0.0000,0.0000,0,0,多换,B,5737.0000,0.0000,0.0000,0.0000,0.0000,5830.0000,0.0000,0.0000,0.0000,0.0000,1,0,0,0,0,1,0,0,0,0
zc,SR311,2012-06-15 14:41:33.980,5809.0000,14,0,0.0000,0.0000,0,0,多换,B,5736.0000,0.0000,0.0000,0.0000,0.0000,5830.0000,0.0000,0.0000,0.0000,0.0000,1,0,0,0,0,1,0,0,0,0
zc,SR311,2012-06-15 14:41:50.480,5809.0000,14,0,0.0000,0.0000,0,0,多换,B,5738.0000,0.0000,0.0000,0.0000,0.0000,5830.0000,0.0000,0.0000,0.0000,0.0000,1,0,0,0,0,1,0,0,0,0
zc,SR311,2012-06-15 14:42:10.247,5809.0000,14,0,0.0000,0.0000,0,0,多换,B,5736.0000,0.0000,0.0000,0.0000,0.0000,5830.0000,0.0000,0.0000,0.0000,0.0000,1,0,0,0,0,1,0,0,0,0
zc,SR311,2012-06-15 14:44:05.497,5809.0000,14,0,0.0000,0.0000,0,0,多换,B,5737.0000,0.0000,0.0000,0.0000,0.0000,5830.0000,0.0000,0.0000,0.0000,0.0000,1,0,0,0,0,1,0,0,0,0
zc,SR311,2012-06-15 14:44:15.247,5809.0000,14,0,0.0000,0.0000,0,0,多换,B,5738.0000,0.0000,0.0000,0.0000,0.0000,5830.0000,0.0000,0.0000,0.0000,0.0000,1,0,0,0,0,1,0,0,0,0
zc,SR311,2012-06-15 14:44:37.510,5809.0000,14,0,0.0000,0.0000,0,0,多换,B,5739.0000,0.0000,0.0000,0.0000,0.0000,5830.0000,0.0000,0.0000,0.0000,0.0000,1,0,0,0,0,1,0,0,0,0
zc,SR311,2012-06-15 14:47:05.230,5809.0000,14,0,0.0000,0.0000,0,0,多换,B,5737.0000,0.0000,0.0000,0.0000,0.0000,5830.0000,0.0000,0.0000,0.0000,0.0000,1,0,0,0,0,1,0,0,0,0
zc,SR311,2012-06-15 14:48:05.760,5809.0000,14,0,0.0000,0.0000,0,0,多换,B,5739.0000,0.0000,0.0000,0.0000,0.0000,5830.0000,0.0000,0.0000,0.0000,0.0000,1,0,0,0,0,1,0,0,0,0
zc,SR311,2012-06-15 14:48:07.510,5809.0000,14,0,0.0000,0.0000,0,0,多换,B,5737.0000,0.0000,0.0000,0.0000,0.0000,5830.0000,0.0000,0.0000,0.0000,0.0000,1,0,0,0,0,1,0,0,0,0
zc,SR311,2012-06-15 14:49:29.713,5809.0000,14,0,0.0000,0.0000,0,0,多换,B,5737.0000,0.0000,0.0000,0.0000,0.0000,5830.0000,0.0000,0.0000,0.0000,0.0000,1,0,0,0,0,1,0,0,0,0
zc,SR311,2012-06-15 14:50:31.760,5809.0000,14,0,0.0000,0.0000,0,0,多换,B,5736.0000,0.0000,0.0000,0.0000,0.0000,5830.0000,0.0000,0.0000,0.0000,0.0000,1,0,0,0,0,1,0,0,0,0
zc,SR311,2012-06-15 14:52:26.497,5809.0000,14,0,0.0000,0.0000,0,0,多换,B,5735.0000,0.0000,0.0000,0.0000,0.0000,5830.0000,0.0000,0.0000,0.0000,0.0000,1,0,0,0,0,1,0,0,0,0
zc,SR311,2012-06-15 14:52:44.760,5809.0000,14,0,0.0000,0.0000,0,0,多换,B,5734.0000,0.0000,0.0000,0.0000,0.0000,5830.0000,0.0000,0.0000,0.0000,0.0000,1,0,0,0,0,1,0,0,0,0
zc,SR311,2012-06-15 14:53:14.277,5809.0000,14,0,0.0000,0.0000,0,0,多换,B,5726.0000,0.0000,0.0000,0.0000,0.0000,5830.0000,0.0000,0.0000,0.0000,0.0000,1,0,0,0,0,1,0,0,0,0
zc,SR311,2012-06-15 14:56:49.997,5809.0000,14,0,0.0000,0.0000,0,0,多换,B,5726.0000,0.0000,0.0000,0.0000,0.0000,5828.0000,0.0000,0.0000,0.0000,0.0000,1,0,0,0,0,1,0,0,0,0
zc,SR311,2012-06-15 14:56:55.730,5809.0000,14,0,0.0000,0.0000,0,0,多换,B,5714.0000,0.0000,0.0000,0.0000,0.0000,5828.0000,0.0000,0.0000,0.0000,0.0000,1,0,0,0,0,1,0,0,0,0
zc,SR311,2012-06-15 14:56:57.247,5809.0000,14,0,0.0000,0.0000,0,0,多换,B,5714.0000,0.0000,0.0000,0.0000,0.0000,5830.0000,0.0000,0.0000,0.0000,0.0000,1,0,0,0,0,1,0,0,0,0
zc,SR311,2012-06-15 14:57:14.010,5809.0000,14,0,0.0000,0.0000,0,0,多换,B,5724.0000,0.0000,0.0000,0.0000,0.0000,5830.0000,0.0000,0.0000,0.0000,0.0000,1,0,0,0,0,1,0,0,0,0
zc,SR311,2012-06-15 14:57:26.997,5809.0000,14,0,0.0000,0.0000,0,0,多换,B,5728.0000,0.0000,0.0000,0.0000,0.0000,5830.0000,0.0000,0.0000,0.0000,0.0000,1,0,0,0,0,1,0,0,0,0
zc,SR311,2012-06-15 14:58:29.683,5809.0000,14,0,0.0000,0.0000,0,0,多换,B,5728.0000,0.0000,0.0000,0.0000,0.0000,5830.0000,0.0000,0.0000,0.0000,0.0000,1,0,0,0,0,1,0,0,0,0
zc,SR311,2012-06-15 14:59:49.293,5809.0000,14,0,0.0000,0.0000,0,0,多换,B,5732.0000,0.0000,0.0000,0.0000,0.0000,5830.0000,0.0000,0.0000,0.0000,0.0000,1,0,0,0,0,1,0,0,0,0
zc,SR311,2012-06-15 15:16:29.700,5809.0000,14,0,0.0000,0.0000,0,0,多换,B,5732.0000,0.0000,0.0000,0.0000,0.0000,5830.0000,0.0000,0.0000,0.0000,0.0000,1,0,0,0,0,1,0,0,0,0
zc,SR311,2012-06-15 15:19:29.700,5809.0000,14,0,0.0000,0.0000,0,0,多换,B,5732.0000,0.0000,0.0000,0.0000,0.0000,5830.0000,0.0000,0.0000,0.0000,0.0000,1,0,0,0,0,1,0,0,0,0
zc,SR311,2012-06-15 15:21:29.653,5809.0000,14,0,0.0000,0.0000,0,0,多换,B,5732.0000,0.0000,0.0000,0.0000,0.0000,5830.0000,0.0000,0.0000,0.0000,0.0000,1,0,0,0,0,1,0,0,0,0
