市场代码,合约代码,时间,最新,持仓,增仓,成交额,成交量,开仓,平仓,成交类型,方向,买一价,买二价,买三价,买四价,买五价,卖一价,卖二价,卖三价,卖四价,卖五价,买一量,买二量,买三量,买四量,买五量,卖一量,卖二量,卖三量,卖四量,卖五量
zc,TA209,2012-06-15 07:59:28.153,0.0000,484204,0,0.0000,0.0000,0,0,空换,S,0.0000,0.0000,0.0000,0.0000,0.0000,0.0000,0.0000,0.0000,0.0000,0.0000,0,0,0,0,0,0,0,0,0,0
zc,TA209,2012-06-15 08:03:28.167,0.0000,484204,0,0.0000,0.0000,0,0,空换,S,0.0000,0.0000,0.0000,0.0000,0.0000,0.0000,0.0000,0.0000,0.0000,0.0000,0,0,0,0,0,0,0,0,0,0
zc,TA209,2012-06-15 08:07:28.153,0.0000,484204,0,0.0000,0.0000,0,0,空换,S,0.0000,0.0000,0.0000,0.0000,0.0000,0.0000,0.0000,0.0000,0.0000,0.0000,0,0,0,0,0,0,0,0,0,0
zc,TA209,2012-06-15 08:13:30.183,0.0000,484204,0,0.0000,0.0000,0,0,空换,S,0.0000,0.0000,0.0000,0.0000,0.0000,0.0000,0.0000,0.0000,0.0000,0.0000,0,0,0,0,0,0,0,0,0,0
zc,TA209,2012-06-15 08:15:30.183,0.0000,484204,0,0.0000,0.0000,0,0,空换,S,0.0000,0.0000,0.0000,0.0000,0.0000,0.0000,0.0000,0.0000,0.0000,0.0000,0,0,0,0,0,0,0,0,0,0
zc,TA209,2012-06-15 08:19:30.167,0.0000,484204,0,0.0000,0.0000,0,0,空换,S,0.0000,0.0000,0.0000,0.0000,0.0000,0.0000,0.0000,0.0000,0.0000,0.0000,0,0,0,0,0,0,0,0,0,0
zc,TA209,2012-06-15 08:21:30.167,0.0000,484204,0,0.0000,0.0000,0,0,空换,S,0.0000,0.0000,0.0000,0.0000,0.0000,0.0000,0.0000,0.0000,0.0000,0.0000,0,0,0,0,0,0,0,0,0,0
zc,TA209,2012-06-15 08:24:30.167,0.0000,484204,0,0.0000,0.0000,0,0,空换,S,0.0000,0.0000,0.0000,0.0000,0.0000,0.0000,0.0000,0.0000,0.0000,0.0000,0,0,0,0,0,0,0,0,0,0
zc,TA209,2012-06-15 08:25:30.183,0.0000,484204,0,0.0000,0.0000,0,0,空换,S,0.0000,0.0000,0.0000,0.0000,0.0000,0.0000,0.0000,0.0000,0.0000,0.0000,0,0,0,0,0,0,0,0,0,0
zc,TA209,2012-06-15 08:27:30.183,0.0000,484204,0,0.0000,0.0000,0,0,空换,S,0.0000,0.0000,0.0000,0.0000,0.0000,0.0000,0.0000,0.0000,0.0000,0.0000,0,0,0,0,0,0,0,0,0,0
zc,TA209,2012-06-15 08:30:30.183,0.0000,484204,0,0.0000,0.0000,0,0,空换,S,0.0000,0.0000,0.0000,0.0000,0.0000,0.0000,0.0000,0.0000,0.0000,0.0000,0,0,0,0,0,0,0,0,0,0
zc,TA209,2012-06-15 08:43:30.167,0.0000,484204,0,0.0000,0.0000,0,0,空换,S,0.0000,0.0000,0.0000,0.0000,0.0000,0.0000,0.0000,0.0000,0.0000,0.0000,0,0,0,0,0,0,0,0,0,0
zc,TA209,2012-06-15 08:45:30.183,0.0000,484204,0,0.0000,0.0000,0,0,空换,S,0.0000,0.0000,0.0000,0.0000,0.0000,0.0000,0.0000,0.0000,0.0000,0.0000,0,0,0,0,0,0,0,0,0,0
zc,TA209,2012-06-15 08:46:30.183,0.0000,484204,0,0.0000,0.0000,0,0,空换,S,0.0000,0.0000,0.0000,0.0000,0.0000,0.0000,0.0000,0.0000,0.0000,0.0000,0,0,0,0,0,0,0,0,0,0
zc,TA209,2012-06-15 08:49:30.183,0.0000,484204,0,0.0000,0.0000,0,0,空换,S,0.0000,0.0000,0.0000,0.0000,0.0000,0.0000,0.0000,0.0000,0.0000,0.0000,0,0,0,0,0,0,0,0,0,0
zc,TA209,2012-06-15 08:50:30.183,0.0000,484204,0,0.0000,0.0000,0,0,空换,S,0.0000,0.0000,0.0000,0.0000,0.0000,0.0000,0.0000,0.0000,0.0000,0.0000,0,0,0,0,0,0,0,0,0,0
zc,TA209,2012-06-15 08:55:02.463,0.0000,484204,0,0.0000,0.0000,0,0,空换,S,0.0000,0.0000,0.0000,0.0000,0.0000,0.0000,0.0000,0.0000,0.0000,0.0000,0,0,0,0,0,0,0,0,0,0
zc,TA209,2012-06-15 08:55:04.700,0.0000,484204,0,0.0000,0.0000,0,0,空换,S,0.0000,0.0000,0.0000,0.0000,0.0000,0.0000,0.0000,0.0000,0.0000,0.0000,0,0,0,0,0,0,0,0,0,0
zc,TA209,2012-06-15 08:55:06.450,0.0000,484204,0,0.0000,0.0000,0,0,空换,S,0.0000,0.0000,0.0000,0.0000,0.0000,0.0000,0.0000,0.0000,0.0000,0.0000,0,0,0,0,0,0,0,0,0,0
zc,TA209,2012-06-15 08:55:08.200,0.0000,484204,0,0.0000,0.0000,0,0,空换,S,0.0000,0.0000,0.0000,0.0000,0.0000,0.0000,0.0000,0.0000,0.0000,0.0000,0,0,0,0,0,0,0,0,0,0
zc,TA209,2012-06-15 08:55:08.700,0.0000,484204,0,0.0000,0.0000,0,0,空换,S,0.0000,0.0000,0.0000,0.0000,0.0000,0.0000,0.0000,0.0000,0.0000,0.0000,0,0,0,0,0,0,0,0,0,0
zc,TA209,2012-06-15 08:55:10.450,0.0000,484204,0,0.0000,0.0000,0,0,空换,S,0.0000,0.0000,0.0000,0.0000,0.0000,0.0000,0.0000,0.0000,0.0000,0.0000,0,0,0,0,0,0,0,0,0,0
zc,TA209,2012-06-15 08:55:11.450,0.0000,484204,0,0.0000,0.0000,0,0,空换,S,0.0000,0.0000,0.0000,0.0000,0.0000,0.0000,0.0000,0.0000,0.0000,0.0000,0,0,0,0,0,0,0,0,0,0
zc,TA209,2012-06-15 08:55:14.950,0.0000,484204,0,0.0000,0.0000,0,0,空换,S,0.0000,0.0000,0.0000,0.0000,0.0000,0.0000,0.0000,0.0000,0.0000,0.0000,0,0,0,0,0,0,0,0,0,0
zc,TA209,2012-06-15 08:55:15.450,0.0000,484204,0,0.0000,0.0000,0,0,空换,S,0.0000,0.0000,0.0000,0.0000,0.0000,0.0000,0.0000,0.0000,0.0000,0.0000,0,0,0,0,0,0,0,0,0,0
zc,TA209,2012-06-15 08:55:22.700,0.0000,484204,0,0.0000,0.0000,0,0,空换,S,0.0000,0.0000,0.0000,0.0000,0.0000,0.0000,0.0000,0.0000,0.0000,0.0000,0,0,0,0,0,0,0,0,0,0
zc,TA209,2012-06-15 08:55:26.450,0.0000,484204,0,0.0000,0.0000,0,0,空换,S,0.0000,0.0000,0.0000,0.0000,0.0000,0.0000,0.0000,0.0000,0.0000,0.0000,0,0,0,0,0,0,0,0,0,0
zc,TA209,2012-06-15 08:55:28.700,0.0000,484204,0,0.0000,0.0000,0,0,空换,S,0.0000,0.0000,0.0000,0.0000,0.0000,0.0000,0.0000,0.0000,0.0000,0.0000,0,0,0,0,0,0,0,0,0,0
zc,TA209,2012-06-15 08:55:37.450,0.0000,484204,0,0.0000,0.0000,0,0,空换,S,0.0000,0.0000,0.0000,0.0000,0.0000,0.0000,0.0000,0.0000,0.0000,0.0000,0,0,0,0,0,0,0,0,0,0
zc,TA209,2012-06-15 08:55:38.450,0.0000,484204,0,0.0000,0.0000,0,0,空换,S,0.0000,0.0000,0.0000,0.0000,0.0000,0.0000,0.0000,0.0000,0.0000,0.0000,0,0,0,0,0,0,0,0,0,0
zc,TA209,2012-06-15 08:55:41.200,0.0000,484204,0,0.0000,0.0000,0,0,空换,S,0.0000,0.0000,0.0000,0.0000,0.0000,0.0000,0.0000,0.0000,0.0000,0.0000,0,0,0,0,0,0,0,0,0,0
zc,TA209,2012-06-15 08:55:58.200,0.0000,484204,0,0.0000,0.0000,0,0,空换,S,0.0000,0.0000,0.0000,0.0000,0.0000,0.0000,0.0000,0.0000,0.0000,0.0000,0,0,0,0,0,0,0,0,0,0
zc,TA209,2012-06-15 08:56:03.450,0.0000,484204,0,0.0000,0.0000,0,0,空换,S,0.0000,0.0000,0.0000,0.0000,0.0000,0.0000,0.0000,0.0000,0.0000,0.0000,0,0,0,0,0,0,0,0,0,0
zc,TA209,2012-06-15 08:56:06.200,0.0000,484204,0,0.0000,0.0000,0,0,空换,S,0.0000,0.0000,0.0000,0.0000,0.0000,0.0000,0.0000,0.0000,0.0000,0.0000,0,0,0,0,0,0,0,0,0,0
zc,TA209,2012-06-15 08:56:12.700,0.0000,484204,0,0.0000,0.0000,0,0,空换,S,0.0000,0.0000,0.0000,0.0000,0.0000,0.0000,0.0000,0.0000,0.0000,0.0000,0,0,0,0,0,0,0,0,0,0
zc,TA209,2012-06-15 08:56:13.950,0.0000,484204,0,0.0000,0.0000,0,0,空换,S,0.0000,0.0000,0.0000,0.0000,0.0000,0.0000,0.0000,0.0000,0.0000,0.0000,0,0,0,0,0,0,0,0,0,0
zc,TA209,2012-06-15 08:56:20.450,0.0000,484204,0,0.0000,0.0000,0,0,空换,S,0.0000,0.0000,0.0000,0.0000,0.0000,0.0000,0.0000,0.0000,0.0000,0.0000,0,0,0,0,0,0,0,0,0,0
zc,TA209,2012-06-15 08:56:22.200,0.0000,484204,0,0.0000,0.0000,0,0,空换,S,0.0000,0.0000,0.0000,0.0000,0.0000,0.0000,0.0000,0.0000,0.0000,0.0000,0,0,0,0,0,0,0,0,0,0
zc,TA209,2012-06-15 08:56:24.700,0.0000,484204,0,0.0000,0.0000,0,0,空换,S,0.0000,0.0000,0.0000,0.0000,0.0000,0.0000,0.0000,0.0000,0.0000,0.0000,0,0,0,0,0,0,0,0,0,0
zc,TA209,2012-06-15 08:56:27.713,0.0000,484204,0,0.0000,0.0000,0,0,空换,S,0.0000,0.0000,0.0000,0.0000,0.0000,0.0000,0.0000,0.0000,0.0000,0.0000,0,0,0,0,0,0,0,0,0,0
zc,TA209,2012-06-15 08:56:42.700,0.0000,484204,0,0.0000,0.0000,0,0,空换,S,0.0000,0.0000,0.0000,0.0000,0.0000,0.0000,0.0000,0.0000,0.0000,0.0000,0,0,0,0,0,0,0,0,0,0
zc,TA209,2012-06-15 08:56:49.450,0.0000,484204,0,0.0000,0.0000,0,0,空换,S,0.0000,0.0000,0.0000,0.0000,0.0000,0.0000,0.0000,0.0000,0.0000,0.0000,0,0,0,0,0,0,0,0,0,0
zc,TA209,2012-06-15 08:56:50.450,0.0000,484204,0,0.0000,0.0000,0,0,空换,S,0.0000,0.0000,0.0000,0.0000,0.0000,0.0000,0.0000,0.0000,0.0000,0.0000,0,0,0,0,0,0,0,0,0,0
zc,TA209,2012-06-15 08:56:52.450,0.0000,484204,0,0.0000,0.0000,0,0,空换,S,0.0000,0.0000,0.0000,0.0000,0.0000,0.0000,0.0000,0.0000,0.0000,0.0000,0,0,0,0,0,0,0,0,0,0
zc,TA209,2012-06-15 08:57:00.450,0.0000,484204,0,0.0000,0.0000,0,0,空换,S,0.0000,0.0000,0.0000,0.0000,0.0000,0.0000,0.0000,0.0000,0.0000,0.0000,0,0,0,0,0,0,0,0,0,0
zc,TA209,2012-06-15 08:57:04.200,0.0000,484204,0,0.0000,0.0000,0,0,空换,S,0.0000,0.0000,0.0000,0.0000,0.0000,0.0000,0.0000,0.0000,0.0000,0.0000,0,0,0,0,0,0,0,0,0,0
zc,TA209,2012-06-15 08:57:09.950,0.0000,484204,0,0.0000,0.0000,0,0,空换,S,0.0000,0.0000,0.0000,0.0000,0.0000,0.0000,0.0000,0.0000,0.0000,0.0000,0,0,0,0,0,0,0,0,0,0
zc,TA209,2012-06-15 08:57:20.950,0.0000,484204,0,0.0000,0.0000,0,0,空换,S,0.0000,0.0000,0.0000,0.0000,0.0000,0.0000,0.0000,0.0000,0.0000,0.0000,0,0,0,0,0,0,0,0,0,0
zc,TA209,2012-06-15 08:57:22.450,0.0000,484204,0,0.0000,0.0000,0,0,空换,S,0.0000,0.0000,0.0000,0.0000,0.0000,0.0000,0.0000,0.0000,0.0000,0.0000,0,0,0,0,0,0,0,0,0,0
zc,TA209,2012-06-15 08:57:24.200,0.0000,484204,0,0.0000,0.0000,0,0,空换,S,0.0000,0.0000,0.0000,0.0000,0.0000,0.0000,0.0000,0.0000,0.0000,0.0000,0,0,0,0,0,0,0,0,0,0
zc,TA209,2012-06-15 08:58:30.200,0.0000,484204,0,0.0000,0.0000,0,0,空换,S,0.0000,0.0000,0.0000,0.0000,0.0000,0.0000,0.0000,0.0000,0.0000,0.0000,0,0,0,0,0,0,0,0,0,0
zc,TA209,2012-06-15 08:59:02.653,7106.0000,484554,350,0.0000,2764.0000,1557,1207,多开,B,7104.0000,0.0000,0.0000,0.0000,0.0000,7106.0000,0.0000,0.0000,0.0000,0.0000,2,0,0,0,0,564,0,0,0,0
zc,TA209,2012-06-15 09:00:01.840,7106.0000,484996,442,0.0000,728.0000,585,143,多开,B,7104.0000,0.0000,0.0000,0.0000,0.0000,7106.0000,0.0000,0.0000,0.0000,0.0000,69,0,0,0,0,361,0,0,0,0
zc,TA209,2012-06-15 09:00:02.870,7106.0000,484738,-258,0.0000,2322.0000,1032,1290,空平,B,7106.0000,0.0000,0.0000,0.0000,0.0000,7108.0000,0.0000,0.0000,0.0000,0.0000,568,0,0,0,0,1,0,0,0,0
zc,TA209,2012-06-15 09:00:03.857,7112.0000,484520,-218,0.0000,996.0000,389,607,空平,B,7110.0000,0.0000,0.0000,0.0000,0.0000,7112.0000,0.0000,0.0000,0.0000,0.0000,267,0,0,0,0,47,0,0,0,0
zc,TA209,2012-06-15 09:00:04.607,7112.0000,484492,-28,0.0000,312.0000,142,170,空平,B,7112.0000,0.0000,0.0000,0.0000,0.0000,7116.0000,0.0000,0.0000,0.0000,0.0000,196,0,0,0,0,187,0,0,0,0
zc,TA209,2012-06-15 09:00:05.323,7112.0000,484432,-60,0.0000,204.0000,72,132,空平,B,7112.0000,0.0000,0.0000,0.0000,0.0000,7116.0000,0.0000,0.0000,0.0000,0.0000,103,0,0,0,0,133,0,0,0,0
zc,TA209,2012-06-15 09:00:06.073,7116.0000,484180,-252,0.0000,350.0000,49,301,空平,B,7116.0000,0.0000,0.0000,0.0000,0.0000,7118.0000,0.0000,0.0000,0.0000,0.0000,170,0,0,0,0,269,0,0,0,0
zc,TA209,2012-06-15 09:00:06.793,7118.0000,483984,-196,0.0000,274.0000,39,235,空平,B,7116.0000,0.0000,0.0000,0.0000,0.0000,7118.0000,0.0000,0.0000,0.0000,0.0000,368,0,0,0,0,197,0,0,0,0
zc,TA209,2012-06-15 09:00:07.307,7118.0000,483910,-74,0.0000,186.0000,56,130,空平,B,7116.0000,0.0000,0.0000,0.0000,0.0000,7118.0000,0.0000,0.0000,0.0000,0.0000,471,0,0,0,0,138,0,0,0,0
zc,TA209,2012-06-15 09:00:08.073,7118.0000,483934,24,0.0000,428.0000,226,202,多开,B,7118.0000,0.0000,0.0000,0.0000,0.0000,7120.0000,0.0000,0.0000,0.0000,0.0000,177,0,0,0,0,100,0,0,0,0
zc,TA209,2012-06-15 09:00:08.590,7120.0000,483918,-16,0.0000,242.0000,113,129,空平,B,7120.0000,0.0000,0.0000,0.0000,0.0000,7122.0000,0.0000,0.0000,0.0000,0.0000,20,0,0,0,0,14,0,0,0,0
zc,TA209,2012-06-15 09:00:09.293,7122.0000,483880,-38,0.0000,162.0000,62,100,空平,B,7122.0000,0.0000,0.0000,0.0000,0.0000,7124.0000,0.0000,0.0000,0.0000,0.0000,7,0,0,0,0,18,0,0,0,0
zc,TA209,2012-06-15 09:00:10.090,7120.0000,483680,-200,0.0000,432.0000,116,316,多平,S,7118.0000,0.0000,0.0000,0.0000,0.0000,7120.0000,0.0000,0.0000,0.0000,0.0000,351,0,0,0,0,7,0,0,0,0
zc,TA209,2012-06-15 09:00:10.840,7122.0000,483648,-32,0.0000,216.0000,92,124,空平,B,7118.0000,0.0000,0.0000,0.0000,0.0000,7122.0000,0.0000,0.0000,0.0000,0.0000,348,0,0,0,0,221,0,0,0,0
zc,TA209,2012-06-15 09:00:11.573,7120.0000,483982,334,0.0000,546.0000,440,106,空开,S,7120.0000,0.0000,0.0000,0.0000,0.0000,7122.0000,0.0000,0.0000,0.0000,0.0000,173,0,0,0,0,125,0,0,0,0
zc,TA209,2012-06-15 09:00:12.293,7120.0000,484110,128,0.0000,626.0000,377,249,空开,S,7120.0000,0.0000,0.0000,0.0000,0.0000,7126.0000,0.0000,0.0000,0.0000,0.0000,123,0,0,0,0,90,0,0,0,0
zc,TA209,2012-06-15 09:00:12.793,7122.0000,483980,-130,0.0000,320.0000,95,225,空平,B,7122.0000,0.0000,0.0000,0.0000,0.0000,7126.0000,0.0000,0.0000,0.0000,0.0000,30,0,0,0,0,78,0,0,0,0
zc,TA209,2012-06-15 09:00:13.573,7124.0000,483974,-6,0.0000,134.0000,64,70,空平,B,7124.0000,0.0000,0.0000,0.0000,0.0000,7126.0000,0.0000,0.0000,0.0000,0.0000,2,0,0,0,0,123,0,0,0,0
zc,TA209,2012-06-15 09:00:14.323,7126.0000,483934,-40,0.0000,392.0000,176,216,空平,B,7122.0000,0.0000,0.0000,0.0000,0.0000,7124.0000,0.0000,0.0000,0.0000,0.0000,59,0,0,0,0,1,0,0,0,0
zc,TA209,2012-06-15 09:00:14.807,7126.0000,483832,-102,0.0000,256.0000,77,179,空平,B,7126.0000,0.0000,0.0000,0.0000,0.0000,7128.0000,0.0000,0.0000,0.0000,0.0000,67,0,0,0,0,47,0,0,0,0
zc,TA209,2012-06-15 09:00:15.557,7126.0000,483828,-4,0.0000,108.0000,52,56,空平,B,7126.0000,0.0000,0.0000,0.0000,0.0000,7128.0000,0.0000,0.0000,0.0000,0.0000,94,0,0,0,0,48,0,0,0,0
zc,TA209,2012-06-15 09:00:16.043,7128.0000,483898,70,0.0000,332.0000,201,131,多开,B,7128.0000,0.0000,0.0000,0.0000,0.0000,7130.0000,0.0000,0.0000,0.0000,0.0000,127,0,0,0,0,77,0,0,0,0
zc,TA209,2012-06-15 09:00:17.073,7130.0000,483754,-144,0.0000,376.0000,116,260,空平,B,7130.0000,0.0000,0.0000,0.0000,0.0000,7132.0000,0.0000,0.0000,0.0000,0.0000,34,0,0,0,0,15,0,0,0,0
zc,TA209,2012-06-15 09:00:17.543,7130.0000,483668,-86,0.0000,362.0000,138,224,空平,B,7128.0000,0.0000,0.0000,0.0000,0.0000,7130.0000,0.0000,0.0000,0.0000,0.0000,198,0,0,0,0,1,0,0,0,0
zc,TA209,2012-06-15 09:00:18.340,7134.0000,483624,-44,0.0000,190.0000,73,117,空平,B,7132.0000,0.0000,0.0000,0.0000,0.0000,7134.0000,0.0000,0.0000,0.0000,0.0000,131,0,0,0,0,26,0,0,0,0
zc,TA209,2012-06-15 09:00:18.793,7130.0000,483368,-256,0.0000,400.0000,72,328,多平,S,7130.0000,0.0000,0.0000,0.0000,0.0000,7132.0000,0.0000,0.0000,0.0000,0.0000,40,0,0,0,0,50,0,0,0,0
zc,TA209,2012-06-15 09:00:20.107,7130.0000,483314,-54,0.0000,564.0000,255,309,多平,S,7128.0000,0.0000,0.0000,0.0000,0.0000,7130.0000,0.0000,0.0000,0.0000,0.0000,179,0,0,0,0,13,0,0,0,0
zc,TA209,2012-06-15 09:00:21.323,7132.0000,483476,162,0.0000,558.0000,360,198,多开,B,7130.0000,0.0000,0.0000,0.0000,0.0000,7132.0000,0.0000,0.0000,0.0000,0.0000,6,0,0,0,0,29,0,0,0,0
zc,TA209,2012-06-15 09:00:21.807,7128.0000,483454,-22,0.0000,186.0000,82,104,多平,S,7128.0000,0.0000,0.0000,0.0000,0.0000,7130.0000,0.0000,0.0000,0.0000,0.0000,82,0,0,0,0,47,0,0,0,0
zc,TA209,2012-06-15 09:00:22.543,7130.0000,483526,72,0.0000,230.0000,151,79,多开,B,7128.0000,0.0000,0.0000,0.0000,0.0000,7130.0000,0.0000,0.0000,0.0000,0.0000,75,0,0,0,0,74,0,0,0,0
zc,TA209,2012-06-15 09:00:23.073,7128.0000,483454,-72,0.0000,172.0000,50,122,多平,S,7128.0000,0.0000,0.0000,0.0000,0.0000,7130.0000,0.0000,0.0000,0.0000,0.0000,58,0,0,0,0,91,0,0,0,0
zc,TA209,2012-06-15 09:00:23.840,7128.0000,483678,224,0.0000,282.0000,253,29,空开,S,7126.0000,0.0000,0.0000,0.0000,0.0000,7128.0000,0.0000,0.0000,0.0000,0.0000,61,0,0,0,0,19,0,0,0,0
zc,TA209,2012-06-15 09:00:24.573,7130.0000,483688,10,0.0000,358.0000,184,174,多开,B,7126.0000,0.0000,0.0000,0.0000,0.0000,7130.0000,0.0000,0.0000,0.0000,0.0000,28,0,0,0,0,15,0,0,0,0
zc,TA209,2012-06-15 09:00:25.260,7126.0000,483690,2,0.0000,302.0000,152,150,空开,S,7126.0000,0.0000,0.0000,0.0000,0.0000,7128.0000,0.0000,0.0000,0.0000,0.0000,21,0,0,0,0,43,0,0,0,0
zc,TA209,2012-06-15 09:00:25.807,7126.0000,483710,20,0.0000,418.0000,219,199,空开,S,7124.0000,0.0000,0.0000,0.0000,0.0000,7126.0000,0.0000,0.0000,0.0000,0.0000,87,0,0,0,0,129,0,0,0,0
zc,TA209,2012-06-15 09:00:26.557,7126.0000,483704,-6,0.0000,276.0000,135,141,多平,S,7124.0000,0.0000,0.0000,0.0000,0.0000,7126.0000,0.0000,0.0000,0.0000,0.0000,80,0,0,0,0,1,0,0,0,0
zc,TA209,2012-06-15 09:00:27.043,7126.0000,483740,36,0.0000,420.0000,228,192,空开,S,7122.0000,0.0000,0.0000,0.0000,0.0000,7126.0000,0.0000,0.0000,0.0000,0.0000,59,0,0,0,0,8,0,0,0,0
zc,TA209,2012-06-15 09:00:27.807,7126.0000,483740,0,0.0000,240.0000,120,120,空换,S,7126.0000,0.0000,0.0000,0.0000,0.0000,7128.0000,0.0000,0.0000,0.0000,0.0000,15,0,0,0,0,14,0,0,0,0
zc,TA209,2012-06-15 09:00:28.293,7126.0000,483864,124,0.0000,146.0000,135,11,空开,S,7124.0000,0.0000,0.0000,0.0000,0.0000,7126.0000,0.0000,0.0000,0.0000,0.0000,4,0,0,0,0,263,0,0,0,0
zc,TA209,2012-06-15 09:00:29.057,7126.0000,483888,24,0.0000,90.0000,57,33,空开,S,7124.0000,0.0000,0.0000,0.0000,0.0000,7126.0000,0.0000,0.0000,0.0000,0.0000,10,0,0,0,0,260,0,0,0,0
zc,TA209,2012-06-15 09:00:29.557,7122.0000,483852,-36,0.0000,156.0000,60,96,多平,S,7122.0000,0.0000,0.0000,0.0000,0.0000,7124.0000,0.0000,0.0000,0.0000,0.0000,76,0,0,0,0,88,0,0,0,0
zc,TA209,2012-06-15 09:00:30.557,7122.0000,483714,-138,0.0000,328.0000,95,233,多平,S,7122.0000,0.0000,0.0000,0.0000,0.0000,7124.0000,0.0000,0.0000,0.0000,0.0000,149,0,0,0,0,85,0,0,0,0
zc,TA209,2012-06-15 09:00:31.293,7124.0000,483746,32,0.0000,342.0000,187,155,多开,B,7124.0000,0.0000,0.0000,0.0000,0.0000,7126.0000,0.0000,0.0000,0.0000,0.0000,80,0,0,0,0,307,0,0,0,0
zc,TA209,2012-06-15 09:00:31.823,7122.0000,483576,-170,0.0000,436.0000,133,303,多平,S,7120.0000,0.0000,0.0000,0.0000,0.0000,7122.0000,0.0000,0.0000,0.0000,0.0000,139,0,0,0,0,72,0,0,0,0
zc,TA209,2012-06-15 09:00:32.527,7122.0000,483572,-4,0.0000,118.0000,57,61,多平,S,7120.0000,0.0000,0.0000,0.0000,0.0000,7122.0000,0.0000,0.0000,0.0000,0.0000,154,0,0,0,0,14,0,0,0,0
zc,TA209,2012-06-15 09:00:33.340,7124.0000,483460,-112,0.0000,446.0000,167,279,空平,B,7124.0000,0.0000,0.0000,0.0000,0.0000,7126.0000,0.0000,0.0000,0.0000,0.0000,3,0,0,0,0,352,0,0,0,0
zc,TA209,2012-06-15 09:00:34.043,7122.0000,483502,42,0.0000,66.0000,54,12,空开,S,7122.0000,0.0000,0.0000,0.0000,0.0000,7124.0000,0.0000,0.0000,0.0000,0.0000,44,0,0,0,0,3,0,0,0,0
zc,TA209,2012-06-15 09:00:34.573,7124.0000,483490,-12,0.0000,60.0000,24,36,空平,B,7124.0000,0.0000,0.0000,0.0000,0.0000,7126.0000,0.0000,0.0000,0.0000,0.0000,5,0,0,0,0,350,0,0,0,0
zc,TA209,2012-06-15 09:00:35.073,7124.0000,483472,-18,0.0000,54.0000,18,36,空平,B,7122.0000,0.0000,0.0000,0.0000,0.0000,7124.0000,0.0000,0.0000,0.0000,0.0000,161,0,0,0,0,2,0,0,0,0
zc,TA209,2012-06-15 09:00:35.840,7124.0000,483492,20,0.0000,34.0000,27,7,多开,B,7124.0000,0.0000,0.0000,0.0000,0.0000,7126.0000,0.0000,0.0000,0.0000,0.0000,2,0,0,0,0,340,0,0,0,0
zc,TA209,2012-06-15 09:00:36.277,7124.0000,483464,-28,0.0000,100.0000,36,64,空平,B,7124.0000,0.0000,0.0000,0.0000,0.0000,7126.0000,0.0000,0.0000,0.0000,0.0000,145,0,0,0,0,181,0,0,0,0
zc,TA209,2012-06-15 09:00:37.010,7126.0000,483348,-116,0.0000,206.0000,45,161,空平,B,7124.0000,0.0000,0.0000,0.0000,0.0000,7126.0000,0.0000,0.0000,0.0000,0.0000,78,0,0,0,0,151,0,0,0,0
zc,TA209,2012-06-15 09:00:37.527,7124.0000,483464,116,0.0000,582.0000,349,233,空开,S,7126.0000,0.0000,0.0000,0.0000,0.0000,7128.0000,0.0000,0.0000,0.0000,0.0000,147,0,0,0,0,131,0,0,0,0
zc,TA209,2012-06-15 09:00:38.277,7126.0000,483418,-46,0.0000,218.0000,86,132,空平,B,7126.0000,0.0000,0.0000,0.0000,0.0000,7128.0000,0.0000,0.0000,0.0000,0.0000,150,0,0,0,0,73,0,0,0,0
zc,TA209,2012-06-15 09:00:38.543,7128.0000,483346,-72,0.0000,202.0000,65,137,空平,B,7128.0000,0.0000,0.0000,0.0000,0.0000,7130.0000,0.0000,0.0000,0.0000,0.0000,65,0,0,0,0,370,0,0,0,0
zc,TA209,2012-06-15 09:00:39.543,7130.0000,483312,-34,0.0000,46.0000,6,40,空平,B,7128.0000,0.0000,0.0000,0.0000,0.0000,7130.0000,0.0000,0.0000,0.0000,0.0000,114,0,0,0,0,360,0,0,0,0
zc,TA209,2012-06-15 09:00:40.027,7130.0000,483144,-168,0.0000,292.0000,62,230,空平,B,7128.0000,0.0000,0.0000,0.0000,0.0000,7130.0000,0.0000,0.0000,0.0000,0.0000,114,0,0,0,0,309,0,0,0,0
zc,TA209,2012-06-15 09:00:40.807,7130.0000,483148,4,0.0000,34.0000,19,15,多开,B,7128.0000,0.0000,0.0000,0.0000,0.0000,7130.0000,0.0000,0.0000,0.0000,0.0000,108,0,0,0,0,300,0,0,0,0
zc,TA209,2012-06-15 09:00:41.323,7128.0000,482890,-258,0.0000,358.0000,50,308,多平,S,7126.0000,0.0000,0.0000,0.0000,0.0000,7128.0000,0.0000,0.0000,0.0000,0.0000,150,0,0,0,0,69,0,0,0,0
zc,TA209,2012-06-15 09:00:42.043,7128.0000,482810,-80,0.0000,134.0000,27,107,多平,S,7126.0000,0.0000,0.0000,0.0000,0.0000,7128.0000,0.0000,0.0000,0.0000,0.0000,79,0,0,0,0,110,0,0,0,0
zc,TA209,2012-06-15 09:00:42.543,7128.0000,482782,-28,0.0000,88.0000,30,58,多平,S,7126.0000,0.0000,0.0000,0.0000,0.0000,7128.0000,0.0000,0.0000,0.0000,0.0000,49,0,0,0,0,107,0,0,0,0
zc,TA209,2012-06-15 09:00:43.323,7128.0000,482600,-182,0.0000,314.0000,66,248,多平,S,7126.0000,0.0000,0.0000,0.0000,0.0000,7128.0000,0.0000,0.0000,0.0000,0.0000,42,0,0,0,0,9,0,0,0,0
zc,TA209,2012-06-15 09:00:43.793,7128.0000,482484,-116,0.0000,240.0000,62,178,多平,S,7128.0000,0.0000,0.0000,0.0000,0.0000,7130.0000,0.0000,0.0000,0.0000,0.0000,14,0,0,0,0,215,0,0,0,0
zc,TA209,2012-06-15 09:00:44.293,7130.0000,482492,8,0.0000,172.0000,90,82,多开,B,7128.0000,0.0000,0.0000,0.0000,0.0000,7130.0000,0.0000,0.0000,0.0000,0.0000,14,0,0,0,0,182,0,0,0,0
zc,TA209,2012-06-15 09:00:45.010,7128.0000,482508,16,0.0000,76.0000,46,30,空开,S,7128.0000,0.0000,0.0000,0.0000,0.0000,7130.0000,0.0000,0.0000,0.0000,0.0000,2,0,0,0,0,188,0,0,0,0
zc,TA209,2012-06-15 09:00:45.807,7126.0000,482544,36,0.0000,272.0000,154,118,空开,S,7126.0000,0.0000,0.0000,0.0000,0.0000,7128.0000,0.0000,0.0000,0.0000,0.0000,212,0,0,0,0,43,0,0,0,0
zc,TA209,2012-06-15 09:00:46.323,7130.0000,482646,102,0.0000,238.0000,170,68,多开,B,7126.0000,0.0000,0.0000,0.0000,0.0000,7130.0000,0.0000,0.0000,0.0000,0.0000,309,0,0,0,0,75,0,0,0,0
zc,TA209,2012-06-15 09:00:47.027,7130.0000,482670,24,0.0000,140.0000,82,58,多开,B,7126.0000,0.0000,0.0000,0.0000,0.0000,7130.0000,0.0000,0.0000,0.0000,0.0000,101,0,0,0,0,35,0,0,0,0
zc,TA209,2012-06-15 09:00:47.527,7128.0000,482698,28,0.0000,60.0000,44,16,空开,S,7128.0000,0.0000,0.0000,0.0000,0.0000,7130.0000,0.0000,0.0000,0.0000,0.0000,17,0,0,0,0,35,0,0,0,0
zc,TA209,2012-06-15 09:00:48.323,7128.0000,482626,-72,0.0000,108.0000,18,90,多平,S,7126.0000,0.0000,0.0000,0.0000,0.0000,7128.0000,0.0000,0.0000,0.0000,0.0000,115,0,0,0,0,211,0,0,0,0
zc,TA209,2012-06-15 09:00:49.027,7128.0000,482566,-60,0.0000,232.0000,86,146,多平,S,7126.0000,0.0000,0.0000,0.0000,0.0000,7128.0000,0.0000,0.0000,0.0000,0.0000,20,0,0,0,0,268,0,0,0,0
zc,TA209,2012-06-15 09:00:49.793,7126.0000,482574,8,0.0000,210.0000,109,101,空开,S,7124.0000,0.0000,0.0000,0.0000,0.0000,7126.0000,0.0000,0.0000,0.0000,0.0000,10,0,0,0,0,238,0,0,0,0
zc,TA209,2012-06-15 09:00:50.277,7126.0000,482550,-24,0.0000,42.0000,9,33,多平,S,7124.0000,0.0000,0.0000,0.0000,0.0000,7126.0000,0.0000,0.0000,0.0000,0.0000,50,0,0,0,0,390,0,0,0,0
zc,TA209,2012-06-15 09:00:50.823,7126.0000,482450,-100,0.0000,152.0000,26,126,多平,S,7124.0000,0.0000,0.0000,0.0000,0.0000,7126.0000,0.0000,0.0000,0.0000,0.0000,123,0,0,0,0,265,0,0,0,0
zc,TA209,2012-06-15 09:00:51.527,7126.0000,482400,-50,0.0000,222.0000,86,136,多平,S,7124.0000,0.0000,0.0000,0.0000,0.0000,7126.0000,0.0000,0.0000,0.0000,0.0000,123,0,0,0,0,314,0,0,0,0
zc,TA209,2012-06-15 09:00:52.247,7126.0000,482462,62,0.0000,88.0000,75,13,空开,S,7124.0000,0.0000,0.0000,0.0000,0.0000,7126.0000,0.0000,0.0000,0.0000,0.0000,157,0,0,0,0,302,0,0,0,0
zc,TA209,2012-06-15 09:00:52.793,7126.0000,482474,12,0.0000,34.0000,23,11,空开,S,7124.0000,0.0000,0.0000,0.0000,0.0000,7126.0000,0.0000,0.0000,0.0000,0.0000,155,0,0,0,0,289,0,0,0,0
zc,TA209,2012-06-15 09:00:53.510,7126.0000,482498,24,0.0000,106.0000,65,41,空开,S,7124.0000,0.0000,0.0000,0.0000,0.0000,7126.0000,0.0000,0.0000,0.0000,0.0000,144,0,0,0,0,252,0,0,0,0
zc,TA209,2012-06-15 09:00:54.293,7124.0000,482460,-38,0.0000,114.0000,38,76,多平,S,7124.0000,0.0000,0.0000,0.0000,0.0000,7126.0000,0.0000,0.0000,0.0000,0.0000,102,0,0,0,0,250,0,0,0,0
zc,TA209,2012-06-15 09:00:54.543,7126.0000,482446,-14,0.0000,50.0000,18,32,空平,B,7124.0000,0.0000,0.0000,0.0000,0.0000,7126.0000,0.0000,0.0000,0.0000,0.0000,88,0,0,0,0,90,0,0,0,0
zc,TA209,2012-06-15 09:00:55.277,7124.0000,482422,-24,0.0000,40.0000,8,32,多平,S,7124.0000,0.0000,0.0000,0.0000,0.0000,7126.0000,0.0000,0.0000,0.0000,0.0000,86,0,0,0,0,83,0,0,0,0
zc,TA209,2012-06-15 09:00:55.793,7126.0000,482490,68,0.0000,180.0000,124,56,多开,B,7126.0000,0.0000,0.0000,0.0000,0.0000,7128.0000,0.0000,0.0000,0.0000,0.0000,1,0,0,0,0,240,0,0,0,0
zc,TA209,2012-06-15 09:00:56.543,7126.0000,482488,-2,0.0000,10.0000,4,6,空平,B,7124.0000,0.0000,0.0000,0.0000,0.0000,7126.0000,0.0000,0.0000,0.0000,0.0000,170,0,0,0,0,197,0,0,0,0
zc,TA209,2012-06-15 09:00:57.010,7126.0000,482484,-4,0.0000,12.0000,4,8,空平,B,7124.0000,0.0000,0.0000,0.0000,0.0000,7126.0000,0.0000,0.0000,0.0000,0.0000,168,0,0,0,0,193,0,0,0,0
zc,TA209,2012-06-15 09:00:57.777,7126.0000,482400,-84,0.0000,90.0000,3,87,空平,B,7124.0000,0.0000,0.0000,0.0000,0.0000,7126.0000,0.0000,0.0000,0.0000,0.0000,165,0,0,0,0,157,0,0,0,0
zc,TA209,2012-06-15 09:00:58.277,7124.0000,482394,-6,0.0000,142.0000,68,74,多平,S,7124.0000,0.0000,0.0000,0.0000,0.0000,7126.0000,0.0000,0.0000,0.0000,0.0000,188,0,0,0,0,87,0,0,0,0
zc,TA209,2012-06-15 09:00:59.057,7124.0000,482230,-164,0.0000,312.0000,74,238,多平,S,7122.0000,0.0000,0.0000,0.0000,0.0000,7124.0000,0.0000,0.0000,0.0000,0.0000,107,0,0,0,0,47,0,0,0,0
zc,TA209,2012-06-15 09:00:59.543,7124.0000,482230,0,0.0000,102.0000,51,51,空换,S,7122.0000,0.0000,0.0000,0.0000,0.0000,7124.0000,0.0000,0.0000,0.0000,0.0000,114,0,0,0,0,6,0,0,0,0
zc,TA209,2012-06-15 09:01:00.293,7126.0000,482058,-172,0.0000,200.0000,14,186,空平,B,7124.0000,0.0000,0.0000,0.0000,0.0000,7126.0000,0.0000,0.0000,0.0000,0.0000,55,0,0,0,0,7,0,0,0,0
zc,TA209,2012-06-15 09:01:00.777,7126.0000,482032,-26,0.0000,34.0000,4,30,空平,B,7124.0000,0.0000,0.0000,0.0000,0.0000,7126.0000,0.0000,0.0000,0.0000,0.0000,42,0,0,0,0,6,0,0,0,0
zc,TA209,2012-06-15 09:01:01.527,7124.0000,482012,-20,0.0000,22.0000,1,21,多平,S,7124.0000,0.0000,0.0000,0.0000,0.0000,7126.0000,0.0000,0.0000,0.0000,0.0000,68,0,0,0,0,17,0,0,0,0
zc,TA209,2012-06-15 09:01:02.043,7124.0000,481692,-320,0.0000,482.0000,81,401,多平,S,7124.0000,0.0000,0.0000,0.0000,0.0000,7126.0000,0.0000,0.0000,0.0000,0.0000,4,0,0,0,0,6,0,0,0,0
zc,TA209,2012-06-15 09:01:02.760,7124.0000,481734,42,0.0000,98.0000,70,28,空开,S,7124.0000,0.0000,0.0000,0.0000,0.0000,7126.0000,0.0000,0.0000,0.0000,0.0000,7,0,0,0,0,36,0,0,0,0
zc,TA209,2012-06-15 09:01:03.307,7126.0000,481730,-4,0.0000,30.0000,13,17,空平,B,7124.0000,0.0000,0.0000,0.0000,0.0000,7126.0000,0.0000,0.0000,0.0000,0.0000,110,0,0,0,0,64,0,0,0,0
zc,TA209,2012-06-15 09:01:04.073,7126.0000,481756,26,0.0000,36.0000,31,5,多开,B,7124.0000,0.0000,0.0000,0.0000,0.0000,7126.0000,0.0000,0.0000,0.0000,0.0000,155,0,0,0,0,224,0,0,0,0
zc,TA209,2012-06-15 09:01:04.760,7126.0000,481918,162,0.0000,494.0000,328,166,多开,B,7126.0000,0.0000,0.0000,0.0000,0.0000,7128.0000,0.0000,0.0000,0.0000,0.0000,24,0,0,0,0,343,0,0,0,0
zc,TA209,2012-06-15 09:01:05.293,7126.0000,481932,14,0.0000,58.0000,36,22,多开,B,7124.0000,0.0000,0.0000,0.0000,0.0000,7126.0000,0.0000,0.0000,0.0000,0.0000,187,0,0,0,0,18,0,0,0,0
zc,TA209,2012-06-15 09:01:05.997,7126.0000,481926,-6,0.0000,22.0000,8,14,空平,B,7124.0000,0.0000,0.0000,0.0000,0.0000,7126.0000,0.0000,0.0000,0.0000,0.0000,189,0,0,0,0,8,0,0,0,0
zc,TA209,2012-06-15 09:01:06.497,7126.0000,481910,-16,0.0000,36.0000,10,26,空平,B,7124.0000,0.0000,0.0000,0.0000,0.0000,7126.0000,0.0000,0.0000,0.0000,0.0000,204,0,0,0,0,9,0,0,0,0
zc,TA209,2012-06-15 09:01:07.307,7126.0000,481932,22,0.0000,88.0000,55,33,多开,B,7126.0000,0.0000,0.0000,0.0000,0.0000,7128.0000,0.0000,0.0000,0.0000,0.0000,73,0,0,0,0,346,0,0,0,0
zc,TA209,2012-06-15 09:01:07.510,7126.0000,481936,4,0.0000,182.0000,93,89,多开,B,7124.0000,0.0000,0.0000,0.0000,0.0000,7126.0000,0.0000,0.0000,0.0000,0.0000,146,0,0,0,0,26,0,0,0,0
zc,TA209,2012-06-15 09:01:08.260,7124.0000,481948,12,0.0000,68.0000,40,28,空开,S,7124.0000,0.0000,0.0000,0.0000,0.0000,7128.0000,0.0000,0.0000,0.0000,0.0000,145,0,0,0,0,339,0,0,0,0
zc,TA209,2012-06-15 09:01:08.777,7126.0000,481950,2,0.0000,108.0000,55,53,多开,B,7126.0000,0.0000,0.0000,0.0000,0.0000,7128.0000,0.0000,0.0000,0.0000,0.0000,52,0,0,0,0,308,0,0,0,0
zc,TA209,2012-06-15 09:01:09.793,7126.0000,481854,-96,0.0000,236.0000,70,166,空平,B,7126.0000,0.0000,0.0000,0.0000,0.0000,7128.0000,0.0000,0.0000,0.0000,0.0000,3,0,0,0,0,315,0,0,0,0
zc,TA209,2012-06-15 09:01:10.293,7124.0000,482044,190,0.0000,238.0000,214,24,空开,S,7124.0000,0.0000,0.0000,0.0000,0.0000,7126.0000,0.0000,0.0000,0.0000,0.0000,101,0,0,0,0,1,0,0,0,0
zc,TA209,2012-06-15 09:01:11.043,7124.0000,482000,-44,0.0000,48.0000,2,46,多平,S,7124.0000,0.0000,0.0000,0.0000,0.0000,7126.0000,0.0000,0.0000,0.0000,0.0000,99,0,0,0,0,1,0,0,0,0
zc,TA209,2012-06-15 09:01:11.590,7124.0000,481912,-88,0.0000,92.0000,2,90,多平,S,7124.0000,0.0000,0.0000,0.0000,0.0000,7126.0000,0.0000,0.0000,0.0000,0.0000,110,0,0,0,0,28,0,0,0,0
zc,TA209,2012-06-15 09:01:12.260,7126.0000,481924,12,0.0000,12.0000,12,0,双开,B,7124.0000,0.0000,0.0000,0.0000,0.0000,7126.0000,0.0000,0.0000,0.0000,0.0000,121,0,0,0,0,30,0,0,0,0
zc,TA209,2012-06-15 09:01:12.823,7126.0000,481980,56,0.0000,76.0000,66,10,多开,B,7124.0000,0.0000,0.0000,0.0000,0.0000,7126.0000,0.0000,0.0000,0.0000,0.0000,121,0,0,0,0,8,0,0,0,0
zc,TA209,2012-06-15 09:01:13.293,7124.0000,482014,34,0.0000,40.0000,37,3,空开,S,7124.0000,0.0000,0.0000,0.0000,0.0000,7126.0000,0.0000,0.0000,0.0000,0.0000,112,0,0,0,0,59,0,0,0,0
zc,TA209,2012-06-15 09:01:13.777,7124.0000,482030,16,0.0000,74.0000,45,29,空开,S,7124.0000,0.0000,0.0000,0.0000,0.0000,7126.0000,0.0000,0.0000,0.0000,0.0000,120,0,0,0,0,139,0,0,0,0
zc,TA209,2012-06-15 09:01:14.510,7124.0000,482024,-6,0.0000,18.0000,6,12,多平,S,7124.0000,0.0000,0.0000,0.0000,0.0000,7126.0000,0.0000,0.0000,0.0000,0.0000,118,0,0,0,0,193,0,0,0,0
zc,TA209,2012-06-15 09:01:15.247,7124.0000,482008,-16,0.0000,258.0000,121,137,多平,S,7122.0000,0.0000,0.0000,0.0000,0.0000,7124.0000,0.0000,0.0000,0.0000,0.0000,160,0,0,0,0,266,0,0,0,0
zc,TA209,2012-06-15 09:01:15.480,7124.0000,482006,-2,0.0000,8.0000,3,5,多平,S,7122.0000,0.0000,0.0000,0.0000,0.0000,7124.0000,0.0000,0.0000,0.0000,0.0000,160,0,0,0,0,263,0,0,0,0
zc,TA209,2012-06-15 09:01:16.293,7124.0000,482004,-2,0.0000,62.0000,30,32,多平,S,7122.0000,0.0000,0.0000,0.0000,0.0000,7124.0000,0.0000,0.0000,0.0000,0.0000,159,0,0,0,0,248,0,0,0,0
zc,TA209,2012-06-15 09:01:16.777,7122.0000,482002,-2,0.0000,30.0000,14,16,多平,S,7122.0000,0.0000,0.0000,0.0000,0.0000,7124.0000,0.0000,0.0000,0.0000,0.0000,156,0,0,0,0,237,0,0,0,0
zc,TA209,2012-06-15 09:01:17.543,7122.0000,481998,-4,0.0000,28.0000,12,16,多平,S,7122.0000,0.0000,0.0000,0.0000,0.0000,7124.0000,0.0000,0.0000,0.0000,0.0000,153,0,0,0,0,230,0,0,0,0
zc,TA209,2012-06-15 09:01:17.980,7122.0000,482014,16,0.0000,68.0000,42,26,空开,S,7122.0000,0.0000,0.0000,0.0000,0.0000,7124.0000,0.0000,0.0000,0.0000,0.0000,128,0,0,0,0,217,0,0,0,0
zc,TA209,2012-06-15 09:01:18.760,7124.0000,482002,-12,0.0000,42.0000,15,27,空平,B,7122.0000,0.0000,0.0000,0.0000,0.0000,7124.0000,0.0000,0.0000,0.0000,0.0000,121,0,0,0,0,213,0,0,0,0
zc,TA209,2012-06-15 09:01:19.307,7124.0000,481978,-24,0.0000,90.0000,33,57,空平,B,7122.0000,0.0000,0.0000,0.0000,0.0000,7124.0000,0.0000,0.0000,0.0000,0.0000,137,0,0,0,0,187,0,0,0,0
zc,TA209,2012-06-15 09:01:20.277,7124.0000,481940,-38,0.0000,114.0000,38,76,空平,B,7122.0000,0.0000,0.0000,0.0000,0.0000,7124.0000,0.0000,0.0000,0.0000,0.0000,118,0,0,0,0,157,0,0,0,0
zc,TA209,2012-06-15 09:01:20.777,7122.0000,481940,0,0.0000,92.0000,46,46,空换,S,7122.0000,0.0000,0.0000,0.0000,0.0000,7124.0000,0.0000,0.0000,0.0000,0.0000,86,0,0,0,0,204,0,0,0,0
zc,TA209,2012-06-15 09:01:21.497,7124.0000,481956,16,0.0000,242.0000,129,113,多开,B,7122.0000,0.0000,0.0000,0.0000,0.0000,7124.0000,0.0000,0.0000,0.0000,0.0000,90,0,0,0,0,197,0,0,0,0
zc,TA209,2012-06-15 09:01:22.057,7122.0000,482008,52,0.0000,100.0000,76,24,空开,S,7122.0000,0.0000,0.0000,0.0000,0.0000,7124.0000,0.0000,0.0000,0.0000,0.0000,96,0,0,0,0,233,0,0,0,0
zc,TA209,2012-06-15 09:01:22.777,7124.0000,481800,-208,0.0000,222.0000,7,215,空平,B,7122.0000,0.0000,0.0000,0.0000,0.0000,7124.0000,0.0000,0.0000,0.0000,0.0000,96,0,0,0,0,234,0,0,0,0
zc,TA209,2012-06-15 09:01:23.277,7122.0000,481824,24,0.0000,84.0000,54,30,空开,S,7122.0000,0.0000,0.0000,0.0000,0.0000,7124.0000,0.0000,0.0000,0.0000,0.0000,322,0,0,0,0,237,0,0,0,0
zc,TA209,2012-06-15 09:01:23.980,7122.0000,481822,-2,0.0000,124.0000,61,63,多平,S,7122.0000,0.0000,0.0000,0.0000,0.0000,7124.0000,0.0000,0.0000,0.0000,0.0000,300,0,0,0,0,205,0,0,0,0
zc,TA209,2012-06-15 09:01:24.293,7122.0000,481746,-76,0.0000,136.0000,30,106,多平,S,7122.0000,0.0000,0.0000,0.0000,0.0000,7124.0000,0.0000,0.0000,0.0000,0.0000,267,0,0,0,0,183,0,0,0,0
zc,TA209,2012-06-15 09:01:24.980,7124.0000,481720,-26,0.0000,176.0000,75,101,空平,B,7122.0000,0.0000,0.0000,0.0000,0.0000,7124.0000,0.0000,0.0000,0.0000,0.0000,261,0,0,0,0,106,0,0,0,0
zc,TA209,2012-06-15 09:01:25.777,7124.0000,481646,-74,0.0000,200.0000,63,137,空平,B,7122.0000,0.0000,0.0000,0.0000,0.0000,7124.0000,0.0000,0.0000,0.0000,0.0000,324,0,0,0,0,34,0,0,0,0
zc,TA209,2012-06-15 09:01:26.260,7124.0000,481634,-12,0.0000,40.0000,14,26,空平,B,7122.0000,0.0000,0.0000,0.0000,0.0000,7124.0000,0.0000,0.0000,0.0000,0.0000,320,0,0,0,0,18,0,0,0,0
zc,TA209,2012-06-15 09:01:26.793,7122.0000,481652,18,0.0000,18.0000,18,0,双开,S,7122.0000,0.0000,0.0000,0.0000,0.0000,7124.0000,0.0000,0.0000,0.0000,0.0000,316,0,0,0,0,54,0,0,0,0
zc,TA209,2012-06-15 09:01:27.527,7124.0000,481712,60,0.0000,142.0000,101,41,多开,B,7124.0000,0.0000,0.0000,0.0000,0.0000,7126.0000,0.0000,0.0000,0.0000,0.0000,8,0,0,0,0,194,0,0,0,0
zc,TA209,2012-06-15 09:01:28.293,7126.0000,481714,2,0.0000,24.0000,13,11,多开,B,7124.0000,0.0000,0.0000,0.0000,0.0000,7126.0000,0.0000,0.0000,0.0000,0.0000,118,0,0,0,0,197,0,0,0,0
zc,TA209,2012-06-15 09:01:28.793,7124.0000,481732,18,0.0000,38.0000,28,10,空开,S,7124.0000,0.0000,0.0000,0.0000,0.0000,7126.0000,0.0000,0.0000,0.0000,0.0000,169,0,0,0,0,197,0,0,0,0
zc,TA209,2012-06-15 09:01:29.260,7124.0000,481696,-36,0.0000,94.0000,29,65,多平,S,7124.0000,0.0000,0.0000,0.0000,0.0000,7126.0000,0.0000,0.0000,0.0000,0.0000,140,0,0,0,0,180,0,0,0,0
zc,TA209,2012-06-15 09:01:29.760,7126.0000,481686,-10,0.0000,14.0000,2,12,空平,B,7124.0000,0.0000,0.0000,0.0000,0.0000,7126.0000,0.0000,0.0000,0.0000,0.0000,139,0,0,0,0,177,0,0,0,0
zc,TA209,2012-06-15 09:01:30.527,7126.0000,481734,48,0.0000,114.0000,81,33,多开,B,7124.0000,0.0000,0.0000,0.0000,0.0000,7126.0000,0.0000,0.0000,0.0000,0.0000,137,0,0,0,0,124,0,0,0,0
zc,TA209,2012-06-15 09:01:31.043,7124.0000,481702,-32,0.0000,90.0000,29,61,多平,S,7124.0000,0.0000,0.0000,0.0000,0.0000,7126.0000,0.0000,0.0000,0.0000,0.0000,110,0,0,0,0,118,0,0,0,0
zc,TA209,2012-06-15 09:01:31.480,7126.0000,481698,-4,0.0000,14.0000,5,9,空平,B,7124.0000,0.0000,0.0000,0.0000,0.0000,7126.0000,0.0000,0.0000,0.0000,0.0000,138,0,0,0,0,325,0,0,0,0
zc,TA209,2012-06-15 09:01:32.247,7126.0000,481702,4,0.0000,6.0000,5,1,多开,B,7124.0000,0.0000,0.0000,0.0000,0.0000,7126.0000,0.0000,0.0000,0.0000,0.0000,137,0,0,0,0,328,0,0,0,0
zc,TA209,2012-06-15 09:01:32.777,7126.0000,481732,30,0.0000,32.0000,31,1,多开,B,7124.0000,0.0000,0.0000,0.0000,0.0000,7126.0000,0.0000,0.0000,0.0000,0.0000,123,0,0,0,0,324,0,0,0,0
zc,TA209,2012-06-15 09:01:33.497,7124.0000,481714,-18,0.0000,108.0000,45,63,多平,S,7124.0000,0.0000,0.0000,0.0000,0.0000,7126.0000,0.0000,0.0000,0.0000,0.0000,73,0,0,0,0,324,0,0,0,0
zc,TA209,2012-06-15 09:01:33.760,7126.0000,481782,68,0.0000,82.0000,75,7,多开,B,7124.0000,0.0000,0.0000,0.0000,0.0000,7126.0000,0.0000,0.0000,0.0000,0.0000,80,0,0,0,0,289,0,0,0,0
zc,TA209,2012-06-15 09:01:34.793,7124.0000,481776,-6,0.0000,50.0000,22,28,多平,S,7124.0000,0.0000,0.0000,0.0000,0.0000,7126.0000,0.0000,0.0000,0.0000,0.0000,95,0,0,0,0,262,0,0,0,0
zc,TA209,2012-06-15 09:01:35.247,7124.0000,481782,6,0.0000,50.0000,28,22,空开,S,7124.0000,0.0000,0.0000,0.0000,0.0000,7126.0000,0.0000,0.0000,0.0000,0.0000,81,0,0,0,0,253,0,0,0,0
zc,TA209,2012-06-15 09:01:35.963,7124.0000,481786,4,0.0000,28.0000,16,12,空开,S,7124.0000,0.0000,0.0000,0.0000,0.0000,7126.0000,0.0000,0.0000,0.0000,0.0000,80,0,0,0,0,252,0,0,0,0
zc,TA209,2012-06-15 09:01:36.527,7126.0000,481786,0,0.0000,14.0000,7,7,多换,B,7124.0000,0.0000,0.0000,0.0000,0.0000,7126.0000,0.0000,0.0000,0.0000,0.0000,77,0,0,0,0,250,0,0,0,0
zc,TA209,2012-06-15 09:01:37.293,7126.0000,481796,10,0.0000,68.0000,39,29,多开,B,7124.0000,0.0000,0.0000,0.0000,0.0000,7126.0000,0.0000,0.0000,0.0000,0.0000,45,0,0,0,0,254,0,0,0,0
zc,TA209,2012-06-15 09:01:37.807,7126.0000,481802,6,0.0000,16.0000,11,5,多开,B,7124.0000,0.0000,0.0000,0.0000,0.0000,7126.0000,0.0000,0.0000,0.0000,0.0000,40,0,0,0,0,249,0,0,0,0
zc,TA209,2012-06-15 09:01:38.510,7124.0000,481816,14,0.0000,38.0000,26,12,空开,S,7124.0000,0.0000,0.0000,0.0000,0.0000,7126.0000,0.0000,0.0000,0.0000,0.0000,52,0,0,0,0,269,0,0,0,0
zc,TA209,2012-06-15 09:01:38.793,7124.0000,481820,4,0.0000,58.0000,31,27,空开,S,7124.0000,0.0000,0.0000,0.0000,0.0000,7126.0000,0.0000,0.0000,0.0000,0.0000,48,0,0,0,0,246,0,0,0,0
zc,TA209,2012-06-15 09:01:39.543,7126.0000,481906,86,0.0000,142.0000,114,28,多开,B,7122.0000,0.0000,0.0000,0.0000,0.0000,7126.0000,0.0000,0.0000,0.0000,0.0000,395,0,0,0,0,235,0,0,0,0
zc,TA209,2012-06-15 09:01:40.073,7126.0000,481912,6,0.0000,226.0000,116,110,多开,B,7124.0000,0.0000,0.0000,0.0000,0.0000,7126.0000,0.0000,0.0000,0.0000,0.0000,6,0,0,0,0,140,0,0,0,0
zc,TA209,2012-06-15 09:01:40.793,7124.0000,481906,-6,0.0000,8.0000,1,7,多平,S,7124.0000,0.0000,0.0000,0.0000,0.0000,7126.0000,0.0000,0.0000,0.0000,0.0000,5,0,0,0,0,199,0,0,0,0
zc,TA209,2012-06-15 09:01:41.543,7122.0000,481906,0,0.0000,30.0000,15,15,空换,S,7124.0000,0.0000,0.0000,0.0000,0.0000,7126.0000,0.0000,0.0000,0.0000,0.0000,10,0,0,0,0,201,0,0,0,0
zc,TA209,2012-06-15 09:01:42.057,7124.0000,482306,400,0.0000,412.0000,406,6,多开,B,7124.0000,0.0000,0.0000,0.0000,0.0000,7126.0000,0.0000,0.0000,0.0000,0.0000,124,0,0,0,0,197,0,0,0,0
zc,TA209,2012-06-15 09:01:42.760,7124.0000,482260,-46,0.0000,66.0000,10,56,空平,B,7124.0000,0.0000,0.0000,0.0000,0.0000,7126.0000,0.0000,0.0000,0.0000,0.0000,128,0,0,0,0,173,0,0,0,0
zc,TA209,2012-06-15 09:01:43.260,7126.0000,482408,148,0.0000,370.0000,259,111,多开,B,7126.0000,0.0000,0.0000,0.0000,0.0000,7128.0000,0.0000,0.0000,0.0000,0.0000,33,0,0,0,0,464,0,0,0,0
zc,TA209,2012-06-15 09:01:44.043,7128.0000,482410,2,0.0000,34.0000,18,16,多开,B,7126.0000,0.0000,0.0000,0.0000,0.0000,7128.0000,0.0000,0.0000,0.0000,0.0000,36,0,0,0,0,450,0,0,0,0
zc,TA209,2012-06-15 09:01:44.510,7126.0000,482432,22,0.0000,44.0000,33,11,空开,S,7126.0000,0.0000,0.0000,0.0000,0.0000,7128.0000,0.0000,0.0000,0.0000,0.0000,30,0,0,0,0,443,0,0,0,0
zc,TA209,2012-06-15 09:01:45.277,7126.0000,482432,0,0.0000,16.0000,8,8,空换,S,7126.0000,0.0000,0.0000,0.0000,0.0000,7128.0000,0.0000,0.0000,0.0000,0.0000,90,0,0,0,0,450,0,0,0,0
zc,TA209,2012-06-15 09:01:45.760,7126.0000,482418,-14,0.0000,38.0000,12,26,多平,S,7126.0000,0.0000,0.0000,0.0000,0.0000,7128.0000,0.0000,0.0000,0.0000,0.0000,93,0,0,0,0,440,0,0,0,0
zc,TA209,2012-06-15 09:01:46.527,7128.0000,482416,-2,0.0000,12.0000,5,7,空平,B,7126.0000,0.0000,0.0000,0.0000,0.0000,7128.0000,0.0000,0.0000,0.0000,0.0000,103,0,0,0,0,436,0,0,0,0
zc,TA209,2012-06-15 09:01:47.027,7126.0000,482408,-8,0.0000,40.0000,16,24,多平,S,7126.0000,0.0000,0.0000,0.0000,0.0000,7128.0000,0.0000,0.0000,0.0000,0.0000,92,0,0,0,0,455,0,0,0,0
zc,TA209,2012-06-15 09:01:47.760,7128.0000,482402,-6,0.0000,76.0000,35,41,空平,B,7126.0000,0.0000,0.0000,0.0000,0.0000,7128.0000,0.0000,0.0000,0.0000,0.0000,72,0,0,0,0,439,0,0,0,0
zc,TA209,2012-06-15 09:01:48.293,7128.0000,482422,20,0.0000,58.0000,39,19,多开,B,7126.0000,0.0000,0.0000,0.0000,0.0000,7128.0000,0.0000,0.0000,0.0000,0.0000,72,0,0,0,0,420,0,0,0,0
zc,TA209,2012-06-15 09:01:49.027,7126.0000,482444,22,0.0000,42.0000,32,10,空开,S,7126.0000,0.0000,0.0000,0.0000,0.0000,7128.0000,0.0000,0.0000,0.0000,0.0000,90,0,0,0,0,420,0,0,0,0
zc,TA209,2012-06-15 09:01:49.793,7128.0000,482442,-2,0.0000,38.0000,18,20,空平,B,7126.0000,0.0000,0.0000,0.0000,0.0000,7128.0000,0.0000,0.0000,0.0000,0.0000,96,0,0,0,0,436,0,0,0,0
zc,TA209,2012-06-15 09:01:50.510,7128.0000,482450,8,0.0000,54.0000,31,23,多开,B,7126.0000,0.0000,0.0000,0.0000,0.0000,7128.0000,0.0000,0.0000,0.0000,0.0000,109,0,0,0,0,438,0,0,0,0
zc,TA209,2012-06-15 09:01:50.997,7128.0000,482450,0,0.0000,28.0000,14,14,多换,B,7126.0000,0.0000,0.0000,0.0000,0.0000,7128.0000,0.0000,0.0000,0.0000,0.0000,132,0,0,0,0,426,0,0,0,0
zc,TA209,2012-06-15 09:01:51.760,7128.0000,482456,6,0.0000,154.0000,80,74,多开,B,7126.0000,0.0000,0.0000,0.0000,0.0000,7128.0000,0.0000,0.0000,0.0000,0.0000,127,0,0,0,0,375,0,0,0,0
zc,TA209,2012-06-15 09:01:51.997,7128.0000,482456,0,0.0000,104.0000,52,52,多换,B,7126.0000,0.0000,0.0000,0.0000,0.0000,7128.0000,0.0000,0.0000,0.0000,0.0000,127,0,0,0,0,325,0,0,0,0
zc,TA209,2012-06-15 09:01:53.027,7128.0000,482388,-68,0.0000,312.0000,122,190,空平,B,7126.0000,0.0000,0.0000,0.0000,0.0000,7128.0000,0.0000,0.0000,0.0000,0.0000,75,0,0,0,0,238,0,0,0,0
zc,TA209,2012-06-15 09:01:53.247,7128.0000,482382,-6,0.0000,72.0000,33,39,空平,B,7126.0000,0.0000,0.0000,0.0000,0.0000,7128.0000,0.0000,0.0000,0.0000,0.0000,138,0,0,0,0,214,0,0,0,0
zc,TA209,2012-06-15 09:01:54.043,7126.0000,482348,-34,0.0000,366.0000,166,200,多平,S,7124.0000,0.0000,0.0000,0.0000,0.0000,7126.0000,0.0000,0.0000,0.0000,0.0000,451,0,0,0,0,918,0,0,0,0
zc,TA209,2012-06-15 09:01:54.543,7126.0000,482346,-2,0.0000,28.0000,13,15,多平,S,7124.0000,0.0000,0.0000,0.0000,0.0000,7126.0000,0.0000,0.0000,0.0000,0.0000,452,0,0,0,0,907,0,0,0,0
zc,TA209,2012-06-15 09:01:55.510,7126.0000,482326,-20,0.0000,98.0000,39,59,多平,S,7124.0000,0.0000,0.0000,0.0000,0.0000,7126.0000,0.0000,0.0000,0.0000,0.0000,447,0,0,0,0,889,0,0,0,0
zc,TA209,2012-06-15 09:01:55.793,7126.0000,482286,-40,0.0000,52.0000,6,46,多平,S,7124.0000,0.0000,0.0000,0.0000,0.0000,7126.0000,0.0000,0.0000,0.0000,0.0000,446,0,0,0,0,864,0,0,0,0
zc,TA209,2012-06-15 09:01:56.527,7126.0000,482270,-16,0.0000,38.0000,11,27,多平,S,7124.0000,0.0000,0.0000,0.0000,0.0000,7126.0000,0.0000,0.0000,0.0000,0.0000,446,0,0,0,0,897,0,0,0,0
zc,TA209,2012-06-15 09:01:57.260,7126.0000,482252,-18,0.0000,92.0000,37,55,多平,S,7124.0000,0.0000,0.0000,0.0000,0.0000,7126.0000,0.0000,0.0000,0.0000,0.0000,436,0,0,0,0,861,0,0,0,0
zc,TA209,2012-06-15 09:01:57.777,7124.0000,482208,-44,0.0000,468.0000,212,256,多平,S,7124.0000,0.0000,0.0000,0.0000,0.0000,7126.0000,0.0000,0.0000,0.0000,0.0000,416,0,0,0,0,653,0,0,0,0
zc,TA209,2012-06-15 09:01:58.543,7126.0000,480902,-1306,0.0000,1318.0000,6,1312,空平,B,7126.0000,0.0000,0.0000,0.0000,0.0000,7128.0000,0.0000,0.0000,0.0000,0.0000,147,0,0,0,0,258,0,0,0,0
zc,TA209,2012-06-15 09:01:59.057,7126.0000,480612,-290,0.0000,294.0000,2,292,空平,B,7126.0000,0.0000,0.0000,0.0000,0.0000,7128.0000,0.0000,0.0000,0.0000,0.0000,3,0,0,0,0,258,0,0,0,0
zc,TA209,2012-06-15 09:01:59.793,7126.0000,480610,-2,0.0000,20.0000,9,11,空平,B,7124.0000,0.0000,0.0000,0.0000,0.0000,7126.0000,0.0000,0.0000,0.0000,0.0000,570,0,0,0,0,22,0,0,0,0
zc,TA209,2012-06-15 09:02:00.277,7126.0000,480604,-6,0.0000,24.0000,9,15,空平,B,7124.0000,0.0000,0.0000,0.0000,0.0000,7126.0000,0.0000,0.0000,0.0000,0.0000,570,0,0,0,0,14,0,0,0,0
zc,TA209,2012-06-15 09:02:00.793,7126.0000,480598,-6,0.0000,10.0000,2,8,空平,B,7124.0000,0.0000,0.0000,0.0000,0.0000,7126.0000,0.0000,0.0000,0.0000,0.0000,569,0,0,0,0,24,0,0,0,0
zc,TA209,2012-06-15 09:02:01.260,7126.0000,480578,-20,0.0000,22.0000,1,21,空平,B,7124.0000,0.0000,0.0000,0.0000,0.0000,7126.0000,0.0000,0.0000,0.0000,0.0000,606,0,0,0,0,21,0,0,0,0
zc,TA209,2012-06-15 09:02:01.997,7126.0000,480556,-22,0.0000,106.0000,42,64,空平,B,7126.0000,0.0000,0.0000,0.0000,0.0000,7128.0000,0.0000,0.0000,0.0000,0.0000,132,0,0,0,0,276,0,0,0,0
zc,TA209,2012-06-15 09:02:02.510,7126.0000,480556,0,0.0000,20.0000,10,10,多换,B,7126.0000,0.0000,0.0000,0.0000,0.0000,7128.0000,0.0000,0.0000,0.0000,0.0000,129,0,0,0,0,277,0,0,0,0
zc,TA209,2012-06-15 09:02:03.247,7126.0000,480664,108,0.0000,390.0000,249,141,多开,B,7126.0000,0.0000,0.0000,0.0000,0.0000,7128.0000,0.0000,0.0000,0.0000,0.0000,225,0,0,0,0,91,0,0,0,0
zc,TA209,2012-06-15 09:02:03.747,7126.0000,480702,38,0.0000,86.0000,62,24,多开,B,7126.0000,0.0000,0.0000,0.0000,0.0000,7128.0000,0.0000,0.0000,0.0000,0.0000,222,0,0,0,0,58,0,0,0,0
zc,TA209,2012-06-15 09:02:04.527,7128.0000,480706,4,0.0000,52.0000,28,24,多开,B,7126.0000,0.0000,0.0000,0.0000,0.0000,7128.0000,0.0000,0.0000,0.0000,0.0000,220,0,0,0,0,35,0,0,0,0
zc,TA209,2012-06-15 09:02:05.027,7128.0000,480698,-8,0.0000,48.0000,20,28,空平,B,7126.0000,0.0000,0.0000,0.0000,0.0000,7128.0000,0.0000,0.0000,0.0000,0.0000,220,0,0,0,0,15,0,0,0,0
zc,TA209,2012-06-15 09:02:05.527,7126.0000,480790,92,0.0000,112.0000,102,10,空开,S,7126.0000,0.0000,0.0000,0.0000,0.0000,7130.0000,0.0000,0.0000,0.0000,0.0000,340,0,0,0,0,1212,0,0,0,0
zc,TA209,2012-06-15 09:02:06.260,7128.0000,480790,0,0.0000,166.0000,83,83,多换,B,7126.0000,0.0000,0.0000,0.0000,0.0000,7128.0000,0.0000,0.0000,0.0000,0.0000,300,0,0,0,0,164,0,0,0,0
zc,TA209,2012-06-15 09:02:06.777,7126.0000,480786,-4,0.0000,16.0000,6,10,多平,S,7126.0000,0.0000,0.0000,0.0000,0.0000,7128.0000,0.0000,0.0000,0.0000,0.0000,309,0,0,0,0,257,0,0,0,0
zc,TA209,2012-06-15 09:02:07.543,7128.0000,480746,-40,0.0000,114.0000,37,77,空平,B,7126.0000,0.0000,0.0000,0.0000,0.0000,7128.0000,0.0000,0.0000,0.0000,0.0000,313,0,0,0,0,276,0,0,0,0
zc,TA209,2012-06-15 09:02:08.027,7126.0000,480938,192,0.0000,1204.0000,698,506,空开,S,7128.0000,0.0000,0.0000,0.0000,0.0000,7130.0000,0.0000,0.0000,0.0000,0.0000,2,0,0,0,0,1209,0,0,0,0
zc,TA209,2012-06-15 09:02:08.777,7126.0000,480940,2,0.0000,48.0000,25,23,空开,S,7124.0000,0.0000,0.0000,0.0000,0.0000,7126.0000,0.0000,0.0000,0.0000,0.0000,621,0,0,0,0,25,0,0,0,0
zc,TA209,2012-06-15 09:02:09.497,7126.0000,480938,-2,0.0000,36.0000,17,19,多平,S,7124.0000,0.0000,0.0000,0.0000,0.0000,7126.0000,0.0000,0.0000,0.0000,0.0000,637,0,0,0,0,18,0,0,0,0
zc,TA209,2012-06-15 09:02:10.293,7128.0000,481024,86,0.0000,140.0000,113,27,多开,B,7128.0000,0.0000,0.0000,0.0000,0.0000,7130.0000,0.0000,0.0000,0.0000,0.0000,13,0,0,0,0,1214,0,0,0,0
zc,TA209,2012-06-15 09:02:10.760,7126.0000,481056,32,0.0000,118.0000,75,43,空开,S,7124.0000,0.0000,0.0000,0.0000,0.0000,7128.0000,0.0000,0.0000,0.0000,0.0000,617,0,0,0,0,264,0,0,0,0
zc,TA209,2012-06-15 09:02:11.543,7126.0000,481062,6,0.0000,10.0000,8,2,空开,S,7126.0000,0.0000,0.0000,0.0000,0.0000,7128.0000,0.0000,0.0000,0.0000,0.0000,16,0,0,0,0,349,0,0,0,0
zc,TA209,2012-06-15 09:02:12.057,7126.0000,481054,-8,0.0000,64.0000,28,36,多平,S,7126.0000,0.0000,0.0000,0.0000,0.0000,7128.0000,0.0000,0.0000,0.0000,0.0000,48,0,0,0,0,348,0,0,0,0
zc,TA209,2012-06-15 09:02:12.793,7128.0000,481054,0,0.0000,16.0000,8,8,多换,B,7126.0000,0.0000,0.0000,0.0000,0.0000,7128.0000,0.0000,0.0000,0.0000,0.0000,60,0,0,0,0,343,0,0,0,0
zc,TA209,2012-06-15 09:02:13.027,7128.0000,481054,0,0.0000,20.0000,10,10,多换,B,7126.0000,0.0000,0.0000,0.0000,0.0000,7128.0000,0.0000,0.0000,0.0000,0.0000,60,0,0,0,0,335,0,0,0,0
zc,TA209,2012-06-15 09:02:13.730,7128.0000,480854,-200,0.0000,224.0000,12,212,空平,B,7126.0000,0.0000,0.0000,0.0000,0.0000,7128.0000,0.0000,0.0000,0.0000,0.0000,58,0,0,0,0,241,0,0,0,0
zc,TA209,2012-06-15 09:02:14.260,7126.0000,480856,2,0.0000,10.0000,6,4,空开,S,7126.0000,0.0000,0.0000,0.0000,0.0000,7128.0000,0.0000,0.0000,0.0000,0.0000,119,0,0,0,0,241,0,0,0,0
zc,TA209,2012-06-15 09:02:14.997,7128.0000,480858,2,0.0000,24.0000,13,11,多开,B,7126.0000,0.0000,0.0000,0.0000,0.0000,7128.0000,0.0000,0.0000,0.0000,0.0000,133,0,0,0,0,448,0,0,0,0
zc,TA209,2012-06-15 09:02:15.497,7126.0000,481008,150,0.0000,250.0000,200,50,空开,S,7126.0000,0.0000,0.0000,0.0000,0.0000,7128.0000,0.0000,0.0000,0.0000,0.0000,9,0,0,0,0,448,0,0,0,0
zc,TA209,2012-06-15 09:02:16.277,7126.0000,480998,-10,0.0000,22.0000,6,16,多平,S,7126.0000,0.0000,0.0000,0.0000,0.0000,7128.0000,0.0000,0.0000,0.0000,0.0000,4,0,0,0,0,449,0,0,0,0
zc,TA209,2012-06-15 09:02:16.760,7128.0000,480998,0,0.0000,12.0000,6,6,多换,B,7126.0000,0.0000,0.0000,0.0000,0.0000,7128.0000,0.0000,0.0000,0.0000,0.0000,3,0,0,0,0,450,0,0,0,0
zc,TA209,2012-06-15 09:02:17.277,7126.0000,480998,0,0.0000,18.0000,9,9,空换,S,7124.0000,0.0000,0.0000,0.0000,0.0000,7126.0000,0.0000,0.0000,0.0000,0.0000,663,0,0,0,0,36,0,0,0,0
zc,TA209,2012-06-15 09:02:18.027,7126.0000,480994,-4,0.0000,18.0000,7,11,多平,S,7124.0000,0.0000,0.0000,0.0000,0.0000,7126.0000,0.0000,0.0000,0.0000,0.0000,668,0,0,0,0,229,0,0,0,0
zc,TA209,2012-06-15 09:02:18.527,7126.0000,480994,0,0.0000,18.0000,9,9,空换,S,7124.0000,0.0000,0.0000,0.0000,0.0000,7126.0000,0.0000,0.0000,0.0000,0.0000,677,0,0,0,0,224,0,0,0,0
zc,TA209,2012-06-15 09:02:19.010,7126.0000,480844,-150,0.0000,210.0000,30,180,多平,S,7124.0000,0.0000,0.0000,0.0000,0.0000,7126.0000,0.0000,0.0000,0.0000,0.0000,697,0,0,0,0,128,0,0,0,0
zc,TA209,2012-06-15 09:02:19.510,7126.0000,480800,-44,0.0000,126.0000,41,85,多平,S,7124.0000,0.0000,0.0000,0.0000,0.0000,7126.0000,0.0000,0.0000,0.0000,0.0000,620,0,0,0,0,70,0,0,0,0
zc,TA209,2012-06-15 09:02:20.260,7126.0000,480800,0,0.0000,20.0000,10,10,空换,S,7124.0000,0.0000,0.0000,0.0000,0.0000,7126.0000,0.0000,0.0000,0.0000,0.0000,620,0,0,0,0,66,0,0,0,0
zc,TA209,2012-06-15 09:02:20.747,7126.0000,480794,-6,0.0000,46.0000,20,26,多平,S,7124.0000,0.0000,0.0000,0.0000,0.0000,7126.0000,0.0000,0.0000,0.0000,0.0000,611,0,0,0,0,57,0,0,0,0
zc,TA209,2012-06-15 09:02:21.543,7126.0000,480694,-100,0.0000,126.0000,13,113,多平,S,7126.0000,0.0000,0.0000,0.0000,0.0000,7128.0000,0.0000,0.0000,0.0000,0.0000,159,0,0,0,0,453,0,0,0,0
zc,TA209,2012-06-15 09:02:22.043,7126.0000,480704,10,0.0000,324.0000,167,157,空开,S,7124.0000,0.0000,0.0000,0.0000,0.0000,7126.0000,0.0000,0.0000,0.0000,0.0000,627,0,0,0,0,2,0,0,0,0
zc,TA209,2012-06-15 09:02:22.510,7126.0000,480732,28,0.0000,38.0000,33,5,空开,S,7124.0000,0.0000,0.0000,0.0000,0.0000,7126.0000,0.0000,0.0000,0.0000,0.0000,631,0,0,0,0,93,0,0,0,0
zc,TA209,2012-06-15 09:02:23.230,7126.0000,480742,10,0.0000,10.0000,10,0,双开,S,7124.0000,0.0000,0.0000,0.0000,0.0000,7126.0000,0.0000,0.0000,0.0000,0.0000,637,0,0,0,0,98,0,0,0,0
zc,TA209,2012-06-15 09:02:23.730,7126.0000,480744,2,0.0000,6.0000,4,2,空开,S,7124.0000,0.0000,0.0000,0.0000,0.0000,7126.0000,0.0000,0.0000,0.0000,0.0000,637,0,0,0,0,97,0,0,0,0
zc,TA209,2012-06-15 09:02:24.543,7124.0000,481880,1136,0.0000,1294.0000,1215,79,空开,S,7122.0000,0.0000,0.0000,0.0000,0.0000,7124.0000,0.0000,0.0000,0.0000,0.0000,172,0,0,0,0,463,0,0,0,0
zc,TA209,2012-06-15 09:02:25.010,7122.0000,481982,102,0.0000,380.0000,241,139,空开,S,7122.0000,0.0000,0.0000,0.0000,0.0000,7124.0000,0.0000,0.0000,0.0000,0.0000,423,0,0,0,0,355,0,0,0,0
zc,TA209,2012-06-15 09:02:25.747,7124.0000,481960,-22,0.0000,236.0000,107,129,空平,B,7122.0000,0.0000,0.0000,0.0000,0.0000,7124.0000,0.0000,0.0000,0.0000,0.0000,407,0,0,0,0,255,0,0,0,0
zc,TA209,2012-06-15 09:02:26.260,7124.0000,481960,0,0.0000,4.0000,2,2,多换,B,7122.0000,0.0000,0.0000,0.0000,0.0000,7124.0000,0.0000,0.0000,0.0000,0.0000,407,0,0,0,0,261,0,0,0,0
zc,TA209,2012-06-15 09:02:26.760,7122.0000,481954,-6,0.0000,42.0000,18,24,多平,S,7122.0000,0.0000,0.0000,0.0000,0.0000,7124.0000,0.0000,0.0000,0.0000,0.0000,390,0,0,0,0,257,0,0,0,0
zc,TA209,2012-06-15 09:02:27.293,7122.0000,481894,-60,0.0000,190.0000,65,125,多平,S,7122.0000,0.0000,0.0000,0.0000,0.0000,7124.0000,0.0000,0.0000,0.0000,0.0000,315,0,0,0,0,262,0,0,0,0
zc,TA209,2012-06-15 09:02:28.043,7122.0000,481886,-8,0.0000,12.0000,2,10,多平,S,7122.0000,0.0000,0.0000,0.0000,0.0000,7124.0000,0.0000,0.0000,0.0000,0.0000,313,0,0,0,0,268,0,0,0,0
zc,TA209,2012-06-15 09:02:28.730,7122.0000,481890,4,0.0000,194.0000,99,95,空开,S,7122.0000,0.0000,0.0000,0.0000,0.0000,7124.0000,0.0000,0.0000,0.0000,0.0000,266,0,0,0,0,225,0,0,0,0
zc,TA209,2012-06-15 09:02:29.293,7122.0000,482418,528,0.0000,538.0000,533,5,空开,S,7120.0000,0.0000,0.0000,0.0000,0.0000,7122.0000,0.0000,0.0000,0.0000,0.0000,186,0,0,0,0,193,0,0,0,0
zc,TA209,2012-06-15 09:02:30.480,7120.0000,482776,358,0.0000,522.0000,440,82,空开,S,7118.0000,0.0000,0.0000,0.0000,0.0000,7120.0000,0.0000,0.0000,0.0000,0.0000,78,0,0,0,0,42,0,0,0,0
zc,TA209,2012-06-15 09:02:30.997,7120.0000,482710,-66,0.0000,142.0000,38,104,多平,S,7118.0000,0.0000,0.0000,0.0000,0.0000,7120.0000,0.0000,0.0000,0.0000,0.0000,10,0,0,0,0,59,0,0,0,0
zc,TA209,2012-06-15 09:02:31.510,7118.0000,482646,-64,0.0000,94.0000,15,79,多平,S,7116.0000,0.0000,0.0000,0.0000,0.0000,7118.0000,0.0000,0.0000,0.0000,0.0000,184,0,0,0,0,179,0,0,0,0
zc,TA209,2012-06-15 09:02:32.293,7116.0000,482650,4,0.0000,8.0000,6,2,空开,S,7116.0000,0.0000,0.0000,0.0000,0.0000,7118.0000,0.0000,0.0000,0.0000,0.0000,181,0,0,0,0,204,0,0,0,0
zc,TA209,2012-06-15 09:02:32.760,7116.0000,482614,-36,0.0000,58.0000,11,47,多平,S,7116.0000,0.0000,0.0000,0.0000,0.0000,7118.0000,0.0000,0.0000,0.0000,0.0000,175,0,0,0,0,199,0,0,0,0
zc,TA209,2012-06-15 09:02:33.497,7116.0000,482606,-8,0.0000,150.0000,71,79,多平,S,7116.0000,0.0000,0.0000,0.0000,0.0000,7118.0000,0.0000,0.0000,0.0000,0.0000,185,0,0,0,0,185,0,0,0,0
zc,TA209,2012-06-15 09:02:33.980,7116.0000,482608,2,0.0000,64.0000,33,31,空开,S,7116.0000,0.0000,0.0000,0.0000,0.0000,7118.0000,0.0000,0.0000,0.0000,0.0000,160,0,0,0,0,177,0,0,0,0
zc,TA209,2012-06-15 09:02:34.777,7116.0000,482524,-84,0.0000,220.0000,68,152,多平,S,7116.0000,0.0000,0.0000,0.0000,0.0000,7118.0000,0.0000,0.0000,0.0000,0.0000,90,0,0,0,0,152,0,0,0,0
zc,TA209,2012-06-15 09:02:35.260,7116.0000,482482,-42,0.0000,46.0000,2,44,多平,S,7116.0000,0.0000,0.0000,0.0000,0.0000,7118.0000,0.0000,0.0000,0.0000,0.0000,108,0,0,0,0,154,0,0,0,0
zc,TA209,2012-06-15 09:02:35.777,7116.0000,482444,-38,0.0000,40.0000,1,39,多平,S,7116.0000,0.0000,0.0000,0.0000,0.0000,7118.0000,0.0000,0.0000,0.0000,0.0000,130,0,0,0,0,151,0,0,0,0
zc,TA209,2012-06-15 09:02:36.510,7116.0000,482420,-24,0.0000,78.0000,27,51,多平,S,7116.0000,0.0000,0.0000,0.0000,0.0000,7118.0000,0.0000,0.0000,0.0000,0.0000,114,0,0,0,0,131,0,0,0,0
zc,TA209,2012-06-15 09:02:37.010,7116.0000,482406,-14,0.0000,48.0000,17,31,多平,S,7116.0000,0.0000,0.0000,0.0000,0.0000,7118.0000,0.0000,0.0000,0.0000,0.0000,125,0,0,0,0,58,0,0,0,0
zc,TA209,2012-06-15 09:02:37.760,7116.0000,482262,-144,0.0000,226.0000,41,185,多平,S,7116.0000,0.0000,0.0000,0.0000,0.0000,7118.0000,0.0000,0.0000,0.0000,0.0000,28,0,0,0,0,61,0,0,0,0
zc,TA209,2012-06-15 09:02:38.277,7118.0000,482220,-42,0.0000,104.0000,31,73,空平,B,7114.0000,0.0000,0.0000,0.0000,0.0000,7118.0000,0.0000,0.0000,0.0000,0.0000,7,0,0,0,0,37,0,0,0,0
zc,TA209,2012-06-15 09:02:38.997,7116.0000,482218,-2,0.0000,42.0000,20,22,多平,S,7114.0000,0.0000,0.0000,0.0000,0.0000,7118.0000,0.0000,0.0000,0.0000,0.0000,7,0,0,0,0,34,0,0,0,0
zc,TA209,2012-06-15 09:02:39.527,7116.0000,482196,-22,0.0000,52.0000,15,37,多平,S,7112.0000,0.0000,0.0000,0.0000,0.0000,7116.0000,0.0000,0.0000,0.0000,0.0000,161,0,0,0,0,18,0,0,0,0
zc,TA209,2012-06-15 09:02:40.277,7116.0000,482104,-92,0.0000,196.0000,52,144,多平,S,7116.0000,0.0000,0.0000,0.0000,0.0000,7118.0000,0.0000,0.0000,0.0000,0.0000,116,0,0,0,0,13,0,0,0,0
zc,TA209,2012-06-15 09:02:40.793,7114.0000,481872,-232,0.0000,238.0000,3,235,多平,S,7114.0000,0.0000,0.0000,0.0000,0.0000,7116.0000,0.0000,0.0000,0.0000,0.0000,48,0,0,0,0,57,0,0,0,0
zc,TA209,2012-06-15 09:02:41.527,7114.0000,481876,4,0.0000,16.0000,10,6,空开,S,7114.0000,0.0000,0.0000,0.0000,0.0000,7116.0000,0.0000,0.0000,0.0000,0.0000,100,0,0,0,0,166,0,0,0,0
zc,TA209,2012-06-15 09:02:41.777,7116.0000,481876,0,0.0000,22.0000,11,11,多换,B,7114.0000,0.0000,0.0000,0.0000,0.0000,7116.0000,0.0000,0.0000,0.0000,0.0000,96,0,0,0,0,160,0,0,0,0
zc,TA209,2012-06-15 09:02:42.510,7114.0000,481934,58,0.0000,118.0000,88,30,空开,S,7114.0000,0.0000,0.0000,0.0000,0.0000,7116.0000,0.0000,0.0000,0.0000,0.0000,63,0,0,0,0,154,0,0,0,0
zc,TA209,2012-06-15 09:02:42.997,7116.0000,481964,30,0.0000,120.0000,75,45,多开,B,7114.0000,0.0000,0.0000,0.0000,0.0000,7116.0000,0.0000,0.0000,0.0000,0.0000,64,0,0,0,0,102,0,0,0,0
zc,TA209,2012-06-15 09:02:43.730,7116.0000,481942,-22,0.0000,40.0000,9,31,空平,B,7114.0000,0.0000,0.0000,0.0000,0.0000,7116.0000,0.0000,0.0000,0.0000,0.0000,55,0,0,0,0,99,0,0,0,0
zc,TA209,2012-06-15 09:02:44.527,7114.0000,481872,-70,0.0000,112.0000,21,91,多平,S,7114.0000,0.0000,0.0000,0.0000,0.0000,7116.0000,0.0000,0.0000,0.0000,0.0000,14,0,0,0,0,89,0,0,0,0
zc,TA209,2012-06-15 09:02:45.010,7116.0000,482072,200,0.0000,276.0000,238,38,多开,B,7116.0000,0.0000,0.0000,0.0000,0.0000,7118.0000,0.0000,0.0000,0.0000,0.0000,73,0,0,0,0,41,0,0,0,0
zc,TA209,2012-06-15 09:02:45.747,7118.0000,482064,-8,0.0000,46.0000,19,27,空平,B,7116.0000,0.0000,0.0000,0.0000,0.0000,7118.0000,0.0000,0.0000,0.0000,0.0000,159,0,0,0,0,30,0,0,0,0
zc,TA209,2012-06-15 09:02:46.247,7116.0000,482072,8,0.0000,22.0000,15,7,空开,S,7116.0000,0.0000,0.0000,0.0000,0.0000,7118.0000,0.0000,0.0000,0.0000,0.0000,160,0,0,0,0,35,0,0,0,0
zc,TA209,2012-06-15 09:02:46.997,7116.0000,482074,2,0.0000,38.0000,20,18,空开,S,7116.0000,0.0000,0.0000,0.0000,0.0000,7118.0000,0.0000,0.0000,0.0000,0.0000,145,0,0,0,0,32,0,0,0,0
zc,TA209,2012-06-15 09:02:47.247,7116.0000,482094,20,0.0000,48.0000,34,14,空开,S,7116.0000,0.0000,0.0000,0.0000,0.0000,7118.0000,0.0000,0.0000,0.0000,0.0000,132,0,0,0,0,23,0,0,0,0
zc,TA209,2012-06-15 09:02:48.010,7116.0000,482122,28,0.0000,28.0000,28,0,双开,S,7116.0000,0.0000,0.0000,0.0000,0.0000,7118.0000,0.0000,0.0000,0.0000,0.0000,121,0,0,0,0,21,0,0,0,0
zc,TA209,2012-06-15 09:02:48.510,7116.0000,482144,22,0.0000,32.0000,27,5,空开,S,7116.0000,0.0000,0.0000,0.0000,0.0000,7118.0000,0.0000,0.0000,0.0000,0.0000,114,0,0,0,0,19,0,0,0,0
zc,TA209,2012-06-15 09:02:49.527,7118.0000,482136,-8,0.0000,52.0000,22,30,空平,B,7118.0000,0.0000,0.0000,0.0000,0.0000,7120.0000,0.0000,0.0000,0.0000,0.0000,612,0,0,0,0,32,0,0,0,0
zc,TA209,2012-06-15 09:02:50.010,7118.0000,482274,138,0.0000,202.0000,170,32,多开,B,7118.0000,0.0000,0.0000,0.0000,0.0000,7120.0000,0.0000,0.0000,0.0000,0.0000,533,0,0,0,0,25,0,0,0,0
zc,TA209,2012-06-15 09:02:50.760,7120.0000,482284,10,0.0000,62.0000,36,26,多开,B,7120.0000,0.0000,0.0000,0.0000,0.0000,7122.0000,0.0000,0.0000,0.0000,0.0000,218,0,0,0,0,128,0,0,0,0
zc,TA209,2012-06-15 09:02:51.260,7122.0000,482168,-116,0.0000,120.0000,2,118,空平,B,7120.0000,0.0000,0.0000,0.0000,0.0000,7122.0000,0.0000,0.0000,0.0000,0.0000,176,0,0,0,0,128,0,0,0,0
zc,TA209,2012-06-15 09:02:51.747,7122.0000,482188,20,0.0000,38.0000,29,9,多开,B,7120.0000,0.0000,0.0000,0.0000,0.0000,7122.0000,0.0000,0.0000,0.0000,0.0000,178,0,0,0,0,112,0,0,0,0
zc,TA209,2012-06-15 09:02:52.213,7120.0000,482184,-4,0.0000,8.0000,2,6,多平,S,7120.0000,0.0000,0.0000,0.0000,0.0000,7122.0000,0.0000,0.0000,0.0000,0.0000,175,0,0,0,0,112,0,0,0,0
zc,TA209,2012-06-15 09:02:53.027,7120.0000,482186,2,0.0000,8.0000,5,3,空开,S,7120.0000,0.0000,0.0000,0.0000,0.0000,7122.0000,0.0000,0.0000,0.0000,0.0000,175,0,0,0,0,112,0,0,0,0
zc,TA209,2012-06-15 09:02:53.510,7120.0000,482178,-8,0.0000,10.0000,1,9,多平,S,7120.0000,0.0000,0.0000,0.0000,0.0000,7122.0000,0.0000,0.0000,0.0000,0.0000,171,0,0,0,0,112,0,0,0,0
zc,TA209,2012-06-15 09:02:54.247,7122.0000,482166,-12,0.0000,18.0000,3,15,空平,B,7120.0000,0.0000,0.0000,0.0000,0.0000,7122.0000,0.0000,0.0000,0.0000,0.0000,166,0,0,0,0,110,0,0,0,0
zc,TA209,2012-06-15 09:02:54.963,7120.0000,482166,0,0.0000,2.0000,1,1,空换,S,7120.0000,0.0000,0.0000,0.0000,0.0000,7122.0000,0.0000,0.0000,0.0000,0.0000,166,0,0,0,0,110,0,0,0,0
zc,TA209,2012-06-15 09:02:55.480,7120.0000,482162,-4,0.0000,4.0000,0,4,双平,S,7120.0000,0.0000,0.0000,0.0000,0.0000,7122.0000,0.0000,0.0000,0.0000,0.0000,164,0,0,0,0,110,0,0,0,0
zc,TA209,2012-06-15 09:02:56.010,7122.0000,482164,2,0.0000,4.0000,3,1,多开,B,7120.0000,0.0000,0.0000,0.0000,0.0000,7122.0000,0.0000,0.0000,0.0000,0.0000,165,0,0,0,0,109,0,0,0,0
zc,TA209,2012-06-15 09:02:56.510,7122.0000,482166,2,0.0000,2.0000,2,0,双开,B,7120.0000,0.0000,0.0000,0.0000,0.0000,7122.0000,0.0000,0.0000,0.0000,0.0000,29,0,0,0,0,133,0,0,0,0
zc,TA209,2012-06-15 09:02:57.247,7122.0000,482220,54,0.0000,64.0000,59,5,多开,B,7120.0000,0.0000,0.0000,0.0000,0.0000,7122.0000,0.0000,0.0000,0.0000,0.0000,24,0,0,0,0,106,0,0,0,0
zc,TA209,2012-06-15 09:02:57.747,7122.0000,482344,124,0.0000,214.0000,169,45,多开,B,7122.0000,0.0000,0.0000,0.0000,0.0000,7124.0000,0.0000,0.0000,0.0000,0.0000,95,0,0,0,0,13,0,0,0,0
zc,TA209,2012-06-15 09:02:58.260,7122.0000,482344,0,0.0000,126.0000,63,63,多换,B,7122.0000,0.0000,0.0000,0.0000,0.0000,7124.0000,0.0000,0.0000,0.0000,0.0000,44,0,0,0,0,19,0,0,0,0
zc,TA209,2012-06-15 09:02:58.760,7122.0000,482328,-16,0.0000,114.0000,49,65,空平,B,7120.0000,0.0000,0.0000,0.0000,0.0000,7122.0000,0.0000,0.0000,0.0000,0.0000,21,0,0,0,0,113,0,0,0,0
zc,TA209,2012-06-15 09:02:59.510,7122.0000,482310,-18,0.0000,54.0000,18,36,空平,B,7120.0000,0.0000,0.0000,0.0000,0.0000,7122.0000,0.0000,0.0000,0.0000,0.0000,17,0,0,0,0,103,0,0,0,0
zc,TA209,2012-06-15 09:03:00.247,7122.0000,482308,-2,0.0000,4.0000,1,3,空平,B,7120.0000,0.0000,0.0000,0.0000,0.0000,7122.0000,0.0000,0.0000,0.0000,0.0000,23,0,0,0,0,101,0,0,0,0
zc,TA209,2012-06-15 09:03:00.760,7122.0000,482306,-2,0.0000,4.0000,1,3,空平,B,7120.0000,0.0000,0.0000,0.0000,0.0000,7122.0000,0.0000,0.0000,0.0000,0.0000,23,0,0,0,0,100,0,0,0,0
zc,TA209,2012-06-15 09:03:01.230,7122.0000,482306,0,0.0000,56.0000,28,28,多换,B,7120.0000,0.0000,0.0000,0.0000,0.0000,7122.0000,0.0000,0.0000,0.0000,0.0000,27,0,0,0,0,73,0,0,0,0
zc,TA209,2012-06-15 09:03:01.713,7122.0000,482306,0,0.0000,6.0000,3,3,多换,B,7120.0000,0.0000,0.0000,0.0000,0.0000,7122.0000,0.0000,0.0000,0.0000,0.0000,31,0,0,0,0,73,0,0,0,0
zc,TA209,2012-06-15 09:03:02.480,7120.0000,482294,-12,0.0000,16.0000,2,14,多平,S,7120.0000,0.0000,0.0000,0.0000,0.0000,7122.0000,0.0000,0.0000,0.0000,0.0000,32,0,0,0,0,69,0,0,0,0
zc,TA209,2012-06-15 09:03:03.010,7120.0000,482290,-4,0.0000,6.0000,1,5,多平,S,7120.0000,0.0000,0.0000,0.0000,0.0000,7122.0000,0.0000,0.0000,0.0000,0.0000,72,0,0,0,0,87,0,0,0,0
zc,TA209,2012-06-15 09:03:03.760,7122.0000,482288,-2,0.0000,22.0000,10,12,空平,B,7120.0000,0.0000,0.0000,0.0000,0.0000,7122.0000,0.0000,0.0000,0.0000,0.0000,71,0,0,0,0,89,0,0,0,0
zc,TA209,2012-06-15 09:03:04.247,7120.0000,482300,12,0.0000,36.0000,24,12,空开,S,7120.0000,0.0000,0.0000,0.0000,0.0000,7122.0000,0.0000,0.0000,0.0000,0.0000,61,0,0,0,0,84,0,0,0,0
zc,TA209,2012-06-15 09:03:04.997,7122.0000,482292,-8,0.0000,34.0000,13,21,空平,B,7120.0000,0.0000,0.0000,0.0000,0.0000,7122.0000,0.0000,0.0000,0.0000,0.0000,110,0,0,0,0,73,0,0,0,0
zc,TA209,2012-06-15 09:03:05.480,7120.0000,482298,6,0.0000,46.0000,26,20,空开,S,7120.0000,0.0000,0.0000,0.0000,0.0000,7122.0000,0.0000,0.0000,0.0000,0.0000,201,0,0,0,0,68,0,0,0,0
zc,TA209,2012-06-15 09:03:06.277,7122.0000,482244,-54,0.0000,146.0000,46,100,空平,B,7122.0000,0.0000,0.0000,0.0000,0.0000,7124.0000,0.0000,0.0000,0.0000,0.0000,64,0,0,0,0,33,0,0,0,0
zc,TA209,2012-06-15 09:03:06.777,7124.0000,482246,2,0.0000,152.0000,77,75,多开,B,7122.0000,0.0000,0.0000,0.0000,0.0000,7124.0000,0.0000,0.0000,0.0000,0.0000,41,0,0,0,0,31,0,0,0,0
zc,TA209,2012-06-15 09:03:07.510,7124.0000,482250,4,0.0000,16.0000,10,6,多开,B,7122.0000,0.0000,0.0000,0.0000,0.0000,7124.0000,0.0000,0.0000,0.0000,0.0000,45,0,0,0,0,26,0,0,0,0
zc,TA209,2012-06-15 09:03:08.027,7124.0000,482250,0,0.0000,2.0000,1,1,多换,B,7122.0000,0.0000,0.0000,0.0000,0.0000,7124.0000,0.0000,0.0000,0.0000,0.0000,157,0,0,0,0,25,0,0,0,0
zc,TA209,2012-06-15 09:03:08.557,7124.0000,482272,22,0.0000,54.0000,38,16,多开,B,7124.0000,0.0000,0.0000,0.0000,0.0000,7126.0000,0.0000,0.0000,0.0000,0.0000,15,0,0,0,0,122,0,0,0,0
zc,TA209,2012-06-15 09:03:09.277,7124.0000,482274,2,0.0000,36.0000,19,17,多开,B,7122.0000,0.0000,0.0000,0.0000,0.0000,7124.0000,0.0000,0.0000,0.0000,0.0000,159,0,0,0,0,134,0,0,0,0
zc,TA209,2012-06-15 09:03:09.980,7124.0000,482274,0,0.0000,26.0000,13,13,多换,B,7122.0000,0.0000,0.0000,0.0000,0.0000,7124.0000,0.0000,0.0000,0.0000,0.0000,189,0,0,0,0,325,0,0,0,0
zc,TA209,2012-06-15 09:03:10.510,7124.0000,481874,-400,0.0000,402.0000,1,401,空平,B,7122.0000,0.0000,0.0000,0.0000,0.0000,7124.0000,0.0000,0.0000,0.0000,0.0000,263,0,0,0,0,126,0,0,0,0
zc,TA209,2012-06-15 09:03:10.997,7122.0000,481838,-36,0.0000,44.0000,4,40,多平,S,7122.0000,0.0000,0.0000,0.0000,0.0000,7124.0000,0.0000,0.0000,0.0000,0.0000,243,0,0,0,0,132,0,0,0,0
zc,TA209,2012-06-15 09:03:11.747,7124.0000,481846,8,0.0000,138.0000,73,65,多开,B,7122.0000,0.0000,0.0000,0.0000,0.0000,7124.0000,0.0000,0.0000,0.0000,0.0000,190,0,0,0,0,106,0,0,0,0
zc,TA209,2012-06-15 09:03:12.277,7124.0000,481486,-360,0.0000,492.0000,66,426,空平,B,7120.0000,0.0000,0.0000,0.0000,0.0000,7124.0000,0.0000,0.0000,0.0000,0.0000,265,0,0,0,0,65,0,0,0,0
zc,TA209,2012-06-15 09:03:13.027,7122.0000,481478,-8,0.0000,28.0000,10,18,多平,S,7122.0000,0.0000,0.0000,0.0000,0.0000,7124.0000,0.0000,0.0000,0.0000,0.0000,13,0,0,0,0,53,0,0,0,0
zc,TA209,2012-06-15 09:03:13.213,7124.0000,481478,0,0.0000,22.0000,11,11,多换,B,7122.0000,0.0000,0.0000,0.0000,0.0000,7124.0000,0.0000,0.0000,0.0000,0.0000,11,0,0,0,0,67,0,0,0,0
zc,TA209,2012-06-15 09:03:14.010,7122.0000,481472,-6,0.0000,36.0000,15,21,多平,S,7120.0000,0.0000,0.0000,0.0000,0.0000,7122.0000,0.0000,0.0000,0.0000,0.0000,269,0,0,0,0,89,0,0,0,0
zc,TA209,2012-06-15 09:03:14.497,7122.0000,481464,-8,0.0000,114.0000,53,61,多平,S,7120.0000,0.0000,0.0000,0.0000,0.0000,7122.0000,0.0000,0.0000,0.0000,0.0000,217,0,0,0,0,284,0,0,0,0
zc,TA209,2012-06-15 09:03:15.230,7120.0000,481464,0,0.0000,10.0000,5,5,空换,S,7120.0000,0.0000,0.0000,0.0000,0.0000,7122.0000,0.0000,0.0000,0.0000,0.0000,216,0,0,0,0,354,0,0,0,0
zc,TA209,2012-06-15 09:03:15.730,7118.0000,481642,178,0.0000,482.0000,330,152,空开,S,7118.0000,0.0000,0.0000,0.0000,0.0000,7122.0000,0.0000,0.0000,0.0000,0.0000,589,0,0,0,0,358,0,0,0,0
zc,TA209,2012-06-15 09:03:16.247,7120.0000,481650,8,0.0000,52.0000,30,22,多开,B,7118.0000,0.0000,0.0000,0.0000,0.0000,7120.0000,0.0000,0.0000,0.0000,0.0000,590,0,0,0,0,135,0,0,0,0
zc,TA209,2012-06-15 09:03:17.010,7118.0000,481722,72,0.0000,132.0000,102,30,空开,S,7118.0000,0.0000,0.0000,0.0000,0.0000,7120.0000,0.0000,0.0000,0.0000,0.0000,585,0,0,0,0,143,0,0,0,0
zc,TA209,2012-06-15 09:03:17.497,7120.0000,481740,18,0.0000,38.0000,28,10,多开,B,7118.0000,0.0000,0.0000,0.0000,0.0000,7120.0000,0.0000,0.0000,0.0000,0.0000,582,0,0,0,0,144,0,0,0,0
zc,TA209,2012-06-15 09:03:18.247,7120.0000,481886,146,0.0000,156.0000,151,5,多开,B,7118.0000,0.0000,0.0000,0.0000,0.0000,7120.0000,0.0000,0.0000,0.0000,0.0000,585,0,0,0,0,66,0,0,0,0
zc,TA209,2012-06-15 09:03:18.730,7120.0000,481888,2,0.0000,2.0000,2,0,双开,B,7118.0000,0.0000,0.0000,0.0000,0.0000,7120.0000,0.0000,0.0000,0.0000,0.0000,585,0,0,0,0,75,0,0,0,0
zc,TA209,2012-06-15 09:03:19.747,7120.0000,481924,36,0.0000,48.0000,42,6,多开,B,7118.0000,0.0000,0.0000,0.0000,0.0000,7120.0000,0.0000,0.0000,0.0000,0.0000,584,0,0,0,0,51,0,0,0,0
zc,TA209,2012-06-15 09:03:20.260,7120.0000,481928,4,0.0000,608.0000,306,302,多开,B,7118.0000,0.0000,0.0000,0.0000,0.0000,7120.0000,0.0000,0.0000,0.0000,0.0000,291,0,0,0,0,21,0,0,0,0
zc,TA209,2012-06-15 09:03:20.760,7120.0000,481854,-74,0.0000,74.0000,0,74,双平,B,7120.0000,0.0000,0.0000,0.0000,0.0000,7122.0000,0.0000,0.0000,0.0000,0.0000,17,0,0,0,0,261,0,0,0,0
zc,TA209,2012-06-15 09:03:21.260,7120.0000,481852,-2,0.0000,4.0000,1,3,空平,B,7120.0000,0.0000,0.0000,0.0000,0.0000,7122.0000,0.0000,0.0000,0.0000,0.0000,17,0,0,0,0,211,0,0,0,0
zc,TA209,2012-06-15 09:03:22.010,7120.0000,481826,-26,0.0000,36.0000,5,31,空平,B,7118.0000,0.0000,0.0000,0.0000,0.0000,7120.0000,0.0000,0.0000,0.0000,0.0000,348,0,0,0,0,15,0,0,0,0
zc,TA209,2012-06-15 09:03:22.543,7120.0000,481826,0,0.0000,18.0000,9,9,多换,B,7118.0000,0.0000,0.0000,0.0000,0.0000,7120.0000,0.0000,0.0000,0.0000,0.0000,348,0,0,0,0,16,0,0,0,0
zc,TA209,2012-06-15 09:03:23.247,7120.0000,481826,0,0.0000,6.0000,3,3,多换,B,7118.0000,0.0000,0.0000,0.0000,0.0000,7120.0000,0.0000,0.0000,0.0000,0.0000,348,0,0,0,0,14,0,0,0,0
zc,TA209,2012-06-15 09:03:23.713,7118.0000,481836,10,0.0000,20.0000,15,5,空开,S,7118.0000,0.0000,0.0000,0.0000,0.0000,7120.0000,0.0000,0.0000,0.0000,0.0000,344,0,0,0,0,51,0,0,0,0
zc,TA209,2012-06-15 09:03:24.277,7120.0000,481838,2,0.0000,2.0000,2,0,双开,B,7118.0000,0.0000,0.0000,0.0000,0.0000,7120.0000,0.0000,0.0000,0.0000,0.0000,356,0,0,0,0,59,0,0,0,0
zc,TA209,2012-06-15 09:03:25.043,7120.0000,482128,290,0.0000,528.0000,409,119,多开,B,7118.0000,0.0000,0.0000,0.0000,0.0000,7120.0000,0.0000,0.0000,0.0000,0.0000,133,0,0,0,0,27,0,0,0,0
zc,TA209,2012-06-15 09:03:25.510,7118.0000,482136,8,0.0000,20.0000,14,6,空开,S,7118.0000,0.0000,0.0000,0.0000,0.0000,7120.0000,0.0000,0.0000,0.0000,0.0000,138,0,0,0,0,22,0,0,0,0
zc,TA209,2012-06-15 09:03:25.997,7120.0000,482146,10,0.0000,24.0000,17,7,多开,B,7118.0000,0.0000,0.0000,0.0000,0.0000,7120.0000,0.0000,0.0000,0.0000,0.0000,136,0,0,0,0,21,0,0,0,0
zc,TA209,2012-06-15 09:03:26.480,7120.0000,482154,8,0.0000,8.0000,8,0,双开,B,7118.0000,0.0000,0.0000,0.0000,0.0000,7120.0000,0.0000,0.0000,0.0000,0.0000,137,0,0,0,0,18,0,0,0,0
zc,TA209,2012-06-15 09:03:27.247,7120.0000,482172,18,0.0000,48.0000,33,15,多开,B,7118.0000,0.0000,0.0000,0.0000,0.0000,7120.0000,0.0000,0.0000,0.0000,0.0000,136,0,0,0,0,35,0,0,0,0
zc,TA209,2012-06-15 09:03:27.747,7120.0000,482146,-26,0.0000,128.0000,51,77,空平,B,7120.0000,0.0000,0.0000,0.0000,0.0000,7122.0000,0.0000,0.0000,0.0000,0.0000,71,0,0,0,0,207,0,0,0,0
zc,TA209,2012-06-15 09:03:28.230,7120.0000,482148,2,0.0000,28.0000,15,13,多开,B,7120.0000,0.0000,0.0000,0.0000,0.0000,7122.0000,0.0000,0.0000,0.0000,0.0000,60,0,0,0,0,188,0,0,0,0
zc,TA209,2012-06-15 09:03:28.997,7120.0000,482150,2,0.0000,24.0000,13,11,多开,B,7120.0000,0.0000,0.0000,0.0000,0.0000,7122.0000,0.0000,0.0000,0.0000,0.0000,48,0,0,0,0,188,0,0,0,0
zc,TA209,2012-06-15 09:03:29.527,7120.0000,482260,110,0.0000,110.0000,110,0,双开,B,7118.0000,0.0000,0.0000,0.0000,0.0000,7120.0000,0.0000,0.0000,0.0000,0.0000,148,0,0,0,0,61,0,0,0,0
zc,TA209,2012-06-15 09:03:30.213,7120.0000,482288,28,0.0000,28.0000,28,0,双开,B,7118.0000,0.0000,0.0000,0.0000,0.0000,7120.0000,0.0000,0.0000,0.0000,0.0000,149,0,0,0,0,48,0,0,0,0
zc,TA209,2012-06-15 09:03:30.323,7118.0000,482288,0,0.0000,4.0000,2,2,空换,S,7118.0000,0.0000,0.0000,0.0000,0.0000,7120.0000,0.0000,0.0000,0.0000,0.0000,147,0,0,0,0,48,0,0,0,0
zc,TA209,2012-06-15 09:03:30.480,7120.0000,482298,10,0.0000,10.0000,10,0,双开,B,7118.0000,0.0000,0.0000,0.0000,0.0000,7120.0000,0.0000,0.0000,0.0000,0.0000,144,0,0,0,0,45,0,0,0,0
zc,TA209,2012-06-15 09:03:31.213,7120.0000,482304,6,0.0000,8.0000,7,1,多开,B,7118.0000,0.0000,0.0000,0.0000,0.0000,7120.0000,0.0000,0.0000,0.0000,0.0000,142,0,0,0,0,44,0,0,0,0
zc,TA209,2012-06-15 09:03:31.760,7118.0000,482304,0,0.0000,12.0000,6,6,空换,S,7118.0000,0.0000,0.0000,0.0000,0.0000,7120.0000,0.0000,0.0000,0.0000,0.0000,136,0,0,0,0,82,0,0,0,0
zc,TA209,2012-06-15 09:03:32.277,7120.0000,482390,86,0.0000,200.0000,143,57,多开,B,7120.0000,0.0000,0.0000,0.0000,0.0000,7122.0000,0.0000,0.0000,0.0000,0.0000,8,0,0,0,0,190,0,0,0,0
zc,TA209,2012-06-15 09:03:33.010,7122.0000,482372,-18,0.0000,44.0000,13,31,空平,B,7120.0000,0.0000,0.0000,0.0000,0.0000,7122.0000,0.0000,0.0000,0.0000,0.0000,1,0,0,0,0,189,0,0,0,0
zc,TA209,2012-06-15 09:03:33.527,7122.0000,482382,10,0.0000,36.0000,23,13,多开,B,7118.0000,0.0000,0.0000,0.0000,0.0000,7120.0000,0.0000,0.0000,0.0000,0.0000,137,0,0,0,0,3,0,0,0,0
zc,TA209,2012-06-15 09:03:34.247,7120.0000,482384,2,0.0000,28.0000,15,13,空开,S,7118.0000,0.0000,0.0000,0.0000,0.0000,7120.0000,0.0000,0.0000,0.0000,0.0000,137,0,0,0,0,19,0,0,0,0
zc,TA209,2012-06-15 09:03:34.747,7120.0000,482292,-92,0.0000,112.0000,10,102,多平,S,7120.0000,0.0000,0.0000,0.0000,0.0000,7122.0000,0.0000,0.0000,0.0000,0.0000,2,0,0,0,0,150,0,0,0,0
zc,TA209,2012-06-15 09:03:35.480,7122.0000,482286,-6,0.0000,14.0000,4,10,空平,B,7120.0000,0.0000,0.0000,0.0000,0.0000,7122.0000,0.0000,0.0000,0.0000,0.0000,49,0,0,0,0,151,0,0,0,0
zc,TA209,2012-06-15 09:03:35.747,7122.0000,482284,-2,0.0000,4.0000,1,3,空平,B,7120.0000,0.0000,0.0000,0.0000,0.0000,7122.0000,0.0000,0.0000,0.0000,0.0000,49,0,0,0,0,150,0,0,0,0
zc,TA209,2012-06-15 09:03:36.463,7122.0000,482262,-22,0.0000,28.0000,3,25,空平,B,7120.0000,0.0000,0.0000,0.0000,0.0000,7122.0000,0.0000,0.0000,0.0000,0.0000,53,0,0,0,0,142,0,0,0,0
zc,TA209,2012-06-15 09:03:36.980,7122.0000,482262,0,0.0000,2.0000,1,1,多换,B,7120.0000,0.0000,0.0000,0.0000,0.0000,7122.0000,0.0000,0.0000,0.0000,0.0000,60,0,0,0,0,141,0,0,0,0
zc,TA209,2012-06-15 09:03:37.480,7120.0000,482150,-112,0.0000,160.0000,24,136,多平,S,7118.0000,0.0000,0.0000,0.0000,0.0000,7120.0000,0.0000,0.0000,0.0000,0.0000,149,0,0,0,0,11,0,0,0,0
zc,TA209,2012-06-15 09:03:38.230,7120.0000,482150,0,0.0000,4.0000,2,2,空换,S,7118.0000,0.0000,0.0000,0.0000,0.0000,7120.0000,0.0000,0.0000,0.0000,0.0000,150,0,0,0,0,13,0,0,0,0
zc,TA209,2012-06-15 09:03:38.730,7120.0000,482152,2,0.0000,12.0000,7,5,空开,S,7118.0000,0.0000,0.0000,0.0000,0.0000,7120.0000,0.0000,0.0000,0.0000,0.0000,159,0,0,0,0,18,0,0,0,0
zc,TA209,2012-06-15 09:03:39.497,7120.0000,482150,-2,0.0000,16.0000,7,9,多平,S,7118.0000,0.0000,0.0000,0.0000,0.0000,7120.0000,0.0000,0.0000,0.0000,0.0000,159,0,0,0,0,10,0,0,0,0
zc,TA209,2012-06-15 09:03:39.730,7118.0000,482052,-98,0.0000,108.0000,5,103,多平,S,7118.0000,0.0000,0.0000,0.0000,0.0000,7120.0000,0.0000,0.0000,0.0000,0.0000,159,0,0,0,0,1,0,0,0,0
zc,TA209,2012-06-15 09:03:40.497,7120.0000,482052,0,0.0000,8.0000,4,4,多换,B,7120.0000,0.0000,0.0000,0.0000,0.0000,7122.0000,0.0000,0.0000,0.0000,0.0000,7,0,0,0,0,133,0,0,0,0
zc,TA209,2012-06-15 09:03:40.997,7120.0000,482054,2,0.0000,16.0000,9,7,多开,B,7120.0000,0.0000,0.0000,0.0000,0.0000,7122.0000,0.0000,0.0000,0.0000,0.0000,40,0,0,0,0,136,0,0,0,0
zc,TA209,2012-06-15 09:03:41.747,7120.0000,482054,0,0.0000,10.0000,5,5,多换,B,7120.0000,0.0000,0.0000,0.0000,0.0000,7122.0000,0.0000,0.0000,0.0000,0.0000,58,0,0,0,0,136,0,0,0,0
zc,TA209,2012-06-15 09:03:42.260,7120.0000,482166,112,0.0000,130.0000,121,9,多开,B,7120.0000,0.0000,0.0000,0.0000,0.0000,7122.0000,0.0000,0.0000,0.0000,0.0000,1,0,0,0,0,139,0,0,0,0
zc,TA209,2012-06-15 09:03:43.010,7120.0000,482174,8,0.0000,48.0000,28,20,多开,B,7120.0000,0.0000,0.0000,0.0000,0.0000,7122.0000,0.0000,0.0000,0.0000,0.0000,20,0,0,0,0,142,0,0,0,0
zc,TA209,2012-06-15 09:03:43.510,7122.0000,482176,2,0.0000,386.0000,194,192,多开,B,7122.0000,0.0000,0.0000,0.0000,0.0000,7124.0000,0.0000,0.0000,0.0000,0.0000,58,0,0,0,0,318,0,0,0,0
zc,TA209,2012-06-15 09:03:44.027,7122.0000,482192,16,0.0000,18.0000,17,1,多开,B,7122.0000,0.0000,0.0000,0.0000,0.0000,7124.0000,0.0000,0.0000,0.0000,0.0000,49,0,0,0,0,318,0,0,0,0
zc,TA209,2012-06-15 09:03:44.760,7122.0000,482198,6,0.0000,6.0000,6,0,双开,B,7122.0000,0.0000,0.0000,0.0000,0.0000,7124.0000,0.0000,0.0000,0.0000,0.0000,60,0,0,0,0,318,0,0,0,0
zc,TA209,2012-06-15 09:03:45.260,7122.0000,482200,2,0.0000,44.0000,23,21,多开,B,7122.0000,0.0000,0.0000,0.0000,0.0000,7124.0000,0.0000,0.0000,0.0000,0.0000,39,0,0,0,0,314,0,0,0,0
zc,TA209,2012-06-15 09:03:45.713,7124.0000,482226,26,0.0000,30.0000,28,2,多开,B,7122.0000,0.0000,0.0000,0.0000,0.0000,7124.0000,0.0000,0.0000,0.0000,0.0000,25,0,0,0,0,313,0,0,0,0
zc,TA209,2012-06-15 09:03:46.247,7122.0000,482228,2,0.0000,4.0000,3,1,空开,S,7122.0000,0.0000,0.0000,0.0000,0.0000,7124.0000,0.0000,0.0000,0.0000,0.0000,24,0,0,0,0,313,0,0,0,0
zc,TA209,2012-06-15 09:03:46.980,7122.0000,482228,0,0.0000,28.0000,14,14,空换,S,7122.0000,0.0000,0.0000,0.0000,0.0000,7124.0000,0.0000,0.0000,0.0000,0.0000,20,0,0,0,0,303,0,0,0,0
zc,TA209,2012-06-15 09:03:47.497,7122.0000,482392,164,0.0000,240.0000,202,38,空开,S,7122.0000,0.0000,0.0000,0.0000,0.0000,7124.0000,0.0000,0.0000,0.0000,0.0000,6,0,0,0,0,204,0,0,0,0
zc,TA209,2012-06-15 09:03:47.997,7122.0000,482424,32,0.0000,32.0000,32,0,双开,S,7120.0000,0.0000,0.0000,0.0000,0.0000,7122.0000,0.0000,0.0000,0.0000,0.0000,95,0,0,0,0,10,0,0,0,0
zc,TA209,2012-06-15 09:03:48.747,7122.0000,482444,20,0.0000,20.0000,20,0,双开,S,7120.0000,0.0000,0.0000,0.0000,0.0000,7122.0000,0.0000,0.0000,0.0000,0.0000,95,0,0,0,0,3,0,0,0,0
zc,TA209,2012-06-15 09:03:49.230,7122.0000,482444,0,0.0000,6.0000,3,3,空换,S,7120.0000,0.0000,0.0000,0.0000,0.0000,7122.0000,0.0000,0.0000,0.0000,0.0000,111,0,0,0,0,3,0,0,0,0
zc,TA209,2012-06-15 09:03:49.777,7122.0000,482446,2,0.0000,6.0000,4,2,空开,S,7120.0000,0.0000,0.0000,0.0000,0.0000,7122.0000,0.0000,0.0000,0.0000,0.0000,111,0,0,0,0,5,0,0,0,0
zc,TA209,2012-06-15 09:03:50.247,7122.0000,482446,0,0.0000,10.0000,5,5,空换,S,7122.0000,0.0000,0.0000,0.0000,0.0000,7124.0000,0.0000,0.0000,0.0000,0.0000,157,0,0,0,0,210,0,0,0,0
zc,TA209,2012-06-15 09:03:51.027,7122.0000,482448,2,0.0000,2.0000,2,0,双开,S,7122.0000,0.0000,0.0000,0.0000,0.0000,7124.0000,0.0000,0.0000,0.0000,0.0000,159,0,0,0,0,204,0,0,0,0
zc,TA209,2012-06-15 09:03:51.497,7122.0000,482454,6,0.0000,12.0000,9,3,空开,S,7122.0000,0.0000,0.0000,0.0000,0.0000,7124.0000,0.0000,0.0000,0.0000,0.0000,4,0,0,0,0,204,0,0,0,0
zc,TA209,2012-06-15 09:03:52.230,7124.0000,482456,2,0.0000,4.0000,3,1,多开,B,7122.0000,0.0000,0.0000,0.0000,0.0000,7124.0000,0.0000,0.0000,0.0000,0.0000,5,0,0,0,0,202,0,0,0,0
zc,TA209,2012-06-15 09:03:52.747,7122.0000,482454,-2,0.0000,26.0000,12,14,多平,S,7122.0000,0.0000,0.0000,0.0000,0.0000,7124.0000,0.0000,0.0000,0.0000,0.0000,93,0,0,0,0,203,0,0,0,0
zc,TA209,2012-06-15 09:03:53.230,7122.0000,482480,26,0.0000,26.0000,26,0,双开,S,7122.0000,0.0000,0.0000,0.0000,0.0000,7124.0000,0.0000,0.0000,0.0000,0.0000,80,0,0,0,0,202,0,0,0,0
zc,TA209,2012-06-15 09:03:54.010,7122.0000,482482,2,0.0000,2.0000,2,0,双开,S,7122.0000,0.0000,0.0000,0.0000,0.0000,7124.0000,0.0000,0.0000,0.0000,0.0000,89,0,0,0,0,202,0,0,0,0
zc,TA209,2012-06-15 09:03:54.510,7124.0000,482482,0,0.0000,2.0000,1,1,多换,B,7122.0000,0.0000,0.0000,0.0000,0.0000,7124.0000,0.0000,0.0000,0.0000,0.0000,96,0,0,0,0,205,0,0,0,0
zc,TA209,2012-06-15 09:03:54.997,7124.0000,482484,2,0.0000,2.0000,2,0,双开,B,7122.0000,0.0000,0.0000,0.0000,0.0000,7124.0000,0.0000,0.0000,0.0000,0.0000,103,0,0,0,0,204,0,0,0,0
zc,TA209,2012-06-15 09:03:55.480,7124.0000,482484,0,0.0000,0.0000,0,0,多换,B,7122.0000,0.0000,0.0000,0.0000,0.0000,7124.0000,0.0000,0.0000,0.0000,0.0000,114,0,0,0,0,205,0,0,0,0
zc,TA209,2012-06-15 09:03:56.260,7124.0000,482486,2,0.0000,4.0000,3,1,多开,B,7122.0000,0.0000,0.0000,0.0000,0.0000,7124.0000,0.0000,0.0000,0.0000,0.0000,115,0,0,0,0,208,0,0,0,0
zc,TA209,2012-06-15 09:03:56.777,7124.0000,482622,136,0.0000,136.0000,136,0,双开,B,7122.0000,0.0000,0.0000,0.0000,0.0000,7124.0000,0.0000,0.0000,0.0000,0.0000,109,0,0,0,0,148,0,0,0,0
zc,TA209,2012-06-15 09:03:57.573,7124.0000,482564,-58,0.0000,300.0000,121,179,空平,B,7124.0000,0.0000,0.0000,0.0000,0.0000,7126.0000,0.0000,0.0000,0.0000,0.0000,93,0,0,0,0,136,0,0,0,0
zc,TA209,2012-06-15 09:03:58.010,7126.0000,482540,-24,0.0000,80.0000,28,52,空平,B,7124.0000,0.0000,0.0000,0.0000,0.0000,7126.0000,0.0000,0.0000,0.0000,0.0000,65,0,0,0,0,129,0,0,0,0
zc,TA209,2012-06-15 09:03:58.497,7126.0000,482540,0,0.0000,4.0000,2,2,多换,B,7124.0000,0.0000,0.0000,0.0000,0.0000,7126.0000,0.0000,0.0000,0.0000,0.0000,70,0,0,0,0,129,0,0,0,0
zc,TA209,2012-06-15 09:03:59.247,7126.0000,482538,-2,0.0000,22.0000,10,12,空平,B,7124.0000,0.0000,0.0000,0.0000,0.0000,7126.0000,0.0000,0.0000,0.0000,0.0000,127,0,0,0,0,124,0,0,0,0
zc,TA209,2012-06-15 09:03:59.777,7126.0000,482538,0,0.0000,14.0000,7,7,多换,B,7124.0000,0.0000,0.0000,0.0000,0.0000,7126.0000,0.0000,0.0000,0.0000,0.0000,128,0,0,0,0,118,0,0,0,0
zc,TA209,2012-06-15 09:04:00.557,7126.0000,482534,-4,0.0000,30.0000,13,17,空平,B,7124.0000,0.0000,0.0000,0.0000,0.0000,7126.0000,0.0000,0.0000,0.0000,0.0000,127,0,0,0,0,124,0,0,0,0
zc,TA209,2012-06-15 09:04:01.010,7124.0000,482530,-4,0.0000,22.0000,9,13,多平,S,7124.0000,0.0000,0.0000,0.0000,0.0000,7126.0000,0.0000,0.0000,0.0000,0.0000,137,0,0,0,0,116,0,0,0,0
zc,TA209,2012-06-15 09:04:01.760,7128.0000,482570,40,0.0000,254.0000,147,107,多开,B,7126.0000,0.0000,0.0000,0.0000,0.0000,7128.0000,0.0000,0.0000,0.0000,0.0000,142,0,0,0,0,148,0,0,0,0
zc,TA209,2012-06-15 09:04:02.277,7126.0000,482570,0,0.0000,22.0000,11,11,空换,S,7126.0000,0.0000,0.0000,0.0000,0.0000,7128.0000,0.0000,0.0000,0.0000,0.0000,56,0,0,0,0,157,0,0,0,0
zc,TA209,2012-06-15 09:04:03.010,7128.0000,482572,2,0.0000,18.0000,10,8,多开,B,7126.0000,0.0000,0.0000,0.0000,0.0000,7128.0000,0.0000,0.0000,0.0000,0.0000,102,0,0,0,0,153,0,0,0,0
zc,TA209,2012-06-15 09:04:03.247,7128.0000,482568,-4,0.0000,70.0000,33,37,空平,B,7126.0000,0.0000,0.0000,0.0000,0.0000,7128.0000,0.0000,0.0000,0.0000,0.0000,98,0,0,0,0,121,0,0,0,0
zc,TA209,2012-06-15 09:04:03.997,7128.0000,482634,66,0.0000,184.0000,125,59,多开,B,7126.0000,0.0000,0.0000,0.0000,0.0000,7128.0000,0.0000,0.0000,0.0000,0.0000,61,0,0,0,0,58,0,0,0,0
zc,TA209,2012-06-15 09:04:04.747,7128.0000,482632,-2,0.0000,12.0000,5,7,空平,B,7126.0000,0.0000,0.0000,0.0000,0.0000,7128.0000,0.0000,0.0000,0.0000,0.0000,61,0,0,0,0,73,0,0,0,0
zc,TA209,2012-06-15 09:04:05.497,7128.0000,482628,-4,0.0000,14.0000,5,9,空平,B,7126.0000,0.0000,0.0000,0.0000,0.0000,7128.0000,0.0000,0.0000,0.0000,0.0000,70,0,0,0,0,67,0,0,0,0
zc,TA209,2012-06-15 09:04:06.043,7128.0000,482622,-6,0.0000,28.0000,11,17,空平,B,7126.0000,0.0000,0.0000,0.0000,0.0000,7128.0000,0.0000,0.0000,0.0000,0.0000,67,0,0,0,0,77,0,0,0,0
zc,TA209,2012-06-15 09:04:06.480,7128.0000,482476,-146,0.0000,248.0000,51,197,空平,B,7126.0000,0.0000,0.0000,0.0000,0.0000,7128.0000,0.0000,0.0000,0.0000,0.0000,57,0,0,0,0,92,0,0,0,0
zc,TA209,2012-06-15 09:04:06.997,7126.0000,482478,2,0.0000,134.0000,68,66,空开,S,7126.0000,0.0000,0.0000,0.0000,0.0000,7128.0000,0.0000,0.0000,0.0000,0.0000,59,0,0,0,0,65,0,0,0,0
zc,TA209,2012-06-15 09:04:07.747,7128.0000,482454,-24,0.0000,80.0000,28,52,空平,B,7126.0000,0.0000,0.0000,0.0000,0.0000,7128.0000,0.0000,0.0000,0.0000,0.0000,40,0,0,0,0,40,0,0,0,0
zc,TA209,2012-06-15 09:04:08.480,7128.0000,482468,14,0.0000,90.0000,52,38,多开,B,7126.0000,0.0000,0.0000,0.0000,0.0000,7128.0000,0.0000,0.0000,0.0000,0.0000,28,0,0,0,0,40,0,0,0,0
zc,TA209,2012-06-15 09:04:08.963,7130.0000,482590,122,0.0000,840.0000,481,359,多开,B,7126.0000,0.0000,0.0000,0.0000,0.0000,7128.0000,0.0000,0.0000,0.0000,0.0000,27,0,0,0,0,61,0,0,0,0
zc,TA209,2012-06-15 09:04:09.463,7128.0000,482610,20,0.0000,22.0000,21,1,空开,S,7126.0000,0.0000,0.0000,0.0000,0.0000,7128.0000,0.0000,0.0000,0.0000,0.0000,26,0,0,0,0,57,0,0,0,0
zc,TA209,2012-06-15 09:04:09.980,7128.0000,482714,104,0.0000,110.0000,107,3,空开,S,7126.0000,0.0000,0.0000,0.0000,0.0000,7128.0000,0.0000,0.0000,0.0000,0.0000,28,0,0,0,0,3,0,0,0,0
zc,TA209,2012-06-15 09:04:10.760,7130.0000,482694,-20,0.0000,88.0000,34,54,空平,B,7124.0000,0.0000,0.0000,0.0000,0.0000,7128.0000,0.0000,0.0000,0.0000,0.0000,76,0,0,0,0,4,0,0,0,0
zc,TA209,2012-06-15 09:04:11.260,7130.0000,482698,4,0.0000,18.0000,11,7,多开,B,7128.0000,0.0000,0.0000,0.0000,0.0000,7130.0000,0.0000,0.0000,0.0000,0.0000,9,0,0,0,0,880,0,0,0,0
zc,TA209,2012-06-15 09:04:11.980,7128.0000,482692,-6,0.0000,92.0000,43,49,多平,S,7128.0000,0.0000,0.0000,0.0000,0.0000,7130.0000,0.0000,0.0000,0.0000,0.0000,55,0,0,0,0,859,0,0,0,0
zc,TA209,2012-06-15 09:04:12.497,7130.0000,482672,-20,0.0000,26.0000,3,23,空平,B,7128.0000,0.0000,0.0000,0.0000,0.0000,7130.0000,0.0000,0.0000,0.0000,0.0000,61,0,0,0,0,847,0,0,0,0
zc,TA209,2012-06-15 09:04:13.277,7130.0000,482670,-2,0.0000,76.0000,37,39,空平,B,7128.0000,0.0000,0.0000,0.0000,0.0000,7130.0000,0.0000,0.0000,0.0000,0.0000,62,0,0,0,0,820,0,0,0,0
zc,TA209,2012-06-15 09:04:13.747,7130.0000,482654,-16,0.0000,76.0000,30,46,空平,B,7128.0000,0.0000,0.0000,0.0000,0.0000,7130.0000,0.0000,0.0000,0.0000,0.0000,40,0,0,0,0,820,0,0,0,0
zc,TA209,2012-06-15 09:04:14.497,7128.0000,482648,-6,0.0000,18.0000,6,12,多平,S,7128.0000,0.0000,0.0000,0.0000,0.0000,7130.0000,0.0000,0.0000,0.0000,0.0000,77,0,0,0,0,814,0,0,0,0
zc,TA209,2012-06-15 09:04:14.997,7130.0000,482646,-2,0.0000,56.0000,27,29,空平,B,7128.0000,0.0000,0.0000,0.0000,0.0000,7130.0000,0.0000,0.0000,0.0000,0.0000,82,0,0,0,0,789,0,0,0,0
zc,TA209,2012-06-15 09:04:15.497,7130.0000,482584,-62,0.0000,310.0000,124,186,空平,B,7128.0000,0.0000,0.0000,0.0000,0.0000,7130.0000,0.0000,0.0000,0.0000,0.0000,36,0,0,0,0,704,0,0,0,0
zc,TA209,2012-06-15 09:04:16.260,7128.0000,482606,22,0.0000,138.0000,80,58,空开,S,7128.0000,0.0000,0.0000,0.0000,0.0000,7130.0000,0.0000,0.0000,0.0000,0.0000,84,0,0,0,0,640,0,0,0,0
zc,TA209,2012-06-15 09:04:16.760,7130.0000,482696,90,0.0000,554.0000,322,232,多开,B,7128.0000,0.0000,0.0000,0.0000,0.0000,7130.0000,0.0000,0.0000,0.0000,0.0000,135,0,0,0,0,363,0,0,0,0
zc,TA209,2012-06-15 09:04:17.277,7130.0000,483298,602,0.0000,796.0000,699,97,多开,B,7130.0000,0.0000,0.0000,0.0000,0.0000,7132.0000,0.0000,0.0000,0.0000,0.0000,153,0,0,0,0,613,0,0,0,0
zc,TA209,2012-06-15 09:04:17.760,7130.0000,483290,-8,0.0000,68.0000,30,38,空平,B,7130.0000,0.0000,0.0000,0.0000,0.0000,7132.0000,0.0000,0.0000,0.0000,0.0000,338,0,0,0,0,582,0,0,0,0
zc,TA209,2012-06-15 09:04:18.497,7132.0000,483382,92,0.0000,312.0000,202,110,多开,B,7130.0000,0.0000,0.0000,0.0000,0.0000,7132.0000,0.0000,0.0000,0.0000,0.0000,359,0,0,0,0,419,0,0,0,0
zc,TA209,2012-06-15 09:04:19.010,7132.0000,483428,46,0.0000,54.0000,50,4,多开,B,7130.0000,0.0000,0.0000,0.0000,0.0000,7132.0000,0.0000,0.0000,0.0000,0.0000,374,0,0,0,0,395,0,0,0,0
zc,TA209,2012-06-15 09:04:19.793,7132.0000,483666,238,0.0000,258.0000,248,10,多开,B,7130.0000,0.0000,0.0000,0.0000,0.0000,7132.0000,0.0000,0.0000,0.0000,0.0000,376,0,0,0,0,269,0,0,0,0
zc,TA209,2012-06-15 09:04:20.247,7132.0000,483710,44,0.0000,76.0000,60,16,多开,B,7130.0000,0.0000,0.0000,0.0000,0.0000,7132.0000,0.0000,0.0000,0.0000,0.0000,489,0,0,0,0,239,0,0,0,0
zc,TA209,2012-06-15 09:04:21.027,7132.0000,483782,72,0.0000,112.0000,92,20,多开,B,7130.0000,0.0000,0.0000,0.0000,0.0000,7132.0000,0.0000,0.0000,0.0000,0.0000,477,0,0,0,0,195,0,0,0,0
zc,TA209,2012-06-15 09:04:21.497,7132.0000,483842,60,0.0000,78.0000,69,9,多开,B,7130.0000,0.0000,0.0000,0.0000,0.0000,7132.0000,0.0000,0.0000,0.0000,0.0000,467,0,0,0,0,186,0,0,0,0
zc,TA209,2012-06-15 09:04:22.323,7132.0000,483974,132,0.0000,154.0000,143,11,多开,B,7130.0000,0.0000,0.0000,0.0000,0.0000,7132.0000,0.0000,0.0000,0.0000,0.0000,349,0,0,0,0,118,0,0,0,0
zc,TA209,2012-06-15 09:04:22.777,7132.0000,484002,28,0.0000,36.0000,32,4,多开,B,7130.0000,0.0000,0.0000,0.0000,0.0000,7132.0000,0.0000,0.0000,0.0000,0.0000,349,0,0,0,0,108,0,0,0,0
zc,TA209,2012-06-15 09:04:23.510,7132.0000,484034,32,0.0000,242.0000,137,105,多开,B,7132.0000,0.0000,0.0000,0.0000,0.0000,7134.0000,0.0000,0.0000,0.0000,0.0000,30,0,0,0,0,689,0,0,0,0
zc,TA209,2012-06-15 09:04:24.010,7134.0000,484042,8,0.0000,28.0000,18,10,多开,B,7132.0000,0.0000,0.0000,0.0000,0.0000,7134.0000,0.0000,0.0000,0.0000,0.0000,88,0,0,0,0,685,0,0,0,0
zc,TA209,2012-06-15 09:04:24.510,7134.0000,484044,2,0.0000,18.0000,10,8,多开,B,7132.0000,0.0000,0.0000,0.0000,0.0000,7134.0000,0.0000,0.0000,0.0000,0.0000,154,0,0,0,0,677,0,0,0,0
zc,TA209,2012-06-15 09:04:25.247,7132.0000,484044,0,0.0000,64.0000,32,32,空换,S,7132.0000,0.0000,0.0000,0.0000,0.0000,7134.0000,0.0000,0.0000,0.0000,0.0000,261,0,0,0,0,647,0,0,0,0
zc,TA209,2012-06-15 09:04:25.730,7132.0000,484512,468,0.0000,754.0000,611,143,空开,S,7132.0000,0.0000,0.0000,0.0000,0.0000,7134.0000,0.0000,0.0000,0.0000,0.0000,260,0,0,0,0,273,0,0,0,0
zc,TA209,2012-06-15 09:04:26.543,7134.0000,485030,518,0.0000,560.0000,539,21,多开,B,7134.0000,0.0000,0.0000,0.0000,0.0000,7136.0000,0.0000,0.0000,0.0000,0.0000,145,0,0,0,0,648,0,0,0,0
zc,TA209,2012-06-15 09:04:26.980,7134.0000,485030,0,0.0000,42.0000,21,21,多换,B,7134.0000,0.0000,0.0000,0.0000,0.0000,7136.0000,0.0000,0.0000,0.0000,0.0000,358,0,0,0,0,672,0,0,0,0
zc,TA209,2012-06-15 09:04:27.480,7136.0000,485022,-8,0.0000,76.0000,34,42,空平,B,7134.0000,0.0000,0.0000,0.0000,0.0000,7136.0000,0.0000,0.0000,0.0000,0.0000,356,0,0,0,0,647,0,0,0,0
zc,TA209,2012-06-15 09:04:28.027,7136.0000,485028,6,0.0000,96.0000,51,45,多开,B,7134.0000,0.0000,0.0000,0.0000,0.0000,7136.0000,0.0000,0.0000,0.0000,0.0000,503,0,0,0,0,604,0,0,0,0
zc,TA209,2012-06-15 09:04:28.747,7136.0000,485228,200,0.0000,236.0000,218,18,多开,B,7134.0000,0.0000,0.0000,0.0000,0.0000,7136.0000,0.0000,0.0000,0.0000,0.0000,494,0,0,0,0,520,0,0,0,0
zc,TA209,2012-06-15 09:04:29.510,7136.0000,485360,132,0.0000,136.0000,134,2,多开,B,7134.0000,0.0000,0.0000,0.0000,0.0000,7136.0000,0.0000,0.0000,0.0000,0.0000,495,0,0,0,0,454,0,0,0,0
zc,TA209,2012-06-15 09:04:30.730,7136.0000,485586,226,0.0000,240.0000,233,7,多开,B,7134.0000,0.0000,0.0000,0.0000,0.0000,7136.0000,0.0000,0.0000,0.0000,0.0000,482,0,0,0,0,343,0,0,0,0
zc,TA209,2012-06-15 09:04:30.980,7136.0000,485620,34,0.0000,256.0000,145,111,多开,B,7134.0000,0.0000,0.0000,0.0000,0.0000,7136.0000,0.0000,0.0000,0.0000,0.0000,383,0,0,0,0,315,0,0,0,0
zc,TA209,2012-06-15 09:04:31.747,7134.0000,485784,164,0.0000,298.0000,231,67,空开,S,7134.0000,0.0000,0.0000,0.0000,0.0000,7136.0000,0.0000,0.0000,0.0000,0.0000,317,0,0,0,0,234,0,0,0,0
zc,TA209,2012-06-15 09:04:32.277,7136.0000,486102,318,0.0000,674.0000,496,178,多开,B,7136.0000,0.0000,0.0000,0.0000,0.0000,7138.0000,0.0000,0.0000,0.0000,0.0000,58,0,0,0,0,591,0,0,0,0
zc,TA209,2012-06-15 09:04:33.073,7136.0000,486146,44,0.0000,68.0000,56,12,多开,B,7136.0000,0.0000,0.0000,0.0000,0.0000,7138.0000,0.0000,0.0000,0.0000,0.0000,63,0,0,0,0,590,0,0,0,0
zc,TA209,2012-06-15 09:04:33.760,7136.0000,486164,18,0.0000,126.0000,72,54,多开,B,7136.0000,0.0000,0.0000,0.0000,0.0000,7138.0000,0.0000,0.0000,0.0000,0.0000,98,0,0,0,0,531,0,0,0,0
zc,TA209,2012-06-15 09:04:34.277,7136.0000,486202,38,0.0000,122.0000,80,42,多开,B,7136.0000,0.0000,0.0000,0.0000,0.0000,7138.0000,0.0000,0.0000,0.0000,0.0000,93,0,0,0,0,524,0,0,0,0
zc,TA209,2012-06-15 09:04:34.793,7136.0000,486248,46,0.0000,52.0000,49,3,多开,B,7136.0000,0.0000,0.0000,0.0000,0.0000,7138.0000,0.0000,0.0000,0.0000,0.0000,94,0,0,0,0,515,0,0,0,0
zc,TA209,2012-06-15 09:04:35.497,7138.0000,486260,12,0.0000,24.0000,18,6,多开,B,7136.0000,0.0000,0.0000,0.0000,0.0000,7138.0000,0.0000,0.0000,0.0000,0.0000,106,0,0,0,0,504,0,0,0,0
zc,TA209,2012-06-15 09:04:36.027,7138.0000,486270,10,0.0000,22.0000,16,6,多开,B,7136.0000,0.0000,0.0000,0.0000,0.0000,7138.0000,0.0000,0.0000,0.0000,0.0000,118,0,0,0,0,499,0,0,0,0
zc,TA209,2012-06-15 09:04:36.747,7138.0000,486322,52,0.0000,254.0000,153,101,多开,B,7136.0000,0.0000,0.0000,0.0000,0.0000,7138.0000,0.0000,0.0000,0.0000,0.0000,102,0,0,0,0,398,0,0,0,0
zc,TA209,2012-06-15 09:04:37.260,7136.0000,486356,34,0.0000,116.0000,75,41,空开,S,7136.0000,0.0000,0.0000,0.0000,0.0000,7138.0000,0.0000,0.0000,0.0000,0.0000,86,0,0,0,0,362,0,0,0,0
zc,TA209,2012-06-15 09:04:38.043,7136.0000,486418,62,0.0000,134.0000,98,36,空开,S,7136.0000,0.0000,0.0000,0.0000,0.0000,7138.0000,0.0000,0.0000,0.0000,0.0000,71,0,0,0,0,322,0,0,0,0
zc,TA209,2012-06-15 09:04:38.543,7136.0000,486526,108,0.0000,262.0000,185,77,空开,S,7134.0000,0.0000,0.0000,0.0000,0.0000,7136.0000,0.0000,0.0000,0.0000,0.0000,344,0,0,0,0,38,0,0,0,0
zc,TA209,2012-06-15 09:04:38.980,7136.0000,486564,38,0.0000,140.0000,89,51,空开,S,7134.0000,0.0000,0.0000,0.0000,0.0000,7136.0000,0.0000,0.0000,0.0000,0.0000,344,0,0,0,0,7,0,0,0,0
zc,TA209,2012-06-15 09:04:39.997,7134.0000,486574,10,0.0000,92.0000,51,41,空开,S,7134.0000,0.0000,0.0000,0.0000,0.0000,7136.0000,0.0000,0.0000,0.0000,0.0000,334,0,0,0,0,26,0,0,0,0
zc,TA209,2012-06-15 09:04:40.527,7136.0000,486584,10,0.0000,74.0000,42,32,多开,B,7134.0000,0.0000,0.0000,0.0000,0.0000,7136.0000,0.0000,0.0000,0.0000,0.0000,325,0,0,0,0,78,0,0,0,0
zc,TA209,2012-06-15 09:04:41.277,7136.0000,486464,-120,0.0000,296.0000,88,208,空平,B,7136.0000,0.0000,0.0000,0.0000,0.0000,7138.0000,0.0000,0.0000,0.0000,0.0000,108,0,0,0,0,491,0,0,0,0
zc,TA209,2012-06-15 09:04:41.760,7136.0000,486254,-210,0.0000,274.0000,32,242,空平,B,7134.0000,0.0000,0.0000,0.0000,0.0000,7136.0000,0.0000,0.0000,0.0000,0.0000,300,0,0,0,0,41,0,0,0,0
zc,TA209,2012-06-15 09:04:42.497,7136.0000,486244,-10,0.0000,18.0000,4,14,空平,B,7134.0000,0.0000,0.0000,0.0000,0.0000,7136.0000,0.0000,0.0000,0.0000,0.0000,311,0,0,0,0,183,0,0,0,0
zc,TA209,2012-06-15 09:04:43.027,7136.0000,486224,-20,0.0000,70.0000,25,45,空平,B,7134.0000,0.0000,0.0000,0.0000,0.0000,7136.0000,0.0000,0.0000,0.0000,0.0000,336,0,0,0,0,417,0,0,0,0
zc,TA209,2012-06-15 09:04:43.497,7136.0000,486234,10,0.0000,114.0000,62,52,多开,B,7134.0000,0.0000,0.0000,0.0000,0.0000,7136.0000,0.0000,0.0000,0.0000,0.0000,336,0,0,0,0,397,0,0,0,0
zc,TA209,2012-06-15 09:04:44.277,7134.0000,486364,130,0.0000,840.0000,485,355,空开,S,7134.0000,0.0000,0.0000,0.0000,0.0000,7136.0000,0.0000,0.0000,0.0000,0.0000,70,0,0,0,0,210,0,0,0,0
zc,TA209,2012-06-15 09:04:44.777,7134.0000,486408,44,0.0000,78.0000,61,17,空开,S,7134.0000,0.0000,0.0000,0.0000,0.0000,7136.0000,0.0000,0.0000,0.0000,0.0000,50,0,0,0,0,242,0,0,0,0
zc,TA209,2012-06-15 09:04:45.293,7134.0000,486480,72,0.0000,144.0000,108,36,空开,S,7132.0000,0.0000,0.0000,0.0000,0.0000,7134.0000,0.0000,0.0000,0.0000,0.0000,397,0,0,0,0,168,0,0,0,0
zc,TA209,2012-06-15 09:04:45.980,7134.0000,486528,48,0.0000,128.0000,88,40,空开,S,7132.0000,0.0000,0.0000,0.0000,0.0000,7134.0000,0.0000,0.0000,0.0000,0.0000,397,0,0,0,0,118,0,0,0,0
zc,TA209,2012-06-15 09:04:46.480,7132.0000,486590,62,0.0000,100.0000,81,19,空开,S,7132.0000,0.0000,0.0000,0.0000,0.0000,7134.0000,0.0000,0.0000,0.0000,0.0000,381,0,0,0,0,113,0,0,0,0
zc,TA209,2012-06-15 09:04:47.247,7134.0000,486616,26,0.0000,30.0000,28,2,多开,B,7132.0000,0.0000,0.0000,0.0000,0.0000,7134.0000,0.0000,0.0000,0.0000,0.0000,381,0,0,0,0,139,0,0,0,0
zc,TA209,2012-06-15 09:04:47.747,7132.0000,486648,32,0.0000,36.0000,34,2,空开,S,7132.0000,0.0000,0.0000,0.0000,0.0000,7134.0000,0.0000,0.0000,0.0000,0.0000,373,0,0,0,0,136,0,0,0,0
zc,TA209,2012-06-15 09:04:48.260,7132.0000,486652,4,0.0000,6.0000,5,1,空开,S,7132.0000,0.0000,0.0000,0.0000,0.0000,7134.0000,0.0000,0.0000,0.0000,0.0000,362,0,0,0,0,337,0,0,0,0
zc,TA209,2012-06-15 09:04:48.997,7132.0000,486652,0,0.0000,48.0000,24,24,空换,S,7132.0000,0.0000,0.0000,0.0000,0.0000,7134.0000,0.0000,0.0000,0.0000,0.0000,348,0,0,0,0,359,0,0,0,0
zc,TA209,2012-06-15 09:04:49.497,7134.0000,486670,18,0.0000,20.0000,19,1,多开,B,7132.0000,0.0000,0.0000,0.0000,0.0000,7134.0000,0.0000,0.0000,0.0000,0.0000,410,0,0,0,0,353,0,0,0,0
zc,TA209,2012-06-15 09:04:50.293,7134.0000,486716,46,0.0000,50.0000,48,2,多开,B,7132.0000,0.0000,0.0000,0.0000,0.0000,7134.0000,0.0000,0.0000,0.0000,0.0000,449,0,0,0,0,332,0,0,0,0
zc,TA209,2012-06-15 09:04:50.713,7134.0000,486768,52,0.0000,124.0000,88,36,多开,B,7132.0000,0.0000,0.0000,0.0000,0.0000,7134.0000,0.0000,0.0000,0.0000,0.0000,449,0,0,0,0,275,0,0,0,0
zc,TA209,2012-06-15 09:04:51.480,7132.0000,486786,18,0.0000,46.0000,32,14,空开,S,7132.0000,0.0000,0.0000,0.0000,0.0000,7134.0000,0.0000,0.0000,0.0000,0.0000,428,0,0,0,0,275,0,0,0,0
zc,TA209,2012-06-15 09:04:51.747,7132.0000,486790,4,0.0000,74.0000,39,35,空开,S,7132.0000,0.0000,0.0000,0.0000,0.0000,7134.0000,0.0000,0.0000,0.0000,0.0000,209,0,0,0,0,263,0,0,0,0
zc,TA209,2012-06-15 09:04:52.510,7134.0000,486800,10,0.0000,10.0000,10,0,双开,B,7132.0000,0.0000,0.0000,0.0000,0.0000,7134.0000,0.0000,0.0000,0.0000,0.0000,228,0,0,0,0,281,0,0,0,0
zc,TA209,2012-06-15 09:04:53.010,7134.0000,486808,8,0.0000,10.0000,9,1,多开,B,7132.0000,0.0000,0.0000,0.0000,0.0000,7134.0000,0.0000,0.0000,0.0000,0.0000,178,0,0,0,0,277,0,0,0,0
zc,TA209,2012-06-15 09:04:53.730,7132.0000,486800,-8,0.0000,18.0000,5,13,多平,S,7132.0000,0.0000,0.0000,0.0000,0.0000,7134.0000,0.0000,0.0000,0.0000,0.0000,172,0,0,0,0,291,0,0,0,0
zc,TA209,2012-06-15 09:04:54.510,7132.0000,486710,-90,0.0000,182.0000,46,136,多平,S,7132.0000,0.0000,0.0000,0.0000,0.0000,7134.0000,0.0000,0.0000,0.0000,0.0000,99,0,0,0,0,271,0,0,0,0
zc,TA209,2012-06-15 09:04:55.247,7132.0000,486676,-34,0.0000,50.0000,8,42,多平,S,7132.0000,0.0000,0.0000,0.0000,0.0000,7134.0000,0.0000,0.0000,0.0000,0.0000,79,0,0,0,0,283,0,0,0,0
zc,TA209,2012-06-15 09:04:55.747,7132.0000,486702,26,0.0000,168.0000,97,71,空开,S,7132.0000,0.0000,0.0000,0.0000,0.0000,7134.0000,0.0000,0.0000,0.0000,0.0000,85,0,0,0,0,272,0,0,0,0
zc,TA209,2012-06-15 09:04:56.247,7132.0000,486642,-60,0.0000,118.0000,29,89,多平,S,7132.0000,0.0000,0.0000,0.0000,0.0000,7134.0000,0.0000,0.0000,0.0000,0.0000,80,0,0,0,0,229,0,0,0,0
zc,TA209,2012-06-15 09:04:57.010,7134.0000,486634,-8,0.0000,56.0000,24,32,空平,B,7132.0000,0.0000,0.0000,0.0000,0.0000,7134.0000,0.0000,0.0000,0.0000,0.0000,92,0,0,0,0,213,0,0,0,0
zc,TA209,2012-06-15 09:04:57.463,7134.0000,486638,4,0.0000,106.0000,55,51,多开,B,7132.0000,0.0000,0.0000,0.0000,0.0000,7134.0000,0.0000,0.0000,0.0000,0.0000,188,0,0,0,0,187,0,0,0,0
zc,TA209,2012-06-15 09:04:58.213,7134.0000,486638,0,0.0000,146.0000,73,73,多换,B,7132.0000,0.0000,0.0000,0.0000,0.0000,7134.0000,0.0000,0.0000,0.0000,0.0000,162,0,0,0,0,165,0,0,0,0
zc,TA209,2012-06-15 09:04:58.760,7134.0000,486362,-276,0.0000,342.0000,33,309,空平,B,7134.0000,0.0000,0.0000,0.0000,0.0000,7136.0000,0.0000,0.0000,0.0000,0.0000,37,0,0,0,0,301,0,0,0,0
zc,TA209,2012-06-15 09:04:59.480,7134.0000,486346,-16,0.0000,78.0000,31,47,空平,B,7134.0000,0.0000,0.0000,0.0000,0.0000,7136.0000,0.0000,0.0000,0.0000,0.0000,95,0,0,0,0,286,0,0,0,0
zc,TA209,2012-06-15 09:05:00.010,7134.0000,486326,-20,0.0000,24.0000,2,22,空平,B,7134.0000,0.0000,0.0000,0.0000,0.0000,7136.0000,0.0000,0.0000,0.0000,0.0000,95,0,0,0,0,286,0,0,0,0
zc,TA209,2012-06-15 09:05:00.760,7136.0000,486336,10,0.0000,22.0000,16,6,多开,B,7134.0000,0.0000,0.0000,0.0000,0.0000,7136.0000,0.0000,0.0000,0.0000,0.0000,140,0,0,0,0,282,0,0,0,0
zc,TA209,2012-06-15 09:05:01.247,7136.0000,486338,2,0.0000,20.0000,11,9,多开,B,7134.0000,0.0000,0.0000,0.0000,0.0000,7136.0000,0.0000,0.0000,0.0000,0.0000,142,0,0,0,0,282,0,0,0,0
zc,TA209,2012-06-15 09:05:01.997,7134.0000,486342,4,0.0000,84.0000,44,40,空开,S,7134.0000,0.0000,0.0000,0.0000,0.0000,7136.0000,0.0000,0.0000,0.0000,0.0000,113,0,0,0,0,269,0,0,0,0
zc,TA209,2012-06-15 09:05:02.230,7136.0000,486428,86,0.0000,90.0000,88,2,多开,B,7134.0000,0.0000,0.0000,0.0000,0.0000,7136.0000,0.0000,0.0000,0.0000,0.0000,119,0,0,0,0,225,0,0,0,0
zc,TA209,2012-06-15 09:05:03.027,7136.0000,486444,16,0.0000,40.0000,28,12,多开,B,7134.0000,0.0000,0.0000,0.0000,0.0000,7136.0000,0.0000,0.0000,0.0000,0.0000,110,0,0,0,0,209,0,0,0,0
zc,TA209,2012-06-15 09:05:03.463,7134.0000,486446,2,0.0000,22.0000,12,10,空开,S,7134.0000,0.0000,0.0000,0.0000,0.0000,7136.0000,0.0000,0.0000,0.0000,0.0000,106,0,0,0,0,206,0,0,0,0
zc,TA209,2012-06-15 09:05:04.527,7136.0000,486462,16,0.0000,58.0000,37,21,多开,B,7134.0000,0.0000,0.0000,0.0000,0.0000,7136.0000,0.0000,0.0000,0.0000,0.0000,113,0,0,0,0,188,0,0,0,0
zc,TA209,2012-06-15 09:05:04.997,7134.0000,486466,4,0.0000,132.0000,68,64,空开,S,7134.0000,0.0000,0.0000,0.0000,0.0000,7136.0000,0.0000,0.0000,0.0000,0.0000,49,0,0,0,0,189,0,0,0,0
zc,TA209,2012-06-15 09:05:05.557,7138.0000,486224,-242,0.0000,388.0000,73,315,空平,B,7136.0000,0.0000,0.0000,0.0000,0.0000,7138.0000,0.0000,0.0000,0.0000,0.0000,14,0,0,0,0,539,0,0,0,0
zc,TA209,2012-06-15 09:05:06.027,7134.0000,486140,-84,0.0000,220.0000,68,152,多平,S,7132.0000,0.0000,0.0000,0.0000,0.0000,7134.0000,0.0000,0.0000,0.0000,0.0000,145,0,0,0,0,12,0,0,0,0
zc,TA209,2012-06-15 09:05:06.730,7136.0000,486130,-10,0.0000,52.0000,21,31,空平,B,7132.0000,0.0000,0.0000,0.0000,0.0000,7134.0000,0.0000,0.0000,0.0000,0.0000,146,0,0,0,0,41,0,0,0,0
zc,TA209,2012-06-15 09:05:07.277,7134.0000,486168,38,0.0000,52.0000,45,7,空开,S,7132.0000,0.0000,0.0000,0.0000,0.0000,7134.0000,0.0000,0.0000,0.0000,0.0000,150,0,0,0,0,4,0,0,0,0
zc,TA209,2012-06-15 09:05:07.777,7134.0000,486174,6,0.0000,24.0000,15,9,空开,S,7132.0000,0.0000,0.0000,0.0000,0.0000,7134.0000,0.0000,0.0000,0.0000,0.0000,161,0,0,0,0,75,0,0,0,0
zc,TA209,2012-06-15 09:05:08.527,7134.0000,486200,26,0.0000,86.0000,56,30,空开,S,7132.0000,0.0000,0.0000,0.0000,0.0000,7134.0000,0.0000,0.0000,0.0000,0.0000,149,0,0,0,0,74,0,0,0,0
zc,TA209,2012-06-15 09:05:08.980,7132.0000,486232,32,0.0000,52.0000,42,10,空开,S,7132.0000,0.0000,0.0000,0.0000,0.0000,7134.0000,0.0000,0.0000,0.0000,0.0000,134,0,0,0,0,125,0,0,0,0
zc,TA209,2012-06-15 09:05:09.760,7132.0000,486248,16,0.0000,308.0000,162,146,空开,S,7132.0000,0.0000,0.0000,0.0000,0.0000,7134.0000,0.0000,0.0000,0.0000,0.0000,60,0,0,0,0,52,0,0,0,0
zc,TA209,2012-06-15 09:05:10.260,7134.0000,486232,-16,0.0000,122.0000,53,69,空平,B,7132.0000,0.0000,0.0000,0.0000,0.0000,7134.0000,0.0000,0.0000,0.0000,0.0000,44,0,0,0,0,56,0,0,0,0
zc,TA209,2012-06-15 09:05:10.997,7134.0000,486236,4,0.0000,24.0000,14,10,多开,B,7132.0000,0.0000,0.0000,0.0000,0.0000,7134.0000,0.0000,0.0000,0.0000,0.0000,40,0,0,0,0,115,0,0,0,0
zc,TA209,2012-06-15 09:05:11.497,7132.0000,486242,6,0.0000,18.0000,12,6,空开,S,7132.0000,0.0000,0.0000,0.0000,0.0000,7134.0000,0.0000,0.0000,0.0000,0.0000,35,0,0,0,0,112,0,0,0,0
zc,TA209,2012-06-15 09:05:12.260,7134.0000,486246,4,0.0000,14.0000,9,5,多开,B,7132.0000,0.0000,0.0000,0.0000,0.0000,7134.0000,0.0000,0.0000,0.0000,0.0000,39,0,0,0,0,112,0,0,0,0
zc,TA209,2012-06-15 09:05:12.760,7134.0000,486238,-8,0.0000,16.0000,4,12,空平,B,7132.0000,0.0000,0.0000,0.0000,0.0000,7134.0000,0.0000,0.0000,0.0000,0.0000,39,0,0,0,0,119,0,0,0,0
zc,TA209,2012-06-15 09:05:13.260,7132.0000,486240,2,0.0000,108.0000,55,53,空开,S,7130.0000,0.0000,0.0000,0.0000,0.0000,7132.0000,0.0000,0.0000,0.0000,0.0000,672,0,0,0,0,10,0,0,0,0
zc,TA209,2012-06-15 09:05:13.980,7130.0000,486202,-38,0.0000,92.0000,27,65,多平,S,7130.0000,0.0000,0.0000,0.0000,0.0000,7132.0000,0.0000,0.0000,0.0000,0.0000,676,0,0,0,0,43,0,0,0,0
zc,TA209,2012-06-15 09:05:14.510,7132.0000,486214,12,0.0000,108.0000,60,48,多开,B,7130.0000,0.0000,0.0000,0.0000,0.0000,7132.0000,0.0000,0.0000,0.0000,0.0000,672,0,0,0,0,8,0,0,0,0
zc,TA209,2012-06-15 09:05:15.247,7130.0000,486222,8,0.0000,12.0000,10,2,空开,S,7130.0000,0.0000,0.0000,0.0000,0.0000,7132.0000,0.0000,0.0000,0.0000,0.0000,758,0,0,0,0,20,0,0,0,0
zc,TA209,2012-06-15 09:05:15.777,7132.0000,486236,14,0.0000,48.0000,31,17,多开,B,7132.0000,0.0000,0.0000,0.0000,0.0000,7134.0000,0.0000,0.0000,0.0000,0.0000,115,0,0,0,0,118,0,0,0,0
zc,TA209,2012-06-15 09:05:16.497,7132.0000,486304,68,0.0000,134.0000,101,33,多开,B,7132.0000,0.0000,0.0000,0.0000,0.0000,7134.0000,0.0000,0.0000,0.0000,0.0000,163,0,0,0,0,125,0,0,0,0
zc,TA209,2012-06-15 09:05:16.760,7132.0000,486282,-22,0.0000,24.0000,1,23,空平,B,7132.0000,0.0000,0.0000,0.0000,0.0000,7134.0000,0.0000,0.0000,0.0000,0.0000,269,0,0,0,0,60,0,0,0,0
