市场代码,合约代码,时间,最新,持仓,增仓,成交额,成交量,开仓,平仓,成交类型,方向,买一价,买二价,买三价,买四价,买五价,卖一价,卖二价,卖三价,卖四价,卖五价,买一量,买二量,买三量,买四量,买五量,卖一量,卖二量,卖三量,卖四量,卖五量
zc,TA212,2012-06-15 08:59:02.667,0.0000,124,0,0.0000,0.0000,0,0,空换,S,6738.0000,0.0000,0.0000,0.0000,0.0000,7120.0000,0.0000,0.0000,0.0000,0.0000,1,0,0,0,0,1,0,0,0,0
zc,TA212,2012-06-15 09:00:01.870,0.0000,124,0,0.0000,0.0000,0,0,空换,S,7088.0000,0.0000,0.0000,0.0000,0.0000,7116.0000,0.0000,0.0000,0.0000,0.0000,9,0,0,0,0,13,0,0,0,0
zc,TA212,2012-06-15 09:00:02.887,0.0000,124,0,0.0000,0.0000,0,0,空换,S,7088.0000,0.0000,0.0000,0.0000,0.0000,7116.0000,0.0000,0.0000,0.0000,0.0000,10,0,0,0,0,13,0,0,0,0
zc,TA212,2012-06-15 09:00:03.870,0.0000,124,0,0.0000,0.0000,0,0,空换,S,7098.0000,0.0000,0.0000,0.0000,0.0000,7120.0000,0.0000,0.0000,0.0000,0.0000,2,0,0,0,0,1,0,0,0,0
zc,TA212,2012-06-15 09:00:04.620,0.0000,124,0,0.0000,0.0000,0,0,空换,S,7106.0000,0.0000,0.0000,0.0000,0.0000,7120.0000,0.0000,0.0000,0.0000,0.0000,1,0,0,0,0,1,0,0,0,0
zc,TA212,2012-06-15 09:00:05.340,0.0000,124,0,0.0000,0.0000,0,0,空换,S,7108.0000,0.0000,0.0000,0.0000,0.0000,7120.0000,0.0000,0.0000,0.0000,0.0000,1,0,0,0,0,1,0,0,0,0
zc,TA212,2012-06-15 09:00:06.807,0.0000,124,0,0.0000,0.0000,0,0,空换,S,7110.0000,0.0000,0.0000,0.0000,0.0000,7120.0000,0.0000,0.0000,0.0000,0.0000,1,0,0,0,0,1,0,0,0,0
zc,TA212,2012-06-15 09:00:08.090,0.0000,124,0,0.0000,0.0000,0,0,空换,S,7112.0000,0.0000,0.0000,0.0000,0.0000,7120.0000,0.0000,0.0000,0.0000,0.0000,1,0,0,0,0,1,0,0,0,0
zc,TA212,2012-06-15 09:00:08.607,0.0000,124,0,0.0000,0.0000,0,0,空换,S,7114.0000,0.0000,0.0000,0.0000,0.0000,7120.0000,0.0000,0.0000,0.0000,0.0000,1,0,0,0,0,1,0,0,0,0
zc,TA212,2012-06-15 09:00:10.870,0.0000,124,0,0.0000,0.0000,0,0,空换,S,7116.0000,0.0000,0.0000,0.0000,0.0000,7120.0000,0.0000,0.0000,0.0000,0.0000,1,0,0,0,0,1,0,0,0,0
zc,TA212,2012-06-15 09:00:11.590,0.0000,124,0,0.0000,0.0000,0,0,空换,S,7118.0000,0.0000,0.0000,0.0000,0.0000,7120.0000,0.0000,0.0000,0.0000,0.0000,1,0,0,0,0,1,0,0,0,0
zc,TA212,2012-06-15 09:00:13.590,7120.0000,124,0,0.0000,2.0000,1,1,多换,B,7112.0000,0.0000,0.0000,0.0000,0.0000,7136.0000,0.0000,0.0000,0.0000,0.0000,1,0,0,0,0,1,0,0,0,0
zc,TA212,2012-06-15 09:00:14.357,7120.0000,124,0,0.0000,0.0000,0,0,多换,B,7112.0000,0.0000,0.0000,0.0000,0.0000,7138.0000,0.0000,0.0000,0.0000,0.0000,1,0,0,0,0,1,0,0,0,0
zc,TA212,2012-06-15 09:00:14.823,7120.0000,124,0,0.0000,0.0000,0,0,多换,B,7112.0000,0.0000,0.0000,0.0000,0.0000,7140.0000,0.0000,0.0000,0.0000,0.0000,1,0,0,0,0,1,0,0,0,0
zc,TA212,2012-06-15 09:00:15.557,7120.0000,124,0,0.0000,0.0000,0,0,多换,B,7114.0000,0.0000,0.0000,0.0000,0.0000,7138.0000,0.0000,0.0000,0.0000,0.0000,10,0,0,0,0,1,0,0,0,0
zc,TA212,2012-06-15 09:00:16.057,7120.0000,124,0,0.0000,0.0000,0,0,多换,B,7114.0000,0.0000,0.0000,0.0000,0.0000,7140.0000,0.0000,0.0000,0.0000,0.0000,10,0,0,0,0,1,0,0,0,0
zc,TA212,2012-06-15 09:00:17.107,7120.0000,124,0,0.0000,0.0000,0,0,多换,B,7116.0000,0.0000,0.0000,0.0000,0.0000,7140.0000,0.0000,0.0000,0.0000,0.0000,6,0,0,0,0,1,0,0,0,0
zc,TA212,2012-06-15 09:00:17.557,7120.0000,124,0,0.0000,0.0000,0,0,多换,B,7114.0000,0.0000,0.0000,0.0000,0.0000,7140.0000,0.0000,0.0000,0.0000,0.0000,10,0,0,0,0,1,0,0,0,0
zc,TA212,2012-06-15 09:00:18.357,7120.0000,124,0,0.0000,0.0000,0,0,多换,B,7114.0000,0.0000,0.0000,0.0000,0.0000,7138.0000,0.0000,0.0000,0.0000,0.0000,10,0,0,0,0,1,0,0,0,0
zc,TA212,2012-06-15 09:00:18.807,7120.0000,124,0,0.0000,0.0000,0,0,多换,B,7116.0000,0.0000,0.0000,0.0000,0.0000,7140.0000,0.0000,0.0000,0.0000,0.0000,10,0,0,0,0,1,0,0,0,0
zc,TA212,2012-06-15 09:00:20.120,7120.0000,124,0,0.0000,0.0000,0,0,多换,B,7116.0000,0.0000,0.0000,0.0000,0.0000,7140.0000,0.0000,0.0000,0.0000,0.0000,3,0,0,0,0,1,0,0,0,0
zc,TA212,2012-06-15 09:00:21.340,7120.0000,124,0,0.0000,0.0000,0,0,多换,B,7116.0000,0.0000,0.0000,0.0000,0.0000,7140.0000,0.0000,0.0000,0.0000,0.0000,5,0,0,0,0,1,0,0,0,0
zc,TA212,2012-06-15 09:00:21.823,7120.0000,124,0,0.0000,0.0000,0,0,多换,B,7116.0000,0.0000,0.0000,0.0000,0.0000,7140.0000,0.0000,0.0000,0.0000,0.0000,10,0,0,0,0,1,0,0,0,0
zc,TA212,2012-06-15 09:00:23.090,7120.0000,124,0,0.0000,0.0000,0,0,多换,B,7116.0000,0.0000,0.0000,0.0000,0.0000,7140.0000,0.0000,0.0000,0.0000,0.0000,4,0,0,0,0,1,0,0,0,0
zc,TA212,2012-06-15 09:00:23.857,7120.0000,124,0,0.0000,0.0000,0,0,多换,B,7114.0000,0.0000,0.0000,0.0000,0.0000,7138.0000,0.0000,0.0000,0.0000,0.0000,10,0,0,0,0,1,0,0,0,0
zc,TA212,2012-06-15 09:00:25.823,7120.0000,124,0,0.0000,0.0000,0,0,多换,B,7112.0000,0.0000,0.0000,0.0000,0.0000,7136.0000,0.0000,0.0000,0.0000,0.0000,10,0,0,0,0,1,0,0,0,0
zc,TA212,2012-06-15 09:00:26.573,7120.0000,124,0,0.0000,0.0000,0,0,多换,B,7112.0000,0.0000,0.0000,0.0000,0.0000,7138.0000,0.0000,0.0000,0.0000,0.0000,10,0,0,0,0,1,0,0,0,0
zc,TA212,2012-06-15 09:00:27.057,7120.0000,124,0,0.0000,0.0000,0,0,多换,B,7112.0000,0.0000,0.0000,0.0000,0.0000,7136.0000,0.0000,0.0000,0.0000,0.0000,10,0,0,0,0,1,0,0,0,0
zc,TA212,2012-06-15 09:00:27.823,7120.0000,124,0,0.0000,0.0000,0,0,多换,B,7116.0000,0.0000,0.0000,0.0000,0.0000,7140.0000,0.0000,0.0000,0.0000,0.0000,10,0,0,0,0,1,0,0,0,0
zc,TA212,2012-06-15 09:00:29.590,7120.0000,124,0,0.0000,0.0000,0,0,多换,B,7118.0000,0.0000,0.0000,0.0000,0.0000,7142.0000,0.0000,0.0000,0.0000,0.0000,10,0,0,0,0,1,0,0,0,0
zc,TA212,2012-06-15 09:00:31.857,7120.0000,124,0,0.0000,0.0000,0,0,多换,B,7116.0000,0.0000,0.0000,0.0000,0.0000,7140.0000,0.0000,0.0000,0.0000,0.0000,10,0,0,0,0,1,0,0,0,0
zc,TA212,2012-06-15 09:00:32.527,7120.0000,124,0,0.0000,0.0000,0,0,多换,B,7116.0000,0.0000,0.0000,0.0000,0.0000,7142.0000,0.0000,0.0000,0.0000,0.0000,10,0,0,0,0,1,0,0,0,0
zc,TA212,2012-06-15 09:00:33.370,7120.0000,124,0,0.0000,0.0000,0,0,多换,B,7124.0000,0.0000,0.0000,0.0000,0.0000,7140.0000,0.0000,0.0000,0.0000,0.0000,1,0,0,0,0,1,0,0,0,0
zc,TA212,2012-06-15 09:00:34.057,7120.0000,124,0,0.0000,0.0000,0,0,多换,B,7122.0000,0.0000,0.0000,0.0000,0.0000,7138.0000,0.0000,0.0000,0.0000,0.0000,1,0,0,0,0,1,0,0,0,0
zc,TA212,2012-06-15 09:00:36.293,7120.0000,124,0,0.0000,0.0000,0,0,多换,B,7124.0000,0.0000,0.0000,0.0000,0.0000,7140.0000,0.0000,0.0000,0.0000,0.0000,1,0,0,0,0,1,0,0,0,0
zc,TA212,2012-06-15 09:00:37.557,7120.0000,124,0,0.0000,0.0000,0,0,多换,B,7124.0000,0.0000,0.0000,0.0000,0.0000,7142.0000,0.0000,0.0000,0.0000,0.0000,1,0,0,0,0,1,0,0,0,0
zc,TA212,2012-06-15 09:00:39.557,7120.0000,124,0,0.0000,0.0000,0,0,多换,B,7126.0000,0.0000,0.0000,0.0000,0.0000,7142.0000,0.0000,0.0000,0.0000,0.0000,1,0,0,0,0,1,0,0,0,0
zc,TA212,2012-06-15 09:00:41.340,7120.0000,124,0,0.0000,0.0000,0,0,多换,B,7128.0000,0.0000,0.0000,0.0000,0.0000,7144.0000,0.0000,0.0000,0.0000,0.0000,1,0,0,0,0,1,0,0,0,0
zc,TA212,2012-06-15 09:00:43.340,7120.0000,124,0,0.0000,0.0000,0,0,多换,B,7130.0000,0.0000,0.0000,0.0000,0.0000,7148.0000,0.0000,0.0000,0.0000,0.0000,1,0,0,0,0,1,0,0,0,0
zc,TA212,2012-06-15 09:00:43.807,7120.0000,124,0,0.0000,0.0000,0,0,多换,B,7128.0000,0.0000,0.0000,0.0000,0.0000,7148.0000,0.0000,0.0000,0.0000,0.0000,1,0,0,0,0,1,0,0,0,0
zc,TA212,2012-06-15 09:00:44.323,7120.0000,124,0,0.0000,0.0000,0,0,多换,B,7130.0000,0.0000,0.0000,0.0000,0.0000,7150.0000,0.0000,0.0000,0.0000,0.0000,1,0,0,0,0,1,0,0,0,0
zc,TA212,2012-06-15 09:00:45.027,7120.0000,124,0,0.0000,0.0000,0,0,多换,B,7126.0000,0.0000,0.0000,0.0000,0.0000,7144.0000,0.0000,0.0000,0.0000,0.0000,1,0,0,0,0,1,0,0,0,0
zc,TA212,2012-06-15 09:00:45.840,7120.0000,124,0,0.0000,0.0000,0,0,多换,B,7126.0000,0.0000,0.0000,0.0000,0.0000,7142.0000,0.0000,0.0000,0.0000,0.0000,1,0,0,0,0,1,0,0,0,0
zc,TA212,2012-06-15 09:00:46.340,7120.0000,124,0,0.0000,0.0000,0,0,多换,B,7126.0000,0.0000,0.0000,0.0000,0.0000,7148.0000,0.0000,0.0000,0.0000,0.0000,1,0,0,0,0,1,0,0,0,0
zc,TA212,2012-06-15 09:00:47.043,7120.0000,124,0,0.0000,0.0000,0,0,多换,B,7128.0000,0.0000,0.0000,0.0000,0.0000,7144.0000,0.0000,0.0000,0.0000,0.0000,1,0,0,0,0,1,0,0,0,0
zc,TA212,2012-06-15 09:00:47.557,7120.0000,124,0,0.0000,0.0000,0,0,多换,B,7126.0000,0.0000,0.0000,0.0000,0.0000,7142.0000,0.0000,0.0000,0.0000,0.0000,1,0,0,0,0,1,0,0,0,0
zc,TA212,2012-06-15 09:00:48.340,7120.0000,124,0,0.0000,0.0000,0,0,多换,B,7128.0000,0.0000,0.0000,0.0000,0.0000,7144.0000,0.0000,0.0000,0.0000,0.0000,1,0,0,0,0,1,0,0,0,0
zc,TA212,2012-06-15 09:00:49.043,7120.0000,124,0,0.0000,0.0000,0,0,多换,B,7124.0000,0.0000,0.0000,0.0000,0.0000,7140.0000,0.0000,0.0000,0.0000,0.0000,1,0,0,0,0,1,0,0,0,0
zc,TA212,2012-06-15 09:00:51.543,7120.0000,124,0,0.0000,0.0000,0,0,多换,B,7120.0000,0.0000,0.0000,0.0000,0.0000,7140.0000,0.0000,0.0000,0.0000,0.0000,1,0,0,0,0,1,0,0,0,0
zc,TA212,2012-06-15 09:00:52.277,7120.0000,124,0,0.0000,0.0000,0,0,多换,B,7122.0000,0.0000,0.0000,0.0000,0.0000,7140.0000,0.0000,0.0000,0.0000,0.0000,1,0,0,0,0,1,0,0,0,0
zc,TA212,2012-06-15 09:00:52.807,7120.0000,124,0,0.0000,0.0000,0,0,多换,B,7122.0000,0.0000,0.0000,0.0000,0.0000,7138.0000,0.0000,0.0000,0.0000,0.0000,1,0,0,0,0,1,0,0,0,0
zc,TA212,2012-06-15 09:00:54.573,7120.0000,124,0,0.0000,0.0000,0,0,多换,B,7122.0000,0.0000,0.0000,0.0000,0.0000,7140.0000,0.0000,0.0000,0.0000,0.0000,1,0,0,0,0,1,0,0,0,0
zc,TA212,2012-06-15 09:00:55.807,7120.0000,124,0,0.0000,0.0000,0,0,多换,B,7124.0000,0.0000,0.0000,0.0000,0.0000,7140.0000,0.0000,0.0000,0.0000,0.0000,1,0,0,0,0,1,0,0,0,0
zc,TA212,2012-06-15 09:00:57.793,7120.0000,124,0,0.0000,0.0000,0,0,多换,B,7122.0000,0.0000,0.0000,0.0000,0.0000,7140.0000,0.0000,0.0000,0.0000,0.0000,1,0,0,0,0,1,0,0,0,0
zc,TA212,2012-06-15 09:00:58.307,7120.0000,124,0,0.0000,0.0000,0,0,多换,B,7126.0000,0.0000,0.0000,0.0000,0.0000,7142.0000,0.0000,0.0000,0.0000,0.0000,1,0,0,0,0,1,0,0,0,0
zc,TA212,2012-06-15 09:00:59.090,7120.0000,124,0,0.0000,0.0000,0,0,多换,B,7124.0000,0.0000,0.0000,0.0000,0.0000,7142.0000,0.0000,0.0000,0.0000,0.0000,1,0,0,0,0,1,0,0,0,0
zc,TA212,2012-06-15 09:00:59.543,7120.0000,124,0,0.0000,0.0000,0,0,多换,B,7124.0000,0.0000,0.0000,0.0000,0.0000,7140.0000,0.0000,0.0000,0.0000,0.0000,1,0,0,0,0,1,0,0,0,0
zc,TA212,2012-06-15 09:01:00.777,7120.0000,124,0,0.0000,0.0000,0,0,多换,B,7124.0000,0.0000,0.0000,0.0000,0.0000,7142.0000,0.0000,0.0000,0.0000,0.0000,1,0,0,0,0,1,0,0,0,0
zc,TA212,2012-06-15 09:01:02.760,7120.0000,124,0,0.0000,0.0000,0,0,多换,B,7124.0000,0.0000,0.0000,0.0000,0.0000,7140.0000,0.0000,0.0000,0.0000,0.0000,1,0,0,0,0,1,0,0,0,0
zc,TA212,2012-06-15 09:01:03.307,7120.0000,124,0,0.0000,0.0000,0,0,多换,B,7124.0000,0.0000,0.0000,0.0000,0.0000,7142.0000,0.0000,0.0000,0.0000,0.0000,1,0,0,0,0,1,0,0,0,0
zc,TA212,2012-06-15 09:01:06.497,7120.0000,124,0,0.0000,0.0000,0,0,多换,B,7124.0000,0.0000,0.0000,0.0000,0.0000,7140.0000,0.0000,0.0000,0.0000,0.0000,1,0,0,0,0,1,0,0,0,0
zc,TA212,2012-06-15 09:01:08.293,7120.0000,124,0,0.0000,0.0000,0,0,多换,B,7126.0000,0.0000,0.0000,0.0000,0.0000,7142.0000,0.0000,0.0000,0.0000,0.0000,1,0,0,0,0,1,0,0,0,0
zc,TA212,2012-06-15 09:01:08.807,7120.0000,124,0,0.0000,0.0000,0,0,多换,B,7124.0000,0.0000,0.0000,0.0000,0.0000,7140.0000,0.0000,0.0000,0.0000,0.0000,1,0,0,0,0,1,0,0,0,0
zc,TA212,2012-06-15 09:01:10.307,7120.0000,124,0,0.0000,0.0000,0,0,多换,B,7126.0000,0.0000,0.0000,0.0000,0.0000,7142.0000,0.0000,0.0000,0.0000,0.0000,1,0,0,0,0,1,0,0,0,0
zc,TA212,2012-06-15 09:01:18.010,7120.0000,124,0,0.0000,0.0000,0,0,多换,B,7124.0000,0.0000,0.0000,0.0000,0.0000,7140.0000,0.0000,0.0000,0.0000,0.0000,1,0,0,0,0,1,0,0,0,0
zc,TA212,2012-06-15 09:01:18.760,7120.0000,124,0,0.0000,0.0000,0,0,多换,B,7124.0000,0.0000,0.0000,0.0000,0.0000,7142.0000,0.0000,0.0000,0.0000,0.0000,1,0,0,0,0,1,0,0,0,0
zc,TA212,2012-06-15 09:01:19.340,7120.0000,124,0,0.0000,0.0000,0,0,多换,B,7126.0000,0.0000,0.0000,0.0000,0.0000,7142.0000,0.0000,0.0000,0.0000,0.0000,1,0,0,0,0,1,0,0,0,0
zc,TA212,2012-06-15 09:01:20.293,7120.0000,124,0,0.0000,0.0000,0,0,多换,B,7124.0000,0.0000,0.0000,0.0000,0.0000,7142.0000,0.0000,0.0000,0.0000,0.0000,1,0,0,0,0,1,0,0,0,0
zc,TA212,2012-06-15 09:01:20.793,7120.0000,124,0,0.0000,0.0000,0,0,多换,B,7126.0000,0.0000,0.0000,0.0000,0.0000,7142.0000,0.0000,0.0000,0.0000,0.0000,1,0,0,0,0,1,0,0,0,0
zc,TA212,2012-06-15 09:01:23.997,7120.0000,124,0,0.0000,0.0000,0,0,多换,B,7124.0000,0.0000,0.0000,0.0000,0.0000,7140.0000,0.0000,0.0000,0.0000,0.0000,1,0,0,0,0,1,0,0,0,0
zc,TA212,2012-06-15 09:01:26.293,7120.0000,124,0,0.0000,0.0000,0,0,多换,B,7122.0000,0.0000,0.0000,0.0000,0.0000,7140.0000,0.0000,0.0000,0.0000,0.0000,1,0,0,0,0,1,0,0,0,0
zc,TA212,2012-06-15 09:01:27.543,7120.0000,124,0,0.0000,0.0000,0,0,多换,B,7126.0000,0.0000,0.0000,0.0000,0.0000,7142.0000,0.0000,0.0000,0.0000,0.0000,1,0,0,0,0,1,0,0,0,0
zc,TA212,2012-06-15 09:01:29.277,7120.0000,124,0,0.0000,0.0000,0,0,多换,B,7122.0000,0.0000,0.0000,0.0000,0.0000,7142.0000,0.0000,0.0000,0.0000,0.0000,1,0,0,0,0,1,0,0,0,0
zc,TA212,2012-06-15 09:01:30.543,7120.0000,124,0,0.0000,0.0000,0,0,多换,B,7124.0000,0.0000,0.0000,0.0000,0.0000,7142.0000,0.0000,0.0000,0.0000,0.0000,1,0,0,0,0,1,0,0,0,0
zc,TA212,2012-06-15 09:01:31.057,7120.0000,124,0,0.0000,0.0000,0,0,多换,B,7124.0000,0.0000,0.0000,0.0000,0.0000,7140.0000,0.0000,0.0000,0.0000,0.0000,1,0,0,0,0,1,0,0,0,0
zc,TA212,2012-06-15 09:01:31.497,7120.0000,124,0,0.0000,0.0000,0,0,多换,B,7124.0000,0.0000,0.0000,0.0000,0.0000,7142.0000,0.0000,0.0000,0.0000,0.0000,1,0,0,0,0,1,0,0,0,0
zc,TA212,2012-06-15 09:01:33.760,7120.0000,124,0,0.0000,0.0000,0,0,多换,B,7124.0000,0.0000,0.0000,0.0000,0.0000,7140.0000,0.0000,0.0000,0.0000,0.0000,1,0,0,0,0,1,0,0,0,0
zc,TA212,2012-06-15 09:01:35.247,7120.0000,124,0,0.0000,0.0000,0,0,多换,B,7124.0000,0.0000,0.0000,0.0000,0.0000,7140.0000,0.0000,0.0000,0.0000,0.0000,1,0,0,0,0,2,0,0,0,0
zc,TA212,2012-06-15 09:01:37.840,7120.0000,124,0,0.0000,0.0000,0,0,多换,B,7122.0000,0.0000,0.0000,0.0000,0.0000,7140.0000,0.0000,0.0000,0.0000,0.0000,1,0,0,0,0,2,0,0,0,0
zc,TA212,2012-06-15 09:01:38.510,7120.0000,124,0,0.0000,0.0000,0,0,多换,B,7122.0000,0.0000,0.0000,0.0000,0.0000,7138.0000,0.0000,0.0000,0.0000,0.0000,1,0,0,0,0,1,0,0,0,0
zc,TA212,2012-06-15 09:01:38.823,7120.0000,124,0,0.0000,0.0000,0,0,多换,B,7124.0000,0.0000,0.0000,0.0000,0.0000,7140.0000,0.0000,0.0000,0.0000,0.0000,1,0,0,0,0,2,0,0,0,0
zc,TA212,2012-06-15 09:01:39.573,7120.0000,124,0,0.0000,0.0000,0,0,多换,B,7126.0000,0.0000,0.0000,0.0000,0.0000,7140.0000,0.0000,0.0000,0.0000,0.0000,1,0,0,0,0,1,0,0,0,0
zc,TA212,2012-06-15 09:01:42.793,7120.0000,124,0,0.0000,0.0000,0,0,多换,B,7124.0000,0.0000,0.0000,0.0000,0.0000,7140.0000,0.0000,0.0000,0.0000,0.0000,1,0,0,0,0,2,0,0,0,0
zc,TA212,2012-06-15 09:01:43.277,7120.0000,124,0,0.0000,0.0000,0,0,多换,B,7126.0000,0.0000,0.0000,0.0000,0.0000,7140.0000,0.0000,0.0000,0.0000,0.0000,1,0,0,0,0,1,0,0,0,0
zc,TA212,2012-06-15 09:01:47.043,7120.0000,124,0,0.0000,0.0000,0,0,多换,B,7124.0000,0.0000,0.0000,0.0000,0.0000,7140.0000,0.0000,0.0000,0.0000,0.0000,1,0,0,0,0,2,0,0,0,0
zc,TA212,2012-06-15 09:01:50.543,7120.0000,124,0,0.0000,0.0000,0,0,多换,B,7126.0000,0.0000,0.0000,0.0000,0.0000,7140.0000,0.0000,0.0000,0.0000,0.0000,1,0,0,0,0,1,0,0,0,0
zc,TA212,2012-06-15 09:01:52.010,7120.0000,124,0,0.0000,0.0000,0,0,多换,B,7128.0000,0.0000,0.0000,0.0000,0.0000,7140.0000,0.0000,0.0000,0.0000,0.0000,1,0,0,0,0,1,0,0,0,0
zc,TA212,2012-06-15 09:01:55.807,7120.0000,124,0,0.0000,0.0000,0,0,多换,B,7126.0000,0.0000,0.0000,0.0000,0.0000,7140.0000,0.0000,0.0000,0.0000,0.0000,1,0,0,0,0,1,0,0,0,0
zc,TA212,2012-06-15 09:01:57.793,7120.0000,124,0,0.0000,0.0000,0,0,多换,B,7128.0000,0.0000,0.0000,0.0000,0.0000,7140.0000,0.0000,0.0000,0.0000,0.0000,1,0,0,0,0,1,0,0,0,0
zc,TA212,2012-06-15 09:01:59.073,7120.0000,124,0,0.0000,0.0000,0,0,多换,B,7126.0000,0.0000,0.0000,0.0000,0.0000,7140.0000,0.0000,0.0000,0.0000,0.0000,1,0,0,0,0,1,0,0,0,0
zc,TA212,2012-06-15 09:02:02.527,7120.0000,124,0,0.0000,0.0000,0,0,多换,B,7128.0000,0.0000,0.0000,0.0000,0.0000,7140.0000,0.0000,0.0000,0.0000,0.0000,1,0,0,0,0,1,0,0,0,0
zc,TA212,2012-06-15 09:02:05.543,7120.0000,124,0,0.0000,0.0000,0,0,多换,B,7130.0000,0.0000,0.0000,0.0000,0.0000,7140.0000,0.0000,0.0000,0.0000,0.0000,1,0,0,0,0,1,0,0,0,0
zc,TA212,2012-06-15 09:02:06.793,7120.0000,124,0,0.0000,0.0000,0,0,多换,B,7128.0000,0.0000,0.0000,0.0000,0.0000,7140.0000,0.0000,0.0000,0.0000,0.0000,1,0,0,0,0,1,0,0,0,0
zc,TA212,2012-06-15 09:02:11.573,7120.0000,124,0,0.0000,0.0000,0,0,多换,B,7130.0000,0.0000,0.0000,0.0000,0.0000,7140.0000,0.0000,0.0000,0.0000,0.0000,1,0,0,0,0,1,0,0,0,0
zc,TA212,2012-06-15 09:02:14.997,7120.0000,124,0,0.0000,0.0000,0,0,多换,B,7130.0000,0.0000,0.0000,0.0000,0.0000,7140.0000,0.0000,0.0000,0.0000,0.0000,1,0,0,0,0,4,0,0,0,0
zc,TA212,2012-06-15 09:02:16.760,7120.0000,124,0,0.0000,0.0000,0,0,多换,B,7130.0000,0.0000,0.0000,0.0000,0.0000,7140.0000,0.0000,0.0000,0.0000,0.0000,1,0,0,0,0,3,0,0,0,0
zc,TA212,2012-06-15 09:02:22.057,7120.0000,124,0,0.0000,0.0000,0,0,多换,B,7128.0000,0.0000,0.0000,0.0000,0.0000,7140.0000,0.0000,0.0000,0.0000,0.0000,1,0,0,0,0,3,0,0,0,0
zc,TA212,2012-06-15 09:02:25.027,7120.0000,124,0,0.0000,0.0000,0,0,多换,B,7126.0000,0.0000,0.0000,0.0000,0.0000,7140.0000,0.0000,0.0000,0.0000,0.0000,1,0,0,0,0,3,0,0,0,0
zc,TA212,2012-06-15 09:02:28.747,7120.0000,124,0,0.0000,0.0000,0,0,多换,B,7124.0000,0.0000,0.0000,0.0000,0.0000,7140.0000,0.0000,0.0000,0.0000,0.0000,1,0,0,0,0,4,0,0,0,0
zc,TA212,2012-06-15 09:02:30.497,7120.0000,124,0,0.0000,0.0000,0,0,多换,B,7122.0000,0.0000,0.0000,0.0000,0.0000,7138.0000,0.0000,0.0000,0.0000,0.0000,1,0,0,0,0,1,0,0,0,0
zc,TA212,2012-06-15 09:02:37.027,7120.0000,124,0,0.0000,0.0000,0,0,多换,B,7120.0000,0.0000,0.0000,0.0000,0.0000,7136.0000,0.0000,0.0000,0.0000,0.0000,1,0,0,0,0,1,0,0,0,0
zc,TA212,2012-06-15 09:02:37.777,7120.0000,124,0,0.0000,0.0000,0,0,多换,B,7118.0000,0.0000,0.0000,0.0000,0.0000,7136.0000,0.0000,0.0000,0.0000,0.0000,1,0,0,0,0,1,0,0,0,0
zc,TA212,2012-06-15 09:02:40.807,7120.0000,124,0,0.0000,0.0000,0,0,多换,B,7118.0000,0.0000,0.0000,0.0000,0.0000,7134.0000,0.0000,0.0000,0.0000,0.0000,1,0,0,0,0,1,0,0,0,0
zc,TA212,2012-06-15 09:02:41.793,7120.0000,124,0,0.0000,0.0000,0,0,多换,B,7118.0000,0.0000,0.0000,0.0000,0.0000,7136.0000,0.0000,0.0000,0.0000,0.0000,1,0,0,0,0,1,0,0,0,0
zc,TA212,2012-06-15 09:02:43.747,7120.0000,124,0,0.0000,0.0000,0,0,多换,B,7120.0000,0.0000,0.0000,0.0000,0.0000,7136.0000,0.0000,0.0000,0.0000,0.0000,1,0,0,0,0,1,0,0,0,0
zc,TA212,2012-06-15 09:02:44.557,7120.0000,124,0,0.0000,0.0000,0,0,多换,B,7118.0000,0.0000,0.0000,0.0000,0.0000,7136.0000,0.0000,0.0000,0.0000,0.0000,1,0,0,0,0,1,0,0,0,0
zc,TA212,2012-06-15 09:02:45.760,7120.0000,124,0,0.0000,0.0000,0,0,多换,B,7120.0000,0.0000,0.0000,0.0000,0.0000,7136.0000,0.0000,0.0000,0.0000,0.0000,1,0,0,0,0,1,0,0,0,0
zc,TA212,2012-06-15 09:02:46.260,7120.0000,124,0,0.0000,0.0000,0,0,多换,B,7118.0000,0.0000,0.0000,0.0000,0.0000,7134.0000,0.0000,0.0000,0.0000,0.0000,1,0,0,0,0,1,0,0,0,0
zc,TA212,2012-06-15 09:02:47.027,7120.0000,124,0,0.0000,0.0000,0,0,多换,B,7120.0000,0.0000,0.0000,0.0000,0.0000,7136.0000,0.0000,0.0000,0.0000,0.0000,1,0,0,0,0,1,0,0,0,0
zc,TA212,2012-06-15 09:02:50.777,7120.0000,124,0,0.0000,0.0000,0,0,多换,B,7122.0000,0.0000,0.0000,0.0000,0.0000,7138.0000,0.0000,0.0000,0.0000,0.0000,1,0,0,0,0,1,0,0,0,0
zc,TA212,2012-06-15 09:03:08.573,7120.0000,124,0,0.0000,0.0000,0,0,多换,B,7122.0000,0.0000,0.0000,0.0000,0.0000,7140.0000,0.0000,0.0000,0.0000,0.0000,1,0,0,0,0,2,0,0,0,0
zc,TA212,2012-06-15 09:03:09.997,7120.0000,124,0,0.0000,0.0000,0,0,多换,B,7124.0000,0.0000,0.0000,0.0000,0.0000,7140.0000,0.0000,0.0000,0.0000,0.0000,1,0,0,0,0,2,0,0,0,0
zc,TA212,2012-06-15 09:03:10.543,7120.0000,124,0,0.0000,0.0000,0,0,多换,B,7122.0000,0.0000,0.0000,0.0000,0.0000,7140.0000,0.0000,0.0000,0.0000,0.0000,1,0,0,0,0,2,0,0,0,0
zc,TA212,2012-06-15 09:03:11.010,7120.0000,124,0,0.0000,0.0000,0,0,多换,B,7124.0000,0.0000,0.0000,0.0000,0.0000,7140.0000,0.0000,0.0000,0.0000,0.0000,1,0,0,0,0,2,0,0,0,0
zc,TA212,2012-06-15 09:03:13.230,7120.0000,124,0,0.0000,0.0000,0,0,多换,B,7124.0000,0.0000,0.0000,0.0000,0.0000,7140.0000,0.0000,0.0000,0.0000,0.0000,1,0,0,0,0,1,0,0,0,0
zc,TA212,2012-06-15 09:03:14.027,7120.0000,124,0,0.0000,0.0000,0,0,多换,B,7124.0000,0.0000,0.0000,0.0000,0.0000,7140.0000,0.0000,0.0000,0.0000,0.0000,1,0,0,0,0,2,0,0,0,0
zc,TA212,2012-06-15 09:03:15.760,7120.0000,124,0,0.0000,0.0000,0,0,多换,B,7122.0000,0.0000,0.0000,0.0000,0.0000,7140.0000,0.0000,0.0000,0.0000,0.0000,1,0,0,0,0,2,0,0,0,0
zc,TA212,2012-06-15 09:03:18.277,7120.0000,124,0,0.0000,0.0000,0,0,多换,B,7124.0000,0.0000,0.0000,0.0000,0.0000,7140.0000,0.0000,0.0000,0.0000,0.0000,1,0,0,0,0,2,0,0,0,0
zc,TA212,2012-06-15 09:03:24.293,7120.0000,124,0,0.0000,0.0000,0,0,多换,B,7122.0000,0.0000,0.0000,0.0000,0.0000,7140.0000,0.0000,0.0000,0.0000,0.0000,1,0,0,0,0,2,0,0,0,0
zc,TA212,2012-06-15 09:03:26.027,7120.0000,124,0,0.0000,0.0000,0,0,多换,B,7124.0000,0.0000,0.0000,0.0000,0.0000,7140.0000,0.0000,0.0000,0.0000,0.0000,1,0,0,0,0,2,0,0,0,0
zc,TA212,2012-06-15 09:03:30.497,7120.0000,124,0,0.0000,0.0000,0,0,多换,B,7122.0000,0.0000,0.0000,0.0000,0.0000,7138.0000,0.0000,0.0000,0.0000,0.0000,1,0,0,0,0,1,0,0,0,0
zc,TA212,2012-06-15 09:03:31.760,7120.0000,124,0,0.0000,0.0000,0,0,多换,B,7122.0000,0.0000,0.0000,0.0000,0.0000,7140.0000,0.0000,0.0000,0.0000,0.0000,1,0,0,0,0,2,0,0,0,0
zc,TA212,2012-06-15 09:03:35.480,7120.0000,124,0,0.0000,0.0000,0,0,多换,B,7122.0000,0.0000,0.0000,0.0000,0.0000,7138.0000,0.0000,0.0000,0.0000,0.0000,1,0,0,0,0,1,0,0,0,0
zc,TA212,2012-06-15 09:03:36.480,7120.0000,124,0,0.0000,0.0000,0,0,多换,B,7124.0000,0.0000,0.0000,0.0000,0.0000,7140.0000,0.0000,0.0000,0.0000,0.0000,1,0,0,0,0,2,0,0,0,0
zc,TA212,2012-06-15 09:03:51.043,7120.0000,124,0,0.0000,0.0000,0,0,多换,B,7126.0000,0.0000,0.0000,0.0000,0.0000,7140.0000,0.0000,0.0000,0.0000,0.0000,1,0,0,0,0,1,0,0,0,0
zc,TA212,2012-06-15 09:03:52.760,7120.0000,124,0,0.0000,0.0000,0,0,多换,B,7122.0000,0.0000,0.0000,0.0000,0.0000,7140.0000,0.0000,0.0000,0.0000,0.0000,1,0,0,0,0,2,0,0,0,0
zc,TA212,2012-06-15 09:03:53.260,7120.0000,124,0,0.0000,0.0000,0,0,多换,B,7126.0000,0.0000,0.0000,0.0000,0.0000,7140.0000,0.0000,0.0000,0.0000,0.0000,1,0,0,0,0,1,0,0,0,0
zc,TA212,2012-06-15 09:03:56.793,7120.0000,124,0,0.0000,0.0000,0,0,多换,B,7128.0000,0.0000,0.0000,0.0000,0.0000,7140.0000,0.0000,0.0000,0.0000,0.0000,1,0,0,0,0,1,0,0,0,0
zc,TA212,2012-06-15 09:03:57.590,7120.0000,124,0,0.0000,0.0000,0,0,多换,B,7126.0000,0.0000,0.0000,0.0000,0.0000,7140.0000,0.0000,0.0000,0.0000,0.0000,1,0,0,0,0,1,0,0,0,0
zc,TA212,2012-06-15 09:04:02.293,7120.0000,124,0,0.0000,0.0000,0,0,多换,B,7128.0000,0.0000,0.0000,0.0000,0.0000,7140.0000,0.0000,0.0000,0.0000,0.0000,1,0,0,0,0,1,0,0,0,0
zc,TA212,2012-06-15 09:04:15.510,7120.0000,124,0,0.0000,0.0000,0,0,多换,B,7130.0000,0.0000,0.0000,0.0000,0.0000,7140.0000,0.0000,0.0000,0.0000,0.0000,1,0,0,0,0,1,0,0,0,0
zc,TA212,2012-06-15 09:04:18.527,7120.0000,124,0,0.0000,0.0000,0,0,多换,B,7132.0000,0.0000,0.0000,0.0000,0.0000,7140.0000,0.0000,0.0000,0.0000,0.0000,1,0,0,0,0,1,0,0,0,0
zc,TA212,2012-06-15 09:04:21.510,7120.0000,124,0,0.0000,0.0000,0,0,多换,B,7134.0000,0.0000,0.0000,0.0000,0.0000,7140.0000,0.0000,0.0000,0.0000,0.0000,1,0,0,0,0,1,0,0,0,0
zc,TA212,2012-06-15 09:04:24.027,7120.0000,124,0,0.0000,0.0000,0,0,多换,B,7136.0000,0.0000,0.0000,0.0000,0.0000,7140.0000,0.0000,0.0000,0.0000,0.0000,1,0,0,0,0,1,0,0,0,0
zc,TA212,2012-06-15 09:04:26.557,7120.0000,124,0,0.0000,0.0000,0,0,多换,B,7136.0000,0.0000,0.0000,0.0000,0.0000,7152.0000,0.0000,0.0000,0.0000,0.0000,1,0,0,0,0,1,0,0,0,0
zc,TA212,2012-06-15 09:04:26.997,7120.0000,124,0,0.0000,0.0000,0,0,多换,B,7136.0000,0.0000,0.0000,0.0000,0.0000,7150.0000,0.0000,0.0000,0.0000,0.0000,1,0,0,0,0,1,0,0,0,0
zc,TA212,2012-06-15 09:04:30.213,7120.0000,124,0,0.0000,0.0000,0,0,多换,B,7136.0000,0.0000,0.0000,0.0000,0.0000,7150.0000,0.0000,0.0000,0.0000,0.0000,1,0,0,0,0,1,0,0,0,0
zc,TA212,2012-06-15 09:04:33.090,7120.0000,124,0,0.0000,0.0000,0,0,多换,B,7138.0000,0.0000,0.0000,0.0000,0.0000,7150.0000,0.0000,0.0000,0.0000,0.0000,1,0,0,0,0,1,0,0,0,0
zc,TA212,2012-06-15 09:04:33.777,7120.0000,124,0,0.0000,0.0000,0,0,多换,B,7140.0000,0.0000,0.0000,0.0000,0.0000,7150.0000,0.0000,0.0000,0.0000,0.0000,1,0,0,0,0,1,0,0,0,0
zc,TA212,2012-06-15 09:04:36.043,7120.0000,124,0,0.0000,0.0000,0,0,多换,B,7138.0000,0.0000,0.0000,0.0000,0.0000,7150.0000,0.0000,0.0000,0.0000,0.0000,1,0,0,0,0,1,0,0,0,0
zc,TA212,2012-06-15 09:04:37.277,7120.0000,124,0,0.0000,0.0000,0,0,多换,B,7136.0000,0.0000,0.0000,0.0000,0.0000,7150.0000,0.0000,0.0000,0.0000,0.0000,1,0,0,0,0,1,0,0,0,0
zc,TA212,2012-06-15 09:04:38.573,7120.0000,124,0,0.0000,0.0000,0,0,多换,B,7140.0000,0.0000,0.0000,0.0000,0.0000,7150.0000,0.0000,0.0000,0.0000,0.0000,1,0,0,0,0,1,0,0,0,0
zc,TA212,2012-06-15 09:04:40.543,7120.0000,124,0,0.0000,0.0000,0,0,多换,B,7138.0000,0.0000,0.0000,0.0000,0.0000,7150.0000,0.0000,0.0000,0.0000,0.0000,1,0,0,0,0,1,0,0,0,0
zc,TA212,2012-06-15 09:04:41.307,7120.0000,124,0,0.0000,0.0000,0,0,多换,B,7136.0000,0.0000,0.0000,0.0000,0.0000,7150.0000,0.0000,0.0000,0.0000,0.0000,1,0,0,0,0,1,0,0,0,0
zc,TA212,2012-06-15 09:04:50.323,7120.0000,124,0,0.0000,0.0000,0,0,多换,B,7138.0000,0.0000,0.0000,0.0000,0.0000,7150.0000,0.0000,0.0000,0.0000,0.0000,1,0,0,0,0,1,0,0,0,0
zc,TA212,2012-06-15 09:04:51.760,7120.0000,124,0,0.0000,0.0000,0,0,多换,B,7136.0000,0.0000,0.0000,0.0000,0.0000,7150.0000,0.0000,0.0000,0.0000,0.0000,1,0,0,0,0,1,0,0,0,0
zc,TA212,2012-06-15 09:04:52.543,7120.0000,124,0,0.0000,0.0000,0,0,多换,B,7138.0000,0.0000,0.0000,0.0000,0.0000,7150.0000,0.0000,0.0000,0.0000,0.0000,1,0,0,0,0,1,0,0,0,0
zc,TA212,2012-06-15 09:04:54.527,7120.0000,124,0,0.0000,0.0000,0,0,多换,B,7136.0000,0.0000,0.0000,0.0000,0.0000,7150.0000,0.0000,0.0000,0.0000,0.0000,1,0,0,0,0,1,0,0,0,0
zc,TA212,2012-06-15 09:04:55.760,7120.0000,124,0,0.0000,0.0000,0,0,多换,B,7138.0000,0.0000,0.0000,0.0000,0.0000,7150.0000,0.0000,0.0000,0.0000,0.0000,1,0,0,0,0,1,0,0,0,0
zc,TA212,2012-06-15 09:05:03.057,7120.0000,124,0,0.0000,0.0000,0,0,多换,B,7140.0000,0.0000,0.0000,0.0000,0.0000,7150.0000,0.0000,0.0000,0.0000,0.0000,1,0,0,0,0,1,0,0,0,0
zc,TA212,2012-06-15 09:05:08.557,7120.0000,124,0,0.0000,0.0000,0,0,多换,B,7138.0000,0.0000,0.0000,0.0000,0.0000,7150.0000,0.0000,0.0000,0.0000,0.0000,1,0,0,0,0,1,0,0,0,0
zc,TA212,2012-06-15 09:05:12.777,7120.0000,124,0,0.0000,0.0000,0,0,多换,B,7140.0000,0.0000,0.0000,0.0000,0.0000,7150.0000,0.0000,0.0000,0.0000,0.0000,1,0,0,0,0,1,0,0,0,0
zc,TA212,2012-06-15 09:05:13.277,7120.0000,124,0,0.0000,0.0000,0,0,多换,B,7138.0000,0.0000,0.0000,0.0000,0.0000,7150.0000,0.0000,0.0000,0.0000,0.0000,1,0,0,0,0,1,0,0,0,0
zc,TA212,2012-06-15 09:05:15.793,7120.0000,124,0,0.0000,0.0000,0,0,多换,B,7140.0000,0.0000,0.0000,0.0000,0.0000,7150.0000,0.0000,0.0000,0.0000,0.0000,1,0,0,0,0,1,0,0,0,0
zc,TA212,2012-06-15 09:05:20.527,7120.0000,124,0,0.0000,0.0000,0,0,多换,B,7142.0000,0.0000,0.0000,0.0000,0.0000,7150.0000,0.0000,0.0000,0.0000,0.0000,1,0,0,0,0,1,0,0,0,0
zc,TA212,2012-06-15 09:05:24.010,7120.0000,124,0,0.0000,0.0000,0,0,多换,B,7144.0000,0.0000,0.0000,0.0000,0.0000,7150.0000,0.0000,0.0000,0.0000,0.0000,1,0,0,0,0,1,0,0,0,0
zc,TA212,2012-06-15 09:05:29.277,7120.0000,124,0,0.0000,0.0000,0,0,多换,B,7142.0000,0.0000,0.0000,0.0000,0.0000,7150.0000,0.0000,0.0000,0.0000,0.0000,1,0,0,0,0,1,0,0,0,0
zc,TA212,2012-06-15 09:05:32.277,7120.0000,124,0,0.0000,0.0000,0,0,多换,B,7144.0000,0.0000,0.0000,0.0000,0.0000,7150.0000,0.0000,0.0000,0.0000,0.0000,1,0,0,0,0,1,0,0,0,0
zc,TA212,2012-06-15 09:05:32.527,7120.0000,124,0,0.0000,0.0000,0,0,多换,B,7142.0000,0.0000,0.0000,0.0000,0.0000,7150.0000,0.0000,0.0000,0.0000,0.0000,1,0,0,0,0,1,0,0,0,0
zc,TA212,2012-06-15 09:05:37.510,7120.0000,124,0,0.0000,0.0000,0,0,多换,B,7140.0000,0.0000,0.0000,0.0000,0.0000,7150.0000,0.0000,0.0000,0.0000,0.0000,1,0,0,0,0,1,0,0,0,0
zc,TA212,2012-06-15 09:05:40.497,7120.0000,124,0,0.0000,0.0000,0,0,多换,B,7142.0000,0.0000,0.0000,0.0000,0.0000,7150.0000,0.0000,0.0000,0.0000,0.0000,1,0,0,0,0,1,0,0,0,0
zc,TA212,2012-06-15 09:05:41.293,7120.0000,124,0,0.0000,0.0000,0,0,多换,B,7140.0000,0.0000,0.0000,0.0000,0.0000,7150.0000,0.0000,0.0000,0.0000,0.0000,1,0,0,0,0,1,0,0,0,0
zc,TA212,2012-06-15 09:05:54.527,7120.0000,124,0,0.0000,0.0000,0,0,多换,B,7138.0000,0.0000,0.0000,0.0000,0.0000,7150.0000,0.0000,0.0000,0.0000,0.0000,1,0,0,0,0,1,0,0,0,0
zc,TA212,2012-06-15 09:05:54.980,7120.0000,124,0,0.0000,0.0000,0,0,多换,B,7140.0000,0.0000,0.0000,0.0000,0.0000,7150.0000,0.0000,0.0000,0.0000,0.0000,1,0,0,0,0,1,0,0,0,0
zc,TA212,2012-06-15 09:05:58.997,7120.0000,124,0,0.0000,0.0000,0,0,多换,B,7138.0000,0.0000,0.0000,0.0000,0.0000,7150.0000,0.0000,0.0000,0.0000,0.0000,1,0,0,0,0,1,0,0,0,0
zc,TA212,2012-06-15 09:06:07.980,7120.0000,124,0,0.0000,0.0000,0,0,多换,B,7136.0000,0.0000,0.0000,0.0000,0.0000,7150.0000,0.0000,0.0000,0.0000,0.0000,1,0,0,0,0,1,0,0,0,0
zc,TA212,2012-06-15 09:06:13.277,7120.0000,124,0,0.0000,0.0000,0,0,多换,B,7138.0000,0.0000,0.0000,0.0000,0.0000,7150.0000,0.0000,0.0000,0.0000,0.0000,1,0,0,0,0,1,0,0,0,0
zc,TA212,2012-06-15 09:06:14.543,7120.0000,124,0,0.0000,0.0000,0,0,多换,B,7136.0000,0.0000,0.0000,0.0000,0.0000,7150.0000,0.0000,0.0000,0.0000,0.0000,1,0,0,0,0,1,0,0,0,0
zc,TA212,2012-06-15 09:06:28.027,7120.0000,124,0,0.0000,0.0000,0,0,多换,B,7138.0000,0.0000,0.0000,0.0000,0.0000,7150.0000,0.0000,0.0000,0.0000,0.0000,1,0,0,0,0,1,0,0,0,0
zc,TA212,2012-06-15 09:06:29.057,7120.0000,124,0,0.0000,0.0000,0,0,多换,B,7136.0000,0.0000,0.0000,0.0000,0.0000,7150.0000,0.0000,0.0000,0.0000,0.0000,1,0,0,0,0,1,0,0,0,0
zc,TA212,2012-06-15 09:06:29.793,7120.0000,124,0,0.0000,0.0000,0,0,多换,B,7138.0000,0.0000,0.0000,0.0000,0.0000,7150.0000,0.0000,0.0000,0.0000,0.0000,1,0,0,0,0,1,0,0,0,0
zc,TA212,2012-06-15 09:06:30.323,7120.0000,124,0,0.0000,0.0000,0,0,多换,B,7136.0000,0.0000,0.0000,0.0000,0.0000,7150.0000,0.0000,0.0000,0.0000,0.0000,1,0,0,0,0,1,0,0,0,0
zc,TA212,2012-06-15 09:06:34.760,7120.0000,124,0,0.0000,0.0000,0,0,多换,B,7134.0000,0.0000,0.0000,0.0000,0.0000,7150.0000,0.0000,0.0000,0.0000,0.0000,1,0,0,0,0,2,0,0,0,0
zc,TA212,2012-06-15 09:06:52.277,7120.0000,124,0,0.0000,0.0000,0,0,多换,B,7136.0000,0.0000,0.0000,0.0000,0.0000,7150.0000,0.0000,0.0000,0.0000,0.0000,1,0,0,0,0,1,0,0,0,0
zc,TA212,2012-06-15 09:06:53.510,7120.0000,124,0,0.0000,0.0000,0,0,多换,B,7132.0000,0.0000,0.0000,0.0000,0.0000,7148.0000,0.0000,0.0000,0.0000,0.0000,6,0,0,0,0,1,0,0,0,0
zc,TA212,2012-06-15 09:06:57.747,7120.0000,124,0,0.0000,0.0000,0,0,多换,B,7132.0000,0.0000,0.0000,0.0000,0.0000,7150.0000,0.0000,0.0000,0.0000,0.0000,6,0,0,0,0,2,0,0,0,0
zc,TA212,2012-06-15 09:06:58.247,7120.0000,124,0,0.0000,0.0000,0,0,多换,B,7134.0000,0.0000,0.0000,0.0000,0.0000,7150.0000,0.0000,0.0000,0.0000,0.0000,1,0,0,0,0,2,0,0,0,0
zc,TA212,2012-06-15 09:07:10.793,7120.0000,124,0,0.0000,0.0000,0,0,多换,B,7136.0000,0.0000,0.0000,0.0000,0.0000,7150.0000,0.0000,0.0000,0.0000,0.0000,1,0,0,0,0,1,0,0,0,0
zc,TA212,2012-06-15 09:07:23.247,7120.0000,124,0,0.0000,0.0000,0,0,多换,B,7138.0000,0.0000,0.0000,0.0000,0.0000,7150.0000,0.0000,0.0000,0.0000,0.0000,1,0,0,0,0,1,0,0,0,0
zc,TA212,2012-06-15 09:07:25.277,7120.0000,124,0,0.0000,0.0000,0,0,多换,B,7136.0000,0.0000,0.0000,0.0000,0.0000,7150.0000,0.0000,0.0000,0.0000,0.0000,1,0,0,0,0,1,0,0,0,0
zc,TA212,2012-06-15 09:07:25.527,7120.0000,124,0,0.0000,0.0000,0,0,多换,B,7140.0000,0.0000,0.0000,0.0000,0.0000,7150.0000,0.0000,0.0000,0.0000,0.0000,1,0,0,0,0,1,0,0,0,0
zc,TA212,2012-06-15 09:07:31.510,7120.0000,124,0,0.0000,0.0000,0,0,多换,B,7142.0000,0.0000,0.0000,0.0000,0.0000,7150.0000,0.0000,0.0000,0.0000,0.0000,1,0,0,0,0,1,0,0,0,0
zc,TA212,2012-06-15 09:07:33.043,7120.0000,124,0,0.0000,0.0000,0,0,多换,B,7140.0000,0.0000,0.0000,0.0000,0.0000,7150.0000,0.0000,0.0000,0.0000,0.0000,1,0,0,0,0,1,0,0,0,0
zc,TA212,2012-06-15 09:07:33.277,7120.0000,124,0,0.0000,0.0000,0,0,多换,B,7142.0000,0.0000,0.0000,0.0000,0.0000,7150.0000,0.0000,0.0000,0.0000,0.0000,1,0,0,0,0,1,0,0,0,0
zc,TA212,2012-06-15 09:07:35.760,7120.0000,124,0,0.0000,0.0000,0,0,多换,B,7144.0000,0.0000,0.0000,0.0000,0.0000,7150.0000,0.0000,0.0000,0.0000,0.0000,1,0,0,0,0,1,0,0,0,0
zc,TA212,2012-06-15 09:07:54.793,7120.0000,124,0,0.0000,0.0000,0,0,多换,B,7142.0000,0.0000,0.0000,0.0000,0.0000,7150.0000,0.0000,0.0000,0.0000,0.0000,1,0,0,0,0,1,0,0,0,0
zc,TA212,2012-06-15 09:07:57.777,7120.0000,124,0,0.0000,0.0000,0,0,多换,B,7144.0000,0.0000,0.0000,0.0000,0.0000,7150.0000,0.0000,0.0000,0.0000,0.0000,1,0,0,0,0,1,0,0,0,0
zc,TA212,2012-06-15 09:08:02.043,7120.0000,124,0,0.0000,0.0000,0,0,多换,B,7146.0000,0.0000,0.0000,0.0000,0.0000,7150.0000,0.0000,0.0000,0.0000,0.0000,1,0,0,0,0,1,0,0,0,0
zc,TA212,2012-06-15 09:08:03.277,7120.0000,124,0,0.0000,0.0000,0,0,多换,B,7144.0000,0.0000,0.0000,0.0000,0.0000,7150.0000,0.0000,0.0000,0.0000,0.0000,1,0,0,0,0,1,0,0,0,0
zc,TA212,2012-06-15 09:08:03.793,7120.0000,124,0,0.0000,0.0000,0,0,多换,B,7146.0000,0.0000,0.0000,0.0000,0.0000,7150.0000,0.0000,0.0000,0.0000,0.0000,1,0,0,0,0,1,0,0,0,0
zc,TA212,2012-06-15 09:08:07.293,7120.0000,124,0,0.0000,0.0000,0,0,多换,B,7148.0000,0.0000,0.0000,0.0000,0.0000,7150.0000,0.0000,0.0000,0.0000,0.0000,1,0,0,0,0,1,0,0,0,0
zc,TA212,2012-06-15 09:08:09.247,7150.0000,124,0,0.0000,2.0000,1,1,多换,B,7148.0000,0.0000,0.0000,0.0000,0.0000,7164.0000,0.0000,0.0000,0.0000,0.0000,1,0,0,0,0,1,0,0,0,0
zc,TA212,2012-06-15 09:08:10.010,7150.0000,124,0,0.0000,0.0000,0,0,多换,B,7146.0000,0.0000,0.0000,0.0000,0.0000,7162.0000,0.0000,0.0000,0.0000,0.0000,1,0,0,0,0,1,0,0,0,0
zc,TA212,2012-06-15 09:08:11.510,7150.0000,124,0,0.0000,0.0000,0,0,多换,B,7146.0000,0.0000,0.0000,0.0000,0.0000,7164.0000,0.0000,0.0000,0.0000,0.0000,1,0,0,0,0,1,0,0,0,0
zc,TA212,2012-06-15 09:08:12.247,7150.0000,124,0,0.0000,0.0000,0,0,多换,B,7148.0000,0.0000,0.0000,0.0000,0.0000,7164.0000,0.0000,0.0000,0.0000,0.0000,1,0,0,0,0,1,0,0,0,0
zc,TA212,2012-06-15 09:08:13.497,7150.0000,124,0,0.0000,0.0000,0,0,多换,B,7146.0000,0.0000,0.0000,0.0000,0.0000,7164.0000,0.0000,0.0000,0.0000,0.0000,1,0,0,0,0,1,0,0,0,0
zc,TA212,2012-06-15 09:08:15.277,7150.0000,124,0,0.0000,0.0000,0,0,多换,B,7148.0000,0.0000,0.0000,0.0000,0.0000,7164.0000,0.0000,0.0000,0.0000,0.0000,1,0,0,0,0,1,0,0,0,0
zc,TA212,2012-06-15 09:08:16.510,7150.0000,124,0,0.0000,0.0000,0,0,多换,B,7150.0000,0.0000,0.0000,0.0000,0.0000,7166.0000,0.0000,0.0000,0.0000,0.0000,1,0,0,0,0,1,0,0,0,0
zc,TA212,2012-06-15 09:08:18.027,7150.0000,124,0,0.0000,0.0000,0,0,多换,B,7152.0000,0.0000,0.0000,0.0000,0.0000,7168.0000,0.0000,0.0000,0.0000,0.0000,1,0,0,0,0,1,0,0,0,0
zc,TA212,2012-06-15 09:08:18.760,7150.0000,124,0,0.0000,0.0000,0,0,多换,B,7150.0000,0.0000,0.0000,0.0000,0.0000,7168.0000,0.0000,0.0000,0.0000,0.0000,1,0,0,0,0,1,0,0,0,0
zc,TA212,2012-06-15 09:08:19.260,7150.0000,124,0,0.0000,0.0000,0,0,多换,B,7150.0000,0.0000,0.0000,0.0000,0.0000,7166.0000,0.0000,0.0000,0.0000,0.0000,1,0,0,0,0,1,0,0,0,0
zc,TA212,2012-06-15 09:08:20.010,7150.0000,124,0,0.0000,0.0000,0,0,多换,B,7150.0000,0.0000,0.0000,0.0000,0.0000,7168.0000,0.0000,0.0000,0.0000,0.0000,1,0,0,0,0,1,0,0,0,0
zc,TA212,2012-06-15 09:08:20.510,7150.0000,124,0,0.0000,0.0000,0,0,多换,B,7152.0000,0.0000,0.0000,0.0000,0.0000,7168.0000,0.0000,0.0000,0.0000,0.0000,1,0,0,0,0,1,0,0,0,0
zc,TA212,2012-06-15 09:08:21.747,7150.0000,124,0,0.0000,0.0000,0,0,多换,B,7150.0000,0.0000,0.0000,0.0000,0.0000,7166.0000,0.0000,0.0000,0.0000,0.0000,1,0,0,0,0,1,0,0,0,0
zc,TA212,2012-06-15 09:08:27.277,7150.0000,124,0,0.0000,0.0000,0,0,多换,B,7152.0000,0.0000,0.0000,0.0000,0.0000,7168.0000,0.0000,0.0000,0.0000,0.0000,1,0,0,0,0,1,0,0,0,0
zc,TA212,2012-06-15 09:08:54.730,7150.0000,124,0,0.0000,0.0000,0,0,多换,B,7150.0000,0.0000,0.0000,0.0000,0.0000,7166.0000,0.0000,0.0000,0.0000,0.0000,1,0,0,0,0,1,0,0,0,0
zc,TA212,2012-06-15 09:08:56.027,7150.0000,124,0,0.0000,0.0000,0,0,多换,B,7150.0000,0.0000,0.0000,0.0000,0.0000,7168.0000,0.0000,0.0000,0.0000,0.0000,1,0,0,0,0,1,0,0,0,0
zc,TA212,2012-06-15 09:08:56.730,7150.0000,124,0,0.0000,0.0000,0,0,多换,B,7152.0000,0.0000,0.0000,0.0000,0.0000,7168.0000,0.0000,0.0000,0.0000,0.0000,1,0,0,0,0,1,0,0,0,0
zc,TA212,2012-06-15 09:08:57.293,7150.0000,124,0,0.0000,0.0000,0,0,多换,B,7150.0000,0.0000,0.0000,0.0000,0.0000,7168.0000,0.0000,0.0000,0.0000,0.0000,1,0,0,0,0,1,0,0,0,0
zc,TA212,2012-06-15 09:08:57.777,7150.0000,124,0,0.0000,0.0000,0,0,多换,B,7152.0000,0.0000,0.0000,0.0000,0.0000,7168.0000,0.0000,0.0000,0.0000,0.0000,1,0,0,0,0,1,0,0,0,0
zc,TA212,2012-06-15 09:09:00.247,7150.0000,124,0,0.0000,0.0000,0,0,多换,B,7152.0000,0.0000,0.0000,0.0000,0.0000,7170.0000,0.0000,0.0000,0.0000,0.0000,1,0,0,0,0,1,0,0,0,0
zc,TA212,2012-06-15 09:09:00.760,7150.0000,124,0,0.0000,0.0000,0,0,多换,B,7154.0000,0.0000,0.0000,0.0000,0.0000,7170.0000,0.0000,0.0000,0.0000,0.0000,1,0,0,0,0,1,0,0,0,0
zc,TA212,2012-06-15 09:09:05.043,7150.0000,124,0,0.0000,0.0000,0,0,多换,B,7156.0000,0.0000,0.0000,0.0000,0.0000,7172.0000,0.0000,0.0000,0.0000,0.0000,1,0,0,0,0,1,0,0,0,0
zc,TA212,2012-06-15 09:09:05.527,7150.0000,124,0,0.0000,0.0000,0,0,多换,B,7154.0000,0.0000,0.0000,0.0000,0.0000,7172.0000,0.0000,0.0000,0.0000,0.0000,1,0,0,0,0,1,0,0,0,0
zc,TA212,2012-06-15 09:09:06.480,7150.0000,124,0,0.0000,0.0000,0,0,多换,B,7156.0000,0.0000,0.0000,0.0000,0.0000,7172.0000,0.0000,0.0000,0.0000,0.0000,1,0,0,0,0,1,0,0,0,0
zc,TA212,2012-06-15 09:09:09.527,7150.0000,124,0,0.0000,0.0000,0,0,多换,B,7158.0000,0.0000,0.0000,0.0000,0.0000,7174.0000,0.0000,0.0000,0.0000,0.0000,1,0,0,0,0,1,0,0,0,0
zc,TA212,2012-06-15 09:09:10.247,7150.0000,124,0,0.0000,0.0000,0,0,多换,B,7156.0000,0.0000,0.0000,0.0000,0.0000,7174.0000,0.0000,0.0000,0.0000,0.0000,1,0,0,0,0,1,0,0,0,0
zc,TA212,2012-06-15 09:09:10.510,7150.0000,124,0,0.0000,0.0000,0,0,多换,B,7154.0000,0.0000,0.0000,0.0000,0.0000,7170.0000,0.0000,0.0000,0.0000,0.0000,1,0,0,0,0,1,0,0,0,0
zc,TA212,2012-06-15 09:09:11.277,7150.0000,124,0,0.0000,0.0000,0,0,多换,B,7154.0000,0.0000,0.0000,0.0000,0.0000,7172.0000,0.0000,0.0000,0.0000,0.0000,1,0,0,0,0,1,0,0,0,0
zc,TA212,2012-06-15 09:09:15.247,7150.0000,124,0,0.0000,0.0000,0,0,多换,B,7154.0000,0.0000,0.0000,0.0000,0.0000,7170.0000,0.0000,0.0000,0.0000,0.0000,1,0,0,0,0,1,0,0,0,0
zc,TA212,2012-06-15 09:09:15.747,7150.0000,124,0,0.0000,0.0000,0,0,多换,B,7152.0000,0.0000,0.0000,0.0000,0.0000,7170.0000,0.0000,0.0000,0.0000,0.0000,1,0,0,0,0,1,0,0,0,0
zc,TA212,2012-06-15 09:09:16.247,7150.0000,124,0,0.0000,0.0000,0,0,多换,B,7154.0000,0.0000,0.0000,0.0000,0.0000,7170.0000,0.0000,0.0000,0.0000,0.0000,1,0,0,0,0,1,0,0,0,0
zc,TA212,2012-06-15 09:09:16.760,7150.0000,124,0,0.0000,0.0000,0,0,多换,B,7154.0000,0.0000,0.0000,0.0000,0.0000,7168.0000,0.0000,0.0000,0.0000,0.0000,1,0,0,0,0,1,0,0,0,0
zc,TA212,2012-06-15 09:09:17.510,7150.0000,124,0,0.0000,0.0000,0,0,多换,B,7152.0000,0.0000,0.0000,0.0000,0.0000,7168.0000,0.0000,0.0000,0.0000,0.0000,1,0,0,0,0,1,0,0,0,0
zc,TA212,2012-06-15 09:09:25.230,7150.0000,124,0,0.0000,0.0000,0,0,多换,B,7152.0000,0.0000,0.0000,0.0000,0.0000,7166.0000,0.0000,0.0000,0.0000,0.0000,1,0,0,0,0,1,0,0,0,0
zc,TA212,2012-06-15 09:09:29.260,7150.0000,124,0,0.0000,0.0000,0,0,多换,B,7152.0000,0.0000,0.0000,0.0000,0.0000,7168.0000,0.0000,0.0000,0.0000,0.0000,1,0,0,0,0,1,0,0,0,0
zc,TA212,2012-06-15 09:09:30.980,7150.0000,124,0,0.0000,0.0000,0,0,多换,B,7152.0000,0.0000,0.0000,0.0000,0.0000,7168.0000,0.0000,0.0000,0.0000,0.0000,1,0,0,0,0,1,0,0,0,0
zc,TA212,2012-06-15 09:09:31.527,7150.0000,124,0,0.0000,0.0000,0,0,多换,B,7154.0000,0.0000,0.0000,0.0000,0.0000,7168.0000,0.0000,0.0000,0.0000,0.0000,1,0,0,0,0,1,0,0,0,0
zc,TA212,2012-06-15 09:09:32.747,7150.0000,124,0,0.0000,0.0000,0,0,多换,B,7152.0000,0.0000,0.0000,0.0000,0.0000,7166.0000,0.0000,0.0000,0.0000,0.0000,1,0,0,0,0,1,0,0,0,0
zc,TA212,2012-06-15 09:09:33.480,7150.0000,124,0,0.0000,0.0000,0,0,多换,B,7152.0000,0.0000,0.0000,0.0000,0.0000,7168.0000,0.0000,0.0000,0.0000,0.0000,1,0,0,0,0,1,0,0,0,0
zc,TA212,2012-06-15 09:09:34.010,7150.0000,124,0,0.0000,0.0000,0,0,多换,B,7152.0000,0.0000,0.0000,0.0000,0.0000,7168.0000,0.0000,0.0000,0.0000,0.0000,6,0,0,0,0,1,0,0,0,0
zc,TA212,2012-06-15 09:09:34.527,7150.0000,124,0,0.0000,0.0000,0,0,多换,B,7154.0000,0.0000,0.0000,0.0000,0.0000,7168.0000,0.0000,0.0000,0.0000,0.0000,1,0,0,0,0,1,0,0,0,0
zc,TA212,2012-06-15 09:09:35.260,7150.0000,124,0,0.0000,0.0000,0,0,多换,B,7152.0000,0.0000,0.0000,0.0000,0.0000,7166.0000,0.0000,0.0000,0.0000,0.0000,6,0,0,0,0,1,0,0,0,0
zc,TA212,2012-06-15 09:09:35.730,7150.0000,124,0,0.0000,0.0000,0,0,多换,B,7154.0000,0.0000,0.0000,0.0000,0.0000,7168.0000,0.0000,0.0000,0.0000,0.0000,1,0,0,0,0,1,0,0,0,0
zc,TA212,2012-06-15 09:09:43.777,7150.0000,124,0,0.0000,0.0000,0,0,多换,B,7154.0000,0.0000,0.0000,0.0000,0.0000,7170.0000,0.0000,0.0000,0.0000,0.0000,1,0,0,0,0,1,0,0,0,0
zc,TA212,2012-06-15 09:09:44.527,7150.0000,124,0,0.0000,0.0000,0,0,多换,B,7154.0000,0.0000,0.0000,0.0000,0.0000,7168.0000,0.0000,0.0000,0.0000,0.0000,1,0,0,0,0,1,0,0,0,0
zc,TA212,2012-06-15 09:09:50.793,7150.0000,124,0,0.0000,0.0000,0,0,多换,B,7152.0000,0.0000,0.0000,0.0000,0.0000,7166.0000,0.0000,0.0000,0.0000,0.0000,6,0,0,0,0,1,0,0,0,0
zc,TA212,2012-06-15 09:09:51.307,7150.0000,124,0,0.0000,0.0000,0,0,多换,B,7154.0000,0.0000,0.0000,0.0000,0.0000,7168.0000,0.0000,0.0000,0.0000,0.0000,1,0,0,0,0,1,0,0,0,0
zc,TA212,2012-06-15 09:09:53.527,7150.0000,124,0,0.0000,0.0000,0,0,多换,B,7152.0000,0.0000,0.0000,0.0000,0.0000,7166.0000,0.0000,0.0000,0.0000,0.0000,6,0,0,0,0,1,0,0,0,0
zc,TA212,2012-06-15 09:09:55.230,7150.0000,124,0,0.0000,0.0000,0,0,多换,B,7152.0000,0.0000,0.0000,0.0000,0.0000,7168.0000,0.0000,0.0000,0.0000,0.0000,6,0,0,0,0,1,0,0,0,0
zc,TA212,2012-06-15 09:09:56.497,7150.0000,124,0,0.0000,0.0000,0,0,多换,B,7154.0000,0.0000,0.0000,0.0000,0.0000,7168.0000,0.0000,0.0000,0.0000,0.0000,1,0,0,0,0,1,0,0,0,0
zc,TA212,2012-06-15 09:10:03.997,7150.0000,124,0,0.0000,0.0000,0,0,多换,B,7156.0000,0.0000,0.0000,0.0000,0.0000,7170.0000,0.0000,0.0000,0.0000,0.0000,1,0,0,0,0,1,0,0,0,0
zc,TA212,2012-06-15 09:10:10.777,7150.0000,124,0,0.0000,0.0000,0,0,多换,B,7158.0000,0.0000,0.0000,0.0000,0.0000,7172.0000,0.0000,0.0000,0.0000,0.0000,1,0,0,0,0,1,0,0,0,0
zc,TA212,2012-06-15 09:10:15.527,7150.0000,124,0,0.0000,0.0000,0,0,多换,B,7158.0000,0.0000,0.0000,0.0000,0.0000,7174.0000,0.0000,0.0000,0.0000,0.0000,1,0,0,0,0,1,0,0,0,0
zc,TA212,2012-06-15 09:10:15.997,7150.0000,124,0,0.0000,0.0000,0,0,多换,B,7160.0000,0.0000,0.0000,0.0000,0.0000,7174.0000,0.0000,0.0000,0.0000,0.0000,1,0,0,0,0,1,0,0,0,0
zc,TA212,2012-06-15 09:10:17.747,7150.0000,124,0,0.0000,0.0000,0,0,多换,B,7162.0000,0.0000,0.0000,0.0000,0.0000,7176.0000,0.0000,0.0000,0.0000,0.0000,1,0,0,0,0,1,0,0,0,0
zc,TA212,2012-06-15 09:10:20.277,7150.0000,124,0,0.0000,0.0000,0,0,多换,B,7164.0000,0.0000,0.0000,0.0000,0.0000,7178.0000,0.0000,0.0000,0.0000,0.0000,1,0,0,0,0,1,0,0,0,0
zc,TA212,2012-06-15 09:10:21.010,7150.0000,124,0,0.0000,0.0000,0,0,多换,B,7162.0000,0.0000,0.0000,0.0000,0.0000,7178.0000,0.0000,0.0000,0.0000,0.0000,1,0,0,0,0,1,0,0,0,0
zc,TA212,2012-06-15 09:10:21.573,7150.0000,124,0,0.0000,0.0000,0,0,多换,B,7162.0000,0.0000,0.0000,0.0000,0.0000,7176.0000,0.0000,0.0000,0.0000,0.0000,1,0,0,0,0,1,0,0,0,0
zc,TA212,2012-06-15 09:10:22.010,7150.0000,124,0,0.0000,0.0000,0,0,多换,B,7160.0000,0.0000,0.0000,0.0000,0.0000,7174.0000,0.0000,0.0000,0.0000,0.0000,1,0,0,0,0,1,0,0,0,0
zc,TA212,2012-06-15 09:10:22.527,7150.0000,124,0,0.0000,0.0000,0,0,多换,B,7162.0000,0.0000,0.0000,0.0000,0.0000,7176.0000,0.0000,0.0000,0.0000,0.0000,1,0,0,0,0,1,0,0,0,0
zc,TA212,2012-06-15 09:10:24.293,7150.0000,124,0,0.0000,0.0000,0,0,多换,B,7160.0000,0.0000,0.0000,0.0000,0.0000,7174.0000,0.0000,0.0000,0.0000,0.0000,1,0,0,0,0,1,0,0,0,0
zc,TA212,2012-06-15 09:10:26.277,7150.0000,124,0,0.0000,0.0000,0,0,多换,B,7162.0000,0.0000,0.0000,0.0000,0.0000,7176.0000,0.0000,0.0000,0.0000,0.0000,1,0,0,0,0,1,0,0,0,0
zc,TA212,2012-06-15 09:10:38.293,7150.0000,124,0,0.0000,0.0000,0,0,多换,B,7160.0000,0.0000,0.0000,0.0000,0.0000,7174.0000,0.0000,0.0000,0.0000,0.0000,1,0,0,0,0,1,0,0,0,0
zc,TA212,2012-06-15 09:10:43.510,7150.0000,124,0,0.0000,0.0000,0,0,多换,B,7158.0000,0.0000,0.0000,0.0000,0.0000,7174.0000,0.0000,0.0000,0.0000,0.0000,1,0,0,0,0,1,0,0,0,0
zc,TA212,2012-06-15 09:10:44.027,7150.0000,124,0,0.0000,0.0000,0,0,多换,B,7158.0000,0.0000,0.0000,0.0000,0.0000,7172.0000,0.0000,0.0000,0.0000,0.0000,1,0,0,0,0,1,0,0,0,0
zc,TA212,2012-06-15 09:10:44.760,7150.0000,124,0,0.0000,0.0000,0,0,多换,B,7158.0000,0.0000,0.0000,0.0000,0.0000,7174.0000,0.0000,0.0000,0.0000,0.0000,1,0,0,0,0,1,0,0,0,0
zc,TA212,2012-06-15 09:10:45.997,7150.0000,124,0,0.0000,0.0000,0,0,多换,B,7158.0000,0.0000,0.0000,0.0000,0.0000,7172.0000,0.0000,0.0000,0.0000,0.0000,1,0,0,0,0,1,0,0,0,0
zc,TA212,2012-06-15 09:10:49.043,7150.0000,124,0,0.0000,0.0000,0,0,多换,B,7156.0000,0.0000,0.0000,0.0000,0.0000,7172.0000,0.0000,0.0000,0.0000,0.0000,1,0,0,0,0,1,0,0,0,0
zc,TA212,2012-06-15 09:10:49.793,7150.0000,124,0,0.0000,0.0000,0,0,多换,B,7158.0000,0.0000,0.0000,0.0000,0.0000,7172.0000,0.0000,0.0000,0.0000,0.0000,1,0,0,0,0,1,0,0,0,0
zc,TA212,2012-06-15 09:10:50.247,7150.0000,124,0,0.0000,0.0000,0,0,多换,B,7162.0000,0.0000,0.0000,0.0000,0.0000,7172.0000,0.0000,0.0000,0.0000,0.0000,5,0,0,0,0,1,0,0,0,0
zc,TA212,2012-06-15 09:10:56.527,7150.0000,124,0,0.0000,0.0000,0,0,多换,B,7162.0000,0.0000,0.0000,0.0000,0.0000,7170.0000,0.0000,0.0000,0.0000,0.0000,5,0,0,0,0,1,0,0,0,0
zc,TA212,2012-06-15 09:11:22.480,7150.0000,124,0,0.0000,0.0000,0,0,多换,B,7162.0000,0.0000,0.0000,0.0000,0.0000,7168.0000,0.0000,0.0000,0.0000,0.0000,5,0,0,0,0,1,0,0,0,0
zc,TA212,2012-06-15 09:11:26.980,7150.0000,124,0,0.0000,0.0000,0,0,多换,B,7162.0000,0.0000,0.0000,0.0000,0.0000,7170.0000,0.0000,0.0000,0.0000,0.0000,5,0,0,0,0,1,0,0,0,0
zc,TA212,2012-06-15 09:11:29.527,7150.0000,124,0,0.0000,0.0000,0,0,多换,B,7162.0000,0.0000,0.0000,0.0000,0.0000,7168.0000,0.0000,0.0000,0.0000,0.0000,5,0,0,0,0,1,0,0,0,0
zc,TA212,2012-06-15 09:11:30.760,7150.0000,124,0,0.0000,0.0000,0,0,多换,B,7162.0000,0.0000,0.0000,0.0000,0.0000,7166.0000,0.0000,0.0000,0.0000,0.0000,5,0,0,0,0,1,0,0,0,0
zc,TA212,2012-06-15 09:11:33.510,7150.0000,124,0,0.0000,0.0000,0,0,多换,B,7162.0000,0.0000,0.0000,0.0000,0.0000,7168.0000,0.0000,0.0000,0.0000,0.0000,5,0,0,0,0,1,0,0,0,0
zc,TA212,2012-06-15 09:11:43.807,7150.0000,124,0,0.0000,0.0000,0,0,多换,B,7162.0000,0.0000,0.0000,0.0000,0.0000,7166.0000,0.0000,0.0000,0.0000,0.0000,5,0,0,0,0,1,0,0,0,0
zc,TA212,2012-06-15 09:11:56.260,7150.0000,124,0,0.0000,0.0000,0,0,多换,B,7162.0000,0.0000,0.0000,0.0000,0.0000,7164.0000,0.0000,0.0000,0.0000,0.0000,5,0,0,0,0,1,0,0,0,0
zc,TA212,2012-06-15 09:11:58.980,7162.0000,124,0,0.0000,2.0000,1,1,多换,B,7162.0000,0.0000,0.0000,0.0000,0.0000,7166.0000,0.0000,0.0000,0.0000,0.0000,4,0,0,0,0,1,0,0,0,0
zc,TA212,2012-06-15 09:12:00.777,7162.0000,124,0,0.0000,0.0000,0,0,多换,B,7162.0000,0.0000,0.0000,0.0000,0.0000,7168.0000,0.0000,0.0000,0.0000,0.0000,4,0,0,0,0,1,0,0,0,0
zc,TA212,2012-06-15 09:12:02.497,7162.0000,124,0,0.0000,0.0000,0,0,多换,B,7162.0000,0.0000,0.0000,0.0000,0.0000,7170.0000,0.0000,0.0000,0.0000,0.0000,4,0,0,0,0,1,0,0,0,0
zc,TA212,2012-06-15 09:12:03.777,7162.0000,124,0,0.0000,0.0000,0,0,多换,B,7162.0000,0.0000,0.0000,0.0000,0.0000,7168.0000,0.0000,0.0000,0.0000,0.0000,4,0,0,0,0,1,0,0,0,0
zc,TA212,2012-06-15 09:12:04.747,7162.0000,124,0,0.0000,0.0000,0,0,多换,B,7162.0000,0.0000,0.0000,0.0000,0.0000,7170.0000,0.0000,0.0000,0.0000,0.0000,4,0,0,0,0,1,0,0,0,0
zc,TA212,2012-06-15 09:12:09.807,7162.0000,124,0,0.0000,0.0000,0,0,多换,B,7162.0000,0.0000,0.0000,0.0000,0.0000,7168.0000,0.0000,0.0000,0.0000,0.0000,4,0,0,0,0,1,0,0,0,0
zc,TA212,2012-06-15 09:12:15.730,7162.0000,124,0,0.0000,0.0000,0,0,多换,B,7162.0000,0.0000,0.0000,0.0000,0.0000,7170.0000,0.0000,0.0000,0.0000,0.0000,4,0,0,0,0,1,0,0,0,0
zc,TA212,2012-06-15 09:12:40.043,7162.0000,124,0,0.0000,0.0000,0,0,多换,B,7162.0000,0.0000,0.0000,0.0000,0.0000,7172.0000,0.0000,0.0000,0.0000,0.0000,4,0,0,0,0,1,0,0,0,0
zc,TA212,2012-06-15 09:12:49.510,7162.0000,124,0,0.0000,0.0000,0,0,多换,B,7162.0000,0.0000,0.0000,0.0000,0.0000,7174.0000,0.0000,0.0000,0.0000,0.0000,4,0,0,0,0,1,0,0,0,0
zc,TA212,2012-06-15 09:12:54.793,7162.0000,124,0,0.0000,0.0000,0,0,多换,B,7162.0000,0.0000,0.0000,0.0000,0.0000,7180.0000,0.0000,0.0000,0.0000,0.0000,4,0,0,0,0,1,0,0,0,0
zc,TA212,2012-06-15 09:12:55.997,7162.0000,124,0,0.0000,0.0000,0,0,多换,B,7162.0000,0.0000,0.0000,0.0000,0.0000,7180.0000,0.0000,0.0000,0.0000,0.0000,5,0,0,0,0,1,0,0,0,0
zc,TA212,2012-06-15 09:13:00.230,7162.0000,124,0,0.0000,0.0000,0,0,多换,B,7162.0000,0.0000,0.0000,0.0000,0.0000,7180.0000,0.0000,0.0000,0.0000,0.0000,4,0,0,0,0,1,0,0,0,0
zc,TA212,2012-06-15 09:13:00.980,7162.0000,124,0,0.0000,0.0000,0,0,多换,B,7162.0000,0.0000,0.0000,0.0000,0.0000,7180.0000,0.0000,0.0000,0.0000,0.0000,5,0,0,0,0,1,0,0,0,0
zc,TA212,2012-06-15 09:13:01.510,7162.0000,124,0,0.0000,0.0000,0,0,多换,B,7164.0000,0.0000,0.0000,0.0000,0.0000,7180.0000,0.0000,0.0000,0.0000,0.0000,1,0,0,0,0,1,0,0,0,0
zc,TA212,2012-06-15 09:13:02.260,7162.0000,124,0,0.0000,0.0000,0,0,多换,B,7162.0000,0.0000,0.0000,0.0000,0.0000,7178.0000,0.0000,0.0000,0.0000,0.0000,5,0,0,0,0,1,0,0,0,0
zc,TA212,2012-06-15 09:13:03.997,7162.0000,124,0,0.0000,0.0000,0,0,多换,B,7162.0000,0.0000,0.0000,0.0000,0.0000,7180.0000,0.0000,0.0000,0.0000,0.0000,5,0,0,0,0,1,0,0,0,0
zc,TA212,2012-06-15 09:13:05.213,7162.0000,124,0,0.0000,0.0000,0,0,多换,B,7164.0000,0.0000,0.0000,0.0000,0.0000,7180.0000,0.0000,0.0000,0.0000,0.0000,1,0,0,0,0,1,0,0,0,0
zc,TA212,2012-06-15 09:13:05.747,7162.0000,124,0,0.0000,0.0000,0,0,多换,B,7162.0000,0.0000,0.0000,0.0000,0.0000,7178.0000,0.0000,0.0000,0.0000,0.0000,5,0,0,0,0,1,0,0,0,0
zc,TA212,2012-06-15 09:13:07.713,7162.0000,124,0,0.0000,0.0000,0,0,多换,B,7162.0000,0.0000,0.0000,0.0000,0.0000,7180.0000,0.0000,0.0000,0.0000,0.0000,5,0,0,0,0,1,0,0,0,0
zc,TA212,2012-06-15 09:13:08.230,7162.0000,124,0,0.0000,0.0000,0,0,多换,B,7162.0000,0.0000,0.0000,0.0000,0.0000,7178.0000,0.0000,0.0000,0.0000,0.0000,5,0,0,0,0,1,0,0,0,0
zc,TA212,2012-06-15 09:13:09.010,7162.0000,124,0,0.0000,0.0000,0,0,多换,B,7164.0000,0.0000,0.0000,0.0000,0.0000,7180.0000,0.0000,0.0000,0.0000,0.0000,1,0,0,0,0,1,0,0,0,0
zc,TA212,2012-06-15 09:13:09.497,7162.0000,124,0,0.0000,0.0000,0,0,多换,B,7162.0000,0.0000,0.0000,0.0000,0.0000,7180.0000,0.0000,0.0000,0.0000,0.0000,5,0,0,0,0,1,0,0,0,0
zc,TA212,2012-06-15 09:13:10.230,7162.0000,124,0,0.0000,0.0000,0,0,多换,B,7162.0000,0.0000,0.0000,0.0000,0.0000,7178.0000,0.0000,0.0000,0.0000,0.0000,5,0,0,0,0,1,0,0,0,0
zc,TA212,2012-06-15 09:13:16.307,7162.0000,124,0,0.0000,0.0000,0,0,多换,B,7162.0000,0.0000,0.0000,0.0000,0.0000,7176.0000,0.0000,0.0000,0.0000,0.0000,4,0,0,0,0,1,0,0,0,0
zc,TA212,2012-06-15 09:13:21.497,7162.0000,124,0,0.0000,0.0000,0,0,多换,B,7162.0000,0.0000,0.0000,0.0000,0.0000,7174.0000,0.0000,0.0000,0.0000,0.0000,4,0,0,0,0,1,0,0,0,0
zc,TA212,2012-06-15 09:13:23.247,7162.0000,124,0,0.0000,0.0000,0,0,多换,B,7162.0000,0.0000,0.0000,0.0000,0.0000,7176.0000,0.0000,0.0000,0.0000,0.0000,4,0,0,0,0,1,0,0,0,0
zc,TA212,2012-06-15 09:13:24.793,7162.0000,124,0,0.0000,0.0000,0,0,多换,B,7162.0000,0.0000,0.0000,0.0000,0.0000,7174.0000,0.0000,0.0000,0.0000,0.0000,4,0,0,0,0,1,0,0,0,0
zc,TA212,2012-06-15 09:13:26.497,7162.0000,124,0,0.0000,0.0000,0,0,多换,B,7162.0000,0.0000,0.0000,0.0000,0.0000,7176.0000,0.0000,0.0000,0.0000,0.0000,4,0,0,0,0,1,0,0,0,0
zc,TA212,2012-06-15 09:13:29.010,7162.0000,124,0,0.0000,0.0000,0,0,多换,B,7162.0000,0.0000,0.0000,0.0000,0.0000,7174.0000,0.0000,0.0000,0.0000,0.0000,4,0,0,0,0,1,0,0,0,0
zc,TA212,2012-06-15 09:13:29.510,7162.0000,124,0,0.0000,0.0000,0,0,多换,B,7162.0000,0.0000,0.0000,0.0000,0.0000,7176.0000,0.0000,0.0000,0.0000,0.0000,4,0,0,0,0,1,0,0,0,0
zc,TA212,2012-06-15 09:13:40.213,7162.0000,124,0,0.0000,0.0000,0,0,多换,B,7162.0000,0.0000,0.0000,0.0000,0.0000,7174.0000,0.0000,0.0000,0.0000,0.0000,4,0,0,0,0,1,0,0,0,0
zc,TA212,2012-06-15 09:13:44.760,7162.0000,124,0,0.0000,0.0000,0,0,多换,B,7162.0000,0.0000,0.0000,0.0000,0.0000,7176.0000,0.0000,0.0000,0.0000,0.0000,4,0,0,0,0,1,0,0,0,0
zc,TA212,2012-06-15 09:13:46.510,7162.0000,124,0,0.0000,0.0000,0,0,多换,B,7162.0000,0.0000,0.0000,0.0000,0.0000,7174.0000,0.0000,0.0000,0.0000,0.0000,4,0,0,0,0,1,0,0,0,0
zc,TA212,2012-06-15 09:14:02.010,7162.0000,124,0,0.0000,0.0000,0,0,多换,B,7162.0000,0.0000,0.0000,0.0000,0.0000,7176.0000,0.0000,0.0000,0.0000,0.0000,4,0,0,0,0,1,0,0,0,0
zc,TA212,2012-06-15 09:14:11.043,7162.0000,124,0,0.0000,0.0000,0,0,多换,B,7162.0000,0.0000,0.0000,0.0000,0.0000,7176.0000,0.0000,0.0000,0.0000,0.0000,5,0,0,0,0,1,0,0,0,0
zc,TA212,2012-06-15 09:14:24.760,7162.0000,124,0,0.0000,0.0000,0,0,多换,B,7162.0000,0.0000,0.0000,0.0000,0.0000,7176.0000,0.0000,0.0000,0.0000,0.0000,4,0,0,0,0,1,0,0,0,0
zc,TA212,2012-06-15 09:14:25.247,7162.0000,124,0,0.0000,0.0000,0,0,多换,B,7162.0000,0.0000,0.0000,0.0000,0.0000,7174.0000,0.0000,0.0000,0.0000,0.0000,4,0,0,0,0,1,0,0,0,0
zc,TA212,2012-06-15 09:14:30.183,7162.0000,124,0,0.0000,0.0000,0,0,多换,B,7162.0000,0.0000,0.0000,0.0000,0.0000,7174.0000,0.0000,0.0000,0.0000,0.0000,4,0,0,0,0,1,0,0,0,0
zc,TA212,2012-06-15 09:14:39.230,7162.0000,124,0,0.0000,0.0000,0,0,多换,B,7162.0000,0.0000,0.0000,0.0000,0.0000,7176.0000,0.0000,0.0000,0.0000,0.0000,4,0,0,0,0,1,0,0,0,0
zc,TA212,2012-06-15 09:14:39.793,7162.0000,124,0,0.0000,0.0000,0,0,多换,B,7162.0000,0.0000,0.0000,0.0000,0.0000,7174.0000,0.0000,0.0000,0.0000,0.0000,4,0,0,0,0,1,0,0,0,0
zc,TA212,2012-06-15 09:14:46.043,7162.0000,124,0,0.0000,0.0000,0,0,多换,B,7162.0000,0.0000,0.0000,0.0000,0.0000,7172.0000,0.0000,0.0000,0.0000,0.0000,4,0,0,0,0,1,0,0,0,0
zc,TA212,2012-06-15 09:14:46.510,7162.0000,124,0,0.0000,0.0000,0,0,多换,B,7162.0000,0.0000,0.0000,0.0000,0.0000,7174.0000,0.0000,0.0000,0.0000,0.0000,4,0,0,0,0,1,0,0,0,0
zc,TA212,2012-06-15 09:14:58.543,7162.0000,124,0,0.0000,0.0000,0,0,多换,B,7162.0000,0.0000,0.0000,0.0000,0.0000,7176.0000,0.0000,0.0000,0.0000,0.0000,5,0,0,0,0,1,0,0,0,0
zc,TA212,2012-06-15 09:15:07.057,7162.0000,124,0,0.0000,0.0000,0,0,多换,B,7162.0000,0.0000,0.0000,0.0000,0.0000,7174.0000,0.0000,0.0000,0.0000,0.0000,4,0,0,0,0,1,0,0,0,0
zc,TA212,2012-06-15 09:15:07.510,7162.0000,124,0,0.0000,0.0000,0,0,多换,B,7162.0000,0.0000,0.0000,0.0000,0.0000,7176.0000,0.0000,0.0000,0.0000,0.0000,5,0,0,0,0,1,0,0,0,0
zc,TA212,2012-06-15 09:15:13.777,7162.0000,124,0,0.0000,0.0000,0,0,多换,B,7162.0000,0.0000,0.0000,0.0000,0.0000,7174.0000,0.0000,0.0000,0.0000,0.0000,4,0,0,0,0,1,0,0,0,0
zc,TA212,2012-06-15 09:15:16.260,7162.0000,124,0,0.0000,0.0000,0,0,多换,B,7162.0000,0.0000,0.0000,0.0000,0.0000,7176.0000,0.0000,0.0000,0.0000,0.0000,4,0,0,0,0,1,0,0,0,0
zc,TA212,2012-06-15 09:15:16.747,7162.0000,124,0,0.0000,0.0000,0,0,多换,B,7162.0000,0.0000,0.0000,0.0000,0.0000,7174.0000,0.0000,0.0000,0.0000,0.0000,4,0,0,0,0,1,0,0,0,0
zc,TA212,2012-06-15 09:15:27.510,7162.0000,124,0,0.0000,0.0000,0,0,多换,B,7162.0000,0.0000,0.0000,0.0000,0.0000,7172.0000,0.0000,0.0000,0.0000,0.0000,4,0,0,0,0,1,0,0,0,0
zc,TA212,2012-06-15 09:15:28.510,7162.0000,124,0,0.0000,0.0000,0,0,多换,B,7162.0000,0.0000,0.0000,0.0000,0.0000,7174.0000,0.0000,0.0000,0.0000,0.0000,4,0,0,0,0,1,0,0,0,0
zc,TA212,2012-06-15 09:15:41.777,7162.0000,124,0,0.0000,0.0000,0,0,多换,B,7162.0000,0.0000,0.0000,0.0000,0.0000,7172.0000,0.0000,0.0000,0.0000,0.0000,4,0,0,0,0,1,0,0,0,0
zc,TA212,2012-06-15 09:15:49.497,7162.0000,124,0,0.0000,0.0000,0,0,多换,B,7162.0000,0.0000,0.0000,0.0000,0.0000,7170.0000,0.0000,0.0000,0.0000,0.0000,4,0,0,0,0,1,0,0,0,0
zc,TA212,2012-06-15 09:15:54.510,7162.0000,124,0,0.0000,0.0000,0,0,多换,B,7162.0000,0.0000,0.0000,0.0000,0.0000,7172.0000,0.0000,0.0000,0.0000,0.0000,4,0,0,0,0,1,0,0,0,0
zc,TA212,2012-06-15 09:16:00.277,7162.0000,124,0,0.0000,0.0000,0,0,多换,B,7162.0000,0.0000,0.0000,0.0000,0.0000,7168.0000,0.0000,0.0000,0.0000,0.0000,4,0,0,0,0,1,0,0,0,0
zc,TA212,2012-06-15 09:16:01.293,7162.0000,124,0,0.0000,0.0000,0,0,多换,B,7162.0000,0.0000,0.0000,0.0000,0.0000,7170.0000,0.0000,0.0000,0.0000,0.0000,4,0,0,0,0,1,0,0,0,0
zc,TA212,2012-06-15 09:16:02.527,7162.0000,124,0,0.0000,0.0000,0,0,多换,B,7162.0000,0.0000,0.0000,0.0000,0.0000,7168.0000,0.0000,0.0000,0.0000,0.0000,4,0,0,0,0,1,0,0,0,0
zc,TA212,2012-06-15 09:16:03.730,7162.0000,124,0,0.0000,0.0000,0,0,多换,B,7162.0000,0.0000,0.0000,0.0000,0.0000,7170.0000,0.0000,0.0000,0.0000,0.0000,4,0,0,0,0,1,0,0,0,0
zc,TA212,2012-06-15 09:16:04.293,7162.0000,124,0,0.0000,0.0000,0,0,多换,B,7162.0000,0.0000,0.0000,0.0000,0.0000,7168.0000,0.0000,0.0000,0.0000,0.0000,4,0,0,0,0,1,0,0,0,0
zc,TA212,2012-06-15 09:16:09.073,7162.0000,124,0,0.0000,0.0000,0,0,多换,B,7162.0000,0.0000,0.0000,0.0000,0.0000,7166.0000,0.0000,0.0000,0.0000,0.0000,4,0,0,0,0,1,0,0,0,0
zc,TA212,2012-06-15 09:16:15.747,7162.0000,124,0,0.0000,0.0000,0,0,多换,B,7162.0000,0.0000,0.0000,0.0000,0.0000,7164.0000,0.0000,0.0000,0.0000,0.0000,4,0,0,0,0,1,0,0,0,0
zc,TA212,2012-06-15 09:16:17.010,7162.0000,124,0,0.0000,2.0000,1,1,多换,B,7162.0000,0.0000,0.0000,0.0000,0.0000,7166.0000,0.0000,0.0000,0.0000,0.0000,3,0,0,0,0,1,0,0,0,0
zc,TA212,2012-06-15 09:16:17.497,7162.0000,124,0,0.0000,4.0000,2,2,多换,B,7162.0000,0.0000,0.0000,0.0000,0.0000,7168.0000,0.0000,0.0000,0.0000,0.0000,1,0,0,0,0,1,0,0,0,0
zc,TA212,2012-06-15 09:16:19.997,7162.0000,124,0,0.0000,0.0000,0,0,多换,B,7162.0000,0.0000,0.0000,0.0000,0.0000,7166.0000,0.0000,0.0000,0.0000,0.0000,1,0,0,0,0,1,0,0,0,0
zc,TA212,2012-06-15 09:16:20.510,7162.0000,124,0,0.0000,0.0000,0,0,多换,B,7162.0000,0.0000,0.0000,0.0000,0.0000,7168.0000,0.0000,0.0000,0.0000,0.0000,1,0,0,0,0,1,0,0,0,0
zc,TA212,2012-06-15 09:16:20.997,7162.0000,124,0,0.0000,0.0000,0,0,多换,B,7162.0000,0.0000,0.0000,0.0000,0.0000,7166.0000,0.0000,0.0000,0.0000,0.0000,1,0,0,0,0,1,0,0,0,0
zc,TA212,2012-06-15 09:16:23.997,7162.0000,124,0,0.0000,0.0000,0,0,多换,B,7162.0000,0.0000,0.0000,0.0000,0.0000,7168.0000,0.0000,0.0000,0.0000,0.0000,1,0,0,0,0,1,0,0,0,0
zc,TA212,2012-06-15 09:16:26.510,7162.0000,124,0,0.0000,0.0000,0,0,多换,B,7162.0000,0.0000,0.0000,0.0000,0.0000,7166.0000,0.0000,0.0000,0.0000,0.0000,1,0,0,0,0,1,0,0,0,0
zc,TA212,2012-06-15 09:16:27.510,7162.0000,124,0,0.0000,0.0000,0,0,多换,B,7162.0000,0.0000,0.0000,0.0000,0.0000,7168.0000,0.0000,0.0000,0.0000,0.0000,1,0,0,0,0,1,0,0,0,0
zc,TA212,2012-06-15 09:16:31.793,7162.0000,124,0,0.0000,0.0000,0,0,多换,B,7162.0000,0.0000,0.0000,0.0000,0.0000,7166.0000,0.0000,0.0000,0.0000,0.0000,1,0,0,0,0,1,0,0,0,0
zc,TA212,2012-06-15 09:16:32.543,7162.0000,124,0,0.0000,0.0000,0,0,多换,B,7162.0000,0.0000,0.0000,0.0000,0.0000,7168.0000,0.0000,0.0000,0.0000,0.0000,1,0,0,0,0,1,0,0,0,0
zc,TA212,2012-06-15 09:16:34.323,7162.0000,124,0,0.0000,0.0000,0,0,多换,B,7162.0000,0.0000,0.0000,0.0000,0.0000,7166.0000,0.0000,0.0000,0.0000,0.0000,1,0,0,0,0,1,0,0,0,0
zc,TA212,2012-06-15 09:16:35.027,7162.0000,124,0,0.0000,2.0000,1,1,多换,B,7152.0000,0.0000,0.0000,0.0000,0.0000,7160.0000,0.0000,0.0000,0.0000,0.0000,5,0,0,0,0,3,0,0,0,0
zc,TA212,2012-06-15 09:16:36.027,7162.0000,124,0,0.0000,0.0000,0,0,多换,B,7152.0000,0.0000,0.0000,0.0000,0.0000,7166.0000,0.0000,0.0000,0.0000,0.0000,5,0,0,0,0,1,0,0,0,0
zc,TA212,2012-06-15 09:16:46.010,7162.0000,124,0,0.0000,0.0000,0,0,多换,B,7152.0000,0.0000,0.0000,0.0000,0.0000,7164.0000,0.0000,0.0000,0.0000,0.0000,5,0,0,0,0,1,0,0,0,0
zc,TA212,2012-06-15 09:16:51.260,7162.0000,124,0,0.0000,0.0000,0,0,多换,B,7152.0000,0.0000,0.0000,0.0000,0.0000,7166.0000,0.0000,0.0000,0.0000,0.0000,5,0,0,0,0,1,0,0,0,0
zc,TA212,2012-06-15 09:16:54.760,7162.0000,124,0,0.0000,0.0000,0,0,多换,B,7152.0000,0.0000,0.0000,0.0000,0.0000,7164.0000,0.0000,0.0000,0.0000,0.0000,5,0,0,0,0,1,0,0,0,0
zc,TA212,2012-06-15 09:16:55.293,7162.0000,124,0,0.0000,0.0000,0,0,多换,B,7152.0000,0.0000,0.0000,0.0000,0.0000,7166.0000,0.0000,0.0000,0.0000,0.0000,5,0,0,0,0,1,0,0,0,0
zc,TA212,2012-06-15 09:16:55.980,7162.0000,124,0,0.0000,0.0000,0,0,多换,B,7152.0000,0.0000,0.0000,0.0000,0.0000,7164.0000,0.0000,0.0000,0.0000,0.0000,5,0,0,0,0,1,0,0,0,0
zc,TA212,2012-06-15 09:16:57.463,7162.0000,124,0,0.0000,0.0000,0,0,多换,B,7152.0000,0.0000,0.0000,0.0000,0.0000,7166.0000,0.0000,0.0000,0.0000,0.0000,5,0,0,0,0,1,0,0,0,0
zc,TA212,2012-06-15 09:16:58.230,7162.0000,124,0,0.0000,0.0000,0,0,多换,B,7152.0000,0.0000,0.0000,0.0000,0.0000,7164.0000,0.0000,0.0000,0.0000,0.0000,5,0,0,0,0,1,0,0,0,0
zc,TA212,2012-06-15 09:16:59.230,7162.0000,124,0,0.0000,0.0000,0,0,多换,B,7152.0000,0.0000,0.0000,0.0000,0.0000,7166.0000,0.0000,0.0000,0.0000,0.0000,5,0,0,0,0,1,0,0,0,0
zc,TA212,2012-06-15 09:16:59.997,7162.0000,124,0,0.0000,0.0000,0,0,多换,B,7152.0000,0.0000,0.0000,0.0000,0.0000,7164.0000,0.0000,0.0000,0.0000,0.0000,5,0,0,0,0,1,0,0,0,0
zc,TA212,2012-06-15 09:17:09.277,7162.0000,124,0,0.0000,0.0000,0,0,多换,B,7152.0000,0.0000,0.0000,0.0000,0.0000,7166.0000,0.0000,0.0000,0.0000,0.0000,5,0,0,0,0,1,0,0,0,0
zc,TA212,2012-06-15 09:17:29.230,7162.0000,124,0,0.0000,0.0000,0,0,多换,B,7152.0000,0.0000,0.0000,0.0000,0.0000,7164.0000,0.0000,0.0000,0.0000,0.0000,5,0,0,0,0,1,0,0,0,0
zc,TA212,2012-06-15 09:18:39.010,7162.0000,124,0,0.0000,0.0000,0,0,多换,B,7152.0000,0.0000,0.0000,0.0000,0.0000,7162.0000,0.0000,0.0000,0.0000,0.0000,5,0,0,0,0,1,0,0,0,0
zc,TA212,2012-06-15 09:18:39.997,7162.0000,124,0,0.0000,0.0000,0,0,多换,B,7152.0000,0.0000,0.0000,0.0000,0.0000,7164.0000,0.0000,0.0000,0.0000,0.0000,5,0,0,0,0,1,0,0,0,0
zc,TA212,2012-06-15 09:18:44.747,7162.0000,124,0,0.0000,0.0000,0,0,多换,B,7152.0000,0.0000,0.0000,0.0000,0.0000,7162.0000,0.0000,0.0000,0.0000,0.0000,5,0,0,0,0,1,0,0,0,0
zc,TA212,2012-06-15 09:18:45.997,7162.0000,124,0,0.0000,0.0000,0,0,多换,B,7152.0000,0.0000,0.0000,0.0000,0.0000,7164.0000,0.0000,0.0000,0.0000,0.0000,5,0,0,0,0,1,0,0,0,0
zc,TA212,2012-06-15 09:19:30.480,7162.0000,124,0,0.0000,0.0000,0,0,多换,B,7152.0000,0.0000,0.0000,0.0000,0.0000,7164.0000,0.0000,0.0000,0.0000,0.0000,5,0,0,0,0,1,0,0,0,0
zc,TA212,2012-06-15 09:19:31.230,7162.0000,124,0,0.0000,0.0000,0,0,多换,B,7152.0000,0.0000,0.0000,0.0000,0.0000,7162.0000,0.0000,0.0000,0.0000,0.0000,5,0,0,0,0,1,0,0,0,0
zc,TA212,2012-06-15 09:19:31.527,7162.0000,124,0,0.0000,0.0000,0,0,多换,B,7152.0000,0.0000,0.0000,0.0000,0.0000,7164.0000,0.0000,0.0000,0.0000,0.0000,5,0,0,0,0,1,0,0,0,0
zc,TA212,2012-06-15 09:19:32.777,7162.0000,124,0,0.0000,0.0000,0,0,多换,B,7152.0000,0.0000,0.0000,0.0000,0.0000,7162.0000,0.0000,0.0000,0.0000,0.0000,5,0,0,0,0,1,0,0,0,0
zc,TA212,2012-06-15 09:19:35.747,7162.0000,124,0,0.0000,0.0000,0,0,多换,B,7152.0000,0.0000,0.0000,0.0000,0.0000,7164.0000,0.0000,0.0000,0.0000,0.0000,5,0,0,0,0,1,0,0,0,0
zc,TA212,2012-06-15 09:19:38.480,7162.0000,124,0,0.0000,0.0000,0,0,多换,B,7152.0000,0.0000,0.0000,0.0000,0.0000,7162.0000,0.0000,0.0000,0.0000,0.0000,5,0,0,0,0,1,0,0,0,0
zc,TA212,2012-06-15 09:19:52.760,7162.0000,124,0,0.0000,0.0000,0,0,多换,B,7152.0000,0.0000,0.0000,0.0000,0.0000,7162.0000,0.0000,0.0000,0.0000,0.0000,5,0,0,0,0,4,0,0,0,0
zc,TA212,2012-06-15 09:19:59.980,7162.0000,124,0,0.0000,0.0000,0,0,多换,B,7152.0000,0.0000,0.0000,0.0000,0.0000,7162.0000,0.0000,0.0000,0.0000,0.0000,5,0,0,0,0,3,0,0,0,0
zc,TA212,2012-06-15 09:20:02.497,7162.0000,124,0,0.0000,0.0000,0,0,多换,B,7152.0000,0.0000,0.0000,0.0000,0.0000,7162.0000,0.0000,0.0000,0.0000,0.0000,5,0,0,0,0,4,0,0,0,0
zc,TA212,2012-06-15 09:20:06.497,7162.0000,124,0,0.0000,0.0000,0,0,多换,B,7152.0000,0.0000,0.0000,0.0000,0.0000,7162.0000,0.0000,0.0000,0.0000,0.0000,5,0,0,0,0,1,0,0,0,0
zc,TA212,2012-06-15 09:20:26.997,7162.0000,124,0,0.0000,0.0000,0,0,多换,B,7152.0000,0.0000,0.0000,0.0000,0.0000,7164.0000,0.0000,0.0000,0.0000,0.0000,5,0,0,0,0,1,0,0,0,0
zc,TA212,2012-06-15 09:21:13.747,7162.0000,124,0,0.0000,0.0000,0,0,多换,B,7152.0000,0.0000,0.0000,0.0000,0.0000,7166.0000,0.0000,0.0000,0.0000,0.0000,5,0,0,0,0,1,0,0,0,0
zc,TA212,2012-06-15 09:21:17.247,7162.0000,124,0,0.0000,0.0000,0,0,多换,B,7152.0000,0.0000,0.0000,0.0000,0.0000,7164.0000,0.0000,0.0000,0.0000,0.0000,5,0,0,0,0,1,0,0,0,0
zc,TA212,2012-06-15 09:21:18.277,7162.0000,124,0,0.0000,0.0000,0,0,多换,B,7152.0000,0.0000,0.0000,0.0000,0.0000,7166.0000,0.0000,0.0000,0.0000,0.0000,5,0,0,0,0,1,0,0,0,0
zc,TA212,2012-06-15 09:21:19.230,7162.0000,124,0,0.0000,0.0000,0,0,多换,B,7152.0000,0.0000,0.0000,0.0000,0.0000,7164.0000,0.0000,0.0000,0.0000,0.0000,5,0,0,0,0,1,0,0,0,0
zc,TA212,2012-06-15 09:21:26.247,7162.0000,124,0,0.0000,0.0000,0,0,多换,B,7152.0000,0.0000,0.0000,0.0000,0.0000,7166.0000,0.0000,0.0000,0.0000,0.0000,5,0,0,0,0,1,0,0,0,0
zc,TA212,2012-06-15 09:21:29.480,7152.0000,134,10,0.0000,10.0000,10,0,双开,S,7150.0000,0.0000,0.0000,0.0000,0.0000,7152.0000,0.0000,0.0000,0.0000,0.0000,1,0,0,0,0,45,0,0,0,0
zc,TA212,2012-06-15 09:21:29.950,7152.0000,134,0,0.0000,0.0000,0,0,空换,S,7150.0000,0.0000,0.0000,0.0000,0.0000,7152.0000,0.0000,0.0000,0.0000,0.0000,1,0,0,0,0,45,0,0,0,0
zc,TA212,2012-06-15 09:21:41.230,7152.0000,136,2,0.0000,2.0000,2,0,双开,S,7148.0000,0.0000,0.0000,0.0000,0.0000,7152.0000,0.0000,0.0000,0.0000,0.0000,1,0,0,0,0,44,0,0,0,0
zc,TA212,2012-06-15 09:21:42.497,7152.0000,136,0,0.0000,0.0000,0,0,空换,S,7148.0000,0.0000,0.0000,0.0000,0.0000,7152.0000,0.0000,0.0000,0.0000,0.0000,3,0,0,0,0,44,0,0,0,0
zc,TA212,2012-06-15 09:21:52.510,7152.0000,136,0,0.0000,0.0000,0,0,空换,S,7150.0000,0.0000,0.0000,0.0000,0.0000,7152.0000,0.0000,0.0000,0.0000,0.0000,1,0,0,0,0,44,0,0,0,0
zc,TA212,2012-06-15 09:21:54.463,7152.0000,136,0,0.0000,0.0000,0,0,空换,S,7150.0000,0.0000,0.0000,0.0000,0.0000,7168.0000,0.0000,0.0000,0.0000,0.0000,1,0,0,0,0,1,0,0,0,0
zc,TA212,2012-06-15 09:22:02.213,7152.0000,136,0,0.0000,0.0000,0,0,空换,S,7150.0000,0.0000,0.0000,0.0000,0.0000,7170.0000,0.0000,0.0000,0.0000,0.0000,1,0,0,0,0,1,0,0,0,0
zc,TA212,2012-06-15 09:22:03.497,7152.0000,136,0,0.0000,0.0000,0,0,空换,S,7150.0000,0.0000,0.0000,0.0000,0.0000,7168.0000,0.0000,0.0000,0.0000,0.0000,1,0,0,0,0,1,0,0,0,0
zc,TA212,2012-06-15 09:22:04.497,7152.0000,136,0,0.0000,0.0000,0,0,空换,S,7150.0000,0.0000,0.0000,0.0000,0.0000,7170.0000,0.0000,0.0000,0.0000,0.0000,1,0,0,0,0,1,0,0,0,0
zc,TA212,2012-06-15 09:22:07.777,7170.0000,132,-4,0.0000,4.0000,0,4,双平,B,7170.0000,0.0000,0.0000,0.0000,0.0000,7172.0000,0.0000,0.0000,0.0000,0.0000,4,0,0,0,0,1,0,0,0,0
zc,TA212,2012-06-15 09:22:08.510,7170.0000,128,-4,0.0000,4.0000,0,4,双平,B,7170.0000,0.0000,0.0000,0.0000,0.0000,7174.0000,0.0000,0.0000,0.0000,0.0000,2,0,0,0,0,1,0,0,0,0
zc,TA212,2012-06-15 09:22:08.747,7170.0000,124,-4,0.0000,4.0000,0,4,双平,B,7150.0000,0.0000,0.0000,0.0000,0.0000,7168.0000,0.0000,0.0000,0.0000,0.0000,1,0,0,0,0,1,0,0,0,0
zc,TA212,2012-06-15 09:22:10.213,7170.0000,124,0,0.0000,0.0000,0,0,多换,B,7150.0000,0.0000,0.0000,0.0000,0.0000,7172.0000,0.0000,0.0000,0.0000,0.0000,1,0,0,0,0,1,0,0,0,0
zc,TA212,2012-06-15 09:22:28.463,7170.0000,124,0,0.0000,0.0000,0,0,多换,B,7150.0000,0.0000,0.0000,0.0000,0.0000,7170.0000,0.0000,0.0000,0.0000,0.0000,1,0,0,0,0,1,0,0,0,0
zc,TA212,2012-06-15 09:22:29.950,7170.0000,124,0,0.0000,0.0000,0,0,多换,B,7150.0000,0.0000,0.0000,0.0000,0.0000,7170.0000,0.0000,0.0000,0.0000,0.0000,1,0,0,0,0,1,0,0,0,0
zc,TA212,2012-06-15 09:22:31.980,7170.0000,124,0,0.0000,0.0000,0,0,多换,B,7148.0000,0.0000,0.0000,0.0000,0.0000,7168.0000,0.0000,0.0000,0.0000,0.0000,3,0,0,0,0,2,0,0,0,0
zc,TA212,2012-06-15 09:22:40.213,7170.0000,124,0,0.0000,0.0000,0,0,多换,B,7148.0000,0.0000,0.0000,0.0000,0.0000,7168.0000,0.0000,0.0000,0.0000,0.0000,3,0,0,0,0,1,0,0,0,0
zc,TA212,2012-06-15 09:22:52.463,7170.0000,124,0,0.0000,0.0000,0,0,多换,B,7148.0000,0.0000,0.0000,0.0000,0.0000,7166.0000,0.0000,0.0000,0.0000,0.0000,2,0,0,0,0,1,0,0,0,0
zc,TA212,2012-06-15 09:23:01.980,7170.0000,124,0,0.0000,0.0000,0,0,多换,B,7148.0000,0.0000,0.0000,0.0000,0.0000,7164.0000,0.0000,0.0000,0.0000,0.0000,2,0,0,0,0,1,0,0,0,0
zc,TA212,2012-06-15 09:23:02.713,7170.0000,124,0,0.0000,0.0000,0,0,多换,B,7148.0000,0.0000,0.0000,0.0000,0.0000,7166.0000,0.0000,0.0000,0.0000,0.0000,3,0,0,0,0,2,0,0,0,0
zc,TA212,2012-06-15 09:23:10.730,7170.0000,124,0,0.0000,0.0000,0,0,多换,B,7148.0000,0.0000,0.0000,0.0000,0.0000,7166.0000,0.0000,0.0000,0.0000,0.0000,3,0,0,0,0,1,0,0,0,0
zc,TA212,2012-06-15 09:23:24.730,7170.0000,124,0,0.0000,0.0000,0,0,多换,B,7148.0000,0.0000,0.0000,0.0000,0.0000,7164.0000,0.0000,0.0000,0.0000,0.0000,2,0,0,0,0,1,0,0,0,0
zc,TA212,2012-06-15 09:24:21.543,7170.0000,124,0,0.0000,0.0000,0,0,多换,B,7146.0000,0.0000,0.0000,0.0000,0.0000,7164.0000,0.0000,0.0000,0.0000,0.0000,1,0,0,0,0,1,0,0,0,0
zc,TA212,2012-06-15 09:24:33.480,7170.0000,124,0,0.0000,0.0000,0,0,多换,B,7146.0000,0.0000,0.0000,0.0000,0.0000,7164.0000,0.0000,0.0000,0.0000,0.0000,1,0,0,0,0,2,0,0,0,0
zc,TA212,2012-06-15 09:24:37.260,7170.0000,124,0,0.0000,0.0000,0,0,多换,B,7148.0000,0.0000,0.0000,0.0000,0.0000,7164.0000,0.0000,0.0000,0.0000,0.0000,1,0,0,0,0,1,0,0,0,0
zc,TA212,2012-06-15 09:24:40.730,7170.0000,124,0,0.0000,0.0000,0,0,多换,B,7148.0000,0.0000,0.0000,0.0000,0.0000,7164.0000,0.0000,0.0000,0.0000,0.0000,3,0,0,0,0,1,0,0,0,0
zc,TA212,2012-06-15 09:24:42.463,7170.0000,124,0,0.0000,0.0000,0,0,多换,B,7150.0000,0.0000,0.0000,0.0000,0.0000,7164.0000,0.0000,0.0000,0.0000,0.0000,1,0,0,0,0,1,0,0,0,0
zc,TA212,2012-06-15 09:25:21.247,7170.0000,124,0,0.0000,0.0000,0,0,多换,B,7148.0000,0.0000,0.0000,0.0000,0.0000,7164.0000,0.0000,0.0000,0.0000,0.0000,3,0,0,0,0,1,0,0,0,0
zc,TA212,2012-06-15 09:25:30.713,7170.0000,124,0,0.0000,0.0000,0,0,多换,B,7150.0000,0.0000,0.0000,0.0000,0.0000,7164.0000,0.0000,0.0000,0.0000,0.0000,1,0,0,0,0,1,0,0,0,0
zc,TA212,2012-06-15 09:25:31.747,7170.0000,124,0,0.0000,0.0000,0,0,多换,B,7148.0000,0.0000,0.0000,0.0000,0.0000,7164.0000,0.0000,0.0000,0.0000,0.0000,3,0,0,0,0,1,0,0,0,0
zc,TA212,2012-06-15 09:25:37.713,7170.0000,124,0,0.0000,0.0000,0,0,多换,B,7148.0000,0.0000,0.0000,0.0000,0.0000,7164.0000,0.0000,0.0000,0.0000,0.0000,2,0,0,0,0,2,0,0,0,0
zc,TA212,2012-06-15 09:25:54.980,7170.0000,124,0,0.0000,0.0000,0,0,多换,B,7148.0000,0.0000,0.0000,0.0000,0.0000,7162.0000,0.0000,0.0000,0.0000,0.0000,2,0,0,0,0,1,0,0,0,0
zc,TA212,2012-06-15 09:26:05.730,7170.0000,124,0,0.0000,0.0000,0,0,多换,B,7144.0000,0.0000,0.0000,0.0000,0.0000,7162.0000,0.0000,0.0000,0.0000,0.0000,1,0,0,0,0,1,0,0,0,0
zc,TA212,2012-06-15 09:26:29.950,7170.0000,124,0,0.0000,0.0000,0,0,多换,B,7144.0000,0.0000,0.0000,0.0000,0.0000,7162.0000,0.0000,0.0000,0.0000,0.0000,1,0,0,0,0,1,0,0,0,0
zc,TA212,2012-06-15 09:26:40.247,7170.0000,124,0,0.0000,0.0000,0,0,多换,B,7142.0000,0.0000,0.0000,0.0000,0.0000,7160.0000,0.0000,0.0000,0.0000,0.0000,1,0,0,0,0,1,0,0,0,0
zc,TA212,2012-06-15 09:26:44.260,7170.0000,124,0,0.0000,0.0000,0,0,多换,B,7144.0000,0.0000,0.0000,0.0000,0.0000,7162.0000,0.0000,0.0000,0.0000,0.0000,1,0,0,0,0,1,0,0,0,0
zc,TA212,2012-06-15 09:27:13.260,7170.0000,124,0,0.0000,0.0000,0,0,多换,B,7144.0000,0.0000,0.0000,0.0000,0.0000,7162.0000,0.0000,0.0000,0.0000,0.0000,3,0,0,0,0,1,0,0,0,0
zc,TA212,2012-06-15 09:27:33.247,7170.0000,124,0,0.0000,0.0000,0,0,多换,B,7144.0000,0.0000,0.0000,0.0000,0.0000,7162.0000,0.0000,0.0000,0.0000,0.0000,1,0,0,0,0,1,0,0,0,0
zc,TA212,2012-06-15 09:28:04.980,7170.0000,124,0,0.0000,0.0000,0,0,多换,B,7142.0000,0.0000,0.0000,0.0000,0.0000,7160.0000,0.0000,0.0000,0.0000,0.0000,1,0,0,0,0,1,0,0,0,0
zc,TA212,2012-06-15 09:28:16.480,7170.0000,124,0,0.0000,0.0000,0,0,多换,B,7142.0000,0.0000,0.0000,0.0000,0.0000,7160.0000,0.0000,0.0000,0.0000,0.0000,1,0,0,0,0,2,0,0,0,0
zc,TA212,2012-06-15 09:28:20.980,7170.0000,124,0,0.0000,0.0000,0,0,多换,B,7144.0000,0.0000,0.0000,0.0000,0.0000,7160.0000,0.0000,0.0000,0.0000,0.0000,2,0,0,0,0,2,0,0,0,0
zc,TA212,2012-06-15 09:28:42.510,7170.0000,124,0,0.0000,0.0000,0,0,多换,B,7144.0000,0.0000,0.0000,0.0000,0.0000,7160.0000,0.0000,0.0000,0.0000,0.0000,2,0,0,0,0,1,0,0,0,0
zc,TA212,2012-06-15 09:28:43.730,7170.0000,124,0,0.0000,0.0000,0,0,多换,B,7144.0000,0.0000,0.0000,0.0000,0.0000,7160.0000,0.0000,0.0000,0.0000,0.0000,3,0,0,0,0,1,0,0,0,0
zc,TA212,2012-06-15 09:28:46.463,7170.0000,124,0,0.0000,0.0000,0,0,多换,B,7144.0000,0.0000,0.0000,0.0000,0.0000,7160.0000,0.0000,0.0000,0.0000,0.0000,2,0,0,0,0,2,0,0,0,0
zc,TA212,2012-06-15 09:28:51.480,7170.0000,124,0,0.0000,0.0000,0,0,多换,B,7144.0000,0.0000,0.0000,0.0000,0.0000,7160.0000,0.0000,0.0000,0.0000,0.0000,2,0,0,0,0,1,0,0,0,0
zc,TA212,2012-06-15 09:28:51.980,7170.0000,124,0,0.0000,0.0000,0,0,多换,B,7144.0000,0.0000,0.0000,0.0000,0.0000,7160.0000,0.0000,0.0000,0.0000,0.0000,3,0,0,0,0,1,0,0,0,0
zc,TA212,2012-06-15 09:28:56.010,7170.0000,124,0,0.0000,0.0000,0,0,多换,B,7144.0000,0.0000,0.0000,0.0000,0.0000,7160.0000,0.0000,0.0000,0.0000,0.0000,2,0,0,0,0,2,0,0,0,0
zc,TA212,2012-06-15 09:28:56.497,7170.0000,124,0,0.0000,0.0000,0,0,多换,B,7144.0000,0.0000,0.0000,0.0000,0.0000,7160.0000,0.0000,0.0000,0.0000,0.0000,2,0,0,0,0,1,0,0,0,0
zc,TA212,2012-06-15 09:28:57.463,7170.0000,124,0,0.0000,0.0000,0,0,多换,B,7144.0000,0.0000,0.0000,0.0000,0.0000,7160.0000,0.0000,0.0000,0.0000,0.0000,3,0,0,0,0,1,0,0,0,0
zc,TA212,2012-06-15 09:29:14.793,7170.0000,124,0,0.0000,0.0000,0,0,多换,B,7146.0000,0.0000,0.0000,0.0000,0.0000,7160.0000,0.0000,0.0000,0.0000,0.0000,1,0,0,0,0,1,0,0,0,0
zc,TA212,2012-06-15 09:29:15.247,7170.0000,124,0,0.0000,0.0000,0,0,多换,B,7144.0000,0.0000,0.0000,0.0000,0.0000,7160.0000,0.0000,0.0000,0.0000,0.0000,1,0,0,0,0,1,0,0,0,0
zc,TA212,2012-06-15 09:29:15.713,7170.0000,124,0,0.0000,0.0000,0,0,多换,B,7146.0000,0.0000,0.0000,0.0000,0.0000,7160.0000,0.0000,0.0000,0.0000,0.0000,1,0,0,0,0,1,0,0,0,0
zc,TA212,2012-06-15 09:29:19.760,7170.0000,124,0,0.0000,0.0000,0,0,多换,B,7146.0000,0.0000,0.0000,0.0000,0.0000,7160.0000,0.0000,0.0000,0.0000,0.0000,3,0,0,0,0,1,0,0,0,0
zc,TA212,2012-06-15 09:29:20.747,7170.0000,124,0,0.0000,0.0000,0,0,多换,B,7146.0000,0.0000,0.0000,0.0000,0.0000,7160.0000,0.0000,0.0000,0.0000,0.0000,2,0,0,0,0,1,0,0,0,0
zc,TA212,2012-06-15 09:29:29.963,7170.0000,124,0,0.0000,0.0000,0,0,多换,B,7146.0000,0.0000,0.0000,0.0000,0.0000,7160.0000,0.0000,0.0000,0.0000,0.0000,2,0,0,0,0,1,0,0,0,0
zc,TA212,2012-06-15 09:29:42.997,7170.0000,124,0,0.0000,0.0000,0,0,多换,B,7146.0000,0.0000,0.0000,0.0000,0.0000,7160.0000,0.0000,0.0000,0.0000,0.0000,3,0,0,0,0,1,0,0,0,0
zc,TA212,2012-06-15 09:30:15.963,7170.0000,124,0,0.0000,0.0000,0,0,多换,B,7148.0000,0.0000,0.0000,0.0000,0.0000,7160.0000,0.0000,0.0000,0.0000,0.0000,1,0,0,0,0,1,0,0,0,0
zc,TA212,2012-06-15 09:30:17.997,7170.0000,124,0,0.0000,0.0000,0,0,多换,B,7146.0000,0.0000,0.0000,0.0000,0.0000,7160.0000,0.0000,0.0000,0.0000,0.0000,3,0,0,0,0,1,0,0,0,0
zc,TA212,2012-06-15 09:30:18.730,7170.0000,124,0,0.0000,0.0000,0,0,多换,B,7148.0000,0.0000,0.0000,0.0000,0.0000,7160.0000,0.0000,0.0000,0.0000,0.0000,1,0,0,0,0,1,0,0,0,0
zc,TA212,2012-06-15 09:30:19.713,7170.0000,124,0,0.0000,0.0000,0,0,多换,B,7148.0000,0.0000,0.0000,0.0000,0.0000,7166.0000,0.0000,0.0000,0.0000,0.0000,1,0,0,0,0,1,0,0,0,0
zc,TA212,2012-06-15 09:30:27.213,7170.0000,124,0,0.0000,0.0000,0,0,多换,B,7150.0000,0.0000,0.0000,0.0000,0.0000,7168.0000,0.0000,0.0000,0.0000,0.0000,1,0,0,0,0,1,0,0,0,0
zc,TA212,2012-06-15 09:31:13.213,7170.0000,124,0,0.0000,0.0000,0,0,多换,B,7148.0000,0.0000,0.0000,0.0000,0.0000,7168.0000,0.0000,0.0000,0.0000,0.0000,1,0,0,0,0,1,0,0,0,0
zc,TA212,2012-06-15 09:31:16.213,7170.0000,124,0,0.0000,0.0000,0,0,多换,B,7150.0000,0.0000,0.0000,0.0000,0.0000,7168.0000,0.0000,0.0000,0.0000,0.0000,1,0,0,0,0,1,0,0,0,0
zc,TA212,2012-06-15 09:31:18.213,7170.0000,124,0,0.0000,0.0000,0,0,多换,B,7148.0000,0.0000,0.0000,0.0000,0.0000,7166.0000,0.0000,0.0000,0.0000,0.0000,1,0,0,0,0,1,0,0,0,0
zc,TA212,2012-06-15 09:31:21.213,7170.0000,124,0,0.0000,0.0000,0,0,多换,B,7150.0000,0.0000,0.0000,0.0000,0.0000,7168.0000,0.0000,0.0000,0.0000,0.0000,1,0,0,0,0,1,0,0,0,0
zc,TA212,2012-06-15 09:31:27.480,7170.0000,124,0,0.0000,0.0000,0,0,多换,B,7148.0000,0.0000,0.0000,0.0000,0.0000,7166.0000,0.0000,0.0000,0.0000,0.0000,1,0,0,0,0,1,0,0,0,0
zc,TA212,2012-06-15 09:31:40.777,7170.0000,124,0,0.0000,0.0000,0,0,多换,B,7146.0000,0.0000,0.0000,0.0000,0.0000,7164.0000,0.0000,0.0000,0.0000,0.0000,1,0,0,0,0,1,0,0,0,0
zc,TA212,2012-06-15 09:31:52.807,7170.0000,124,0,0.0000,0.0000,0,0,多换,B,7144.0000,0.0000,0.0000,0.0000,0.0000,7162.0000,0.0000,0.0000,0.0000,0.0000,1,0,0,0,0,1,0,0,0,0
zc,TA212,2012-06-15 09:32:03.980,7170.0000,124,0,0.0000,0.0000,0,0,多换,B,7142.0000,0.0000,0.0000,0.0000,0.0000,7160.0000,0.0000,0.0000,0.0000,0.0000,1,0,0,0,0,1,0,0,0,0
zc,TA212,2012-06-15 09:32:07.480,7170.0000,124,0,0.0000,0.0000,0,0,多换,B,7140.0000,0.0000,0.0000,0.0000,0.0000,7158.0000,0.0000,0.0000,0.0000,0.0000,2,0,0,0,0,1,0,0,0,0
zc,TA212,2012-06-15 09:32:29.230,7170.0000,124,0,0.0000,0.0000,0,0,多换,B,7140.0000,0.0000,0.0000,0.0000,0.0000,7156.0000,0.0000,0.0000,0.0000,0.0000,1,0,0,0,0,1,0,0,0,0
zc,TA212,2012-06-15 09:32:37.760,7170.0000,124,0,0.0000,0.0000,0,0,多换,B,7140.0000,0.0000,0.0000,0.0000,0.0000,7154.0000,0.0000,0.0000,0.0000,0.0000,1,0,0,0,0,1,0,0,0,0
zc,TA212,2012-06-15 09:32:56.980,7170.0000,124,0,0.0000,0.0000,0,0,多换,B,7140.0000,0.0000,0.0000,0.0000,0.0000,7156.0000,0.0000,0.0000,0.0000,0.0000,1,0,0,0,0,1,0,0,0,0
zc,TA212,2012-06-15 09:32:58.730,7170.0000,124,0,0.0000,0.0000,0,0,多换,B,7140.0000,0.0000,0.0000,0.0000,0.0000,7154.0000,0.0000,0.0000,0.0000,0.0000,1,0,0,0,0,1,0,0,0,0
zc,TA212,2012-06-15 09:32:59.997,7170.0000,124,0,0.0000,0.0000,0,0,多换,B,7140.0000,0.0000,0.0000,0.0000,0.0000,7156.0000,0.0000,0.0000,0.0000,0.0000,1,0,0,0,0,1,0,0,0,0
zc,TA212,2012-06-15 09:33:05.450,7170.0000,124,0,0.0000,0.0000,0,0,多换,B,7140.0000,0.0000,0.0000,0.0000,0.0000,7154.0000,0.0000,0.0000,0.0000,0.0000,1,0,0,0,0,1,0,0,0,0
zc,TA212,2012-06-15 09:33:06.213,7170.0000,124,0,0.0000,0.0000,0,0,多换,B,7140.0000,0.0000,0.0000,0.0000,0.0000,7156.0000,0.0000,0.0000,0.0000,0.0000,1,0,0,0,0,1,0,0,0,0
zc,TA212,2012-06-15 09:33:08.497,7170.0000,124,0,0.0000,0.0000,0,0,多换,B,7140.0000,0.0000,0.0000,0.0000,0.0000,7154.0000,0.0000,0.0000,0.0000,0.0000,1,0,0,0,0,1,0,0,0,0
zc,TA212,2012-06-15 09:33:10.213,7170.0000,124,0,0.0000,0.0000,0,0,多换,B,7140.0000,0.0000,0.0000,0.0000,0.0000,7156.0000,0.0000,0.0000,0.0000,0.0000,1,0,0,0,0,1,0,0,0,0
zc,TA212,2012-06-15 09:33:14.747,7170.0000,124,0,0.0000,0.0000,0,0,多换,B,7140.0000,0.0000,0.0000,0.0000,0.0000,7154.0000,0.0000,0.0000,0.0000,0.0000,1,0,0,0,0,1,0,0,0,0
zc,TA212,2012-06-15 09:33:15.480,7170.0000,124,0,0.0000,0.0000,0,0,多换,B,7140.0000,0.0000,0.0000,0.0000,0.0000,7156.0000,0.0000,0.0000,0.0000,0.0000,1,0,0,0,0,1,0,0,0,0
zc,TA212,2012-06-15 09:33:17.730,7170.0000,124,0,0.0000,0.0000,0,0,多换,B,7140.0000,0.0000,0.0000,0.0000,0.0000,7154.0000,0.0000,0.0000,0.0000,0.0000,1,0,0,0,0,1,0,0,0,0
zc,TA212,2012-06-15 09:33:18.213,7170.0000,124,0,0.0000,0.0000,0,0,多换,B,7140.0000,0.0000,0.0000,0.0000,0.0000,7156.0000,0.0000,0.0000,0.0000,0.0000,1,0,0,0,0,1,0,0,0,0
zc,TA212,2012-06-15 09:33:19.213,7170.0000,124,0,0.0000,0.0000,0,0,多换,B,7140.0000,0.0000,0.0000,0.0000,0.0000,7156.0000,0.0000,0.0000,0.0000,0.0000,3,0,0,0,0,1,0,0,0,0
zc,TA212,2012-06-15 09:33:23.713,7170.0000,124,0,0.0000,0.0000,0,0,多换,B,7140.0000,0.0000,0.0000,0.0000,0.0000,7154.0000,0.0000,0.0000,0.0000,0.0000,3,0,0,0,0,1,0,0,0,0
zc,TA212,2012-06-15 09:33:27.213,7170.0000,124,0,0.0000,0.0000,0,0,多换,B,7140.0000,0.0000,0.0000,0.0000,0.0000,7156.0000,0.0000,0.0000,0.0000,0.0000,3,0,0,0,0,1,0,0,0,0
zc,TA212,2012-06-15 09:33:37.950,7170.0000,124,0,0.0000,0.0000,0,0,多换,B,7140.0000,0.0000,0.0000,0.0000,0.0000,7154.0000,0.0000,0.0000,0.0000,0.0000,3,0,0,0,0,1,0,0,0,0
zc,TA212,2012-06-15 09:34:09.497,7170.0000,124,0,0.0000,0.0000,0,0,多换,B,7140.0000,0.0000,0.0000,0.0000,0.0000,7154.0000,0.0000,0.0000,0.0000,0.0000,1,0,0,0,0,1,0,0,0,0
zc,TA212,2012-06-15 09:34:11.963,7170.0000,124,0,0.0000,0.0000,0,0,多换,B,7140.0000,0.0000,0.0000,0.0000,0.0000,7154.0000,0.0000,0.0000,0.0000,0.0000,1,0,0,0,0,2,0,0,0,0
zc,TA212,2012-06-15 09:34:24.260,7170.0000,124,0,0.0000,0.0000,0,0,多换,B,7140.0000,0.0000,0.0000,0.0000,0.0000,7152.0000,0.0000,0.0000,0.0000,0.0000,1,0,0,0,0,1,0,0,0,0
zc,TA212,2012-06-15 09:34:27.963,7170.0000,124,0,0.0000,0.0000,0,0,多换,B,7140.0000,0.0000,0.0000,0.0000,0.0000,7154.0000,0.0000,0.0000,0.0000,0.0000,1,0,0,0,0,1,0,0,0,0
zc,TA212,2012-06-15 09:34:28.497,7170.0000,124,0,0.0000,0.0000,0,0,多换,B,7140.0000,0.0000,0.0000,0.0000,0.0000,7152.0000,0.0000,0.0000,0.0000,0.0000,1,0,0,0,0,1,0,0,0,0
zc,TA212,2012-06-15 09:34:37.247,7170.0000,124,0,0.0000,0.0000,0,0,多换,B,7140.0000,0.0000,0.0000,0.0000,0.0000,7154.0000,0.0000,0.0000,0.0000,0.0000,1,0,0,0,0,1,0,0,0,0
zc,TA212,2012-06-15 09:34:37.713,7170.0000,124,0,0.0000,0.0000,0,0,多换,B,7140.0000,0.0000,0.0000,0.0000,0.0000,7152.0000,0.0000,0.0000,0.0000,0.0000,1,0,0,0,0,1,0,0,0,0
zc,TA212,2012-06-15 09:34:38.760,7170.0000,124,0,0.0000,0.0000,0,0,多换,B,7140.0000,0.0000,0.0000,0.0000,0.0000,7154.0000,0.0000,0.0000,0.0000,0.0000,1,0,0,0,0,1,0,0,0,0
zc,TA212,2012-06-15 09:34:46.497,7170.0000,124,0,0.0000,0.0000,0,0,多换,B,7140.0000,0.0000,0.0000,0.0000,0.0000,7152.0000,0.0000,0.0000,0.0000,0.0000,1,0,0,0,0,1,0,0,0,0
zc,TA212,2012-06-15 09:34:47.777,7170.0000,124,0,0.0000,0.0000,0,0,多换,B,7140.0000,0.0000,0.0000,0.0000,0.0000,7154.0000,0.0000,0.0000,0.0000,0.0000,1,0,0,0,0,1,0,0,0,0
zc,TA212,2012-06-15 09:35:14.463,7170.0000,124,0,0.0000,0.0000,0,0,多换,B,7140.0000,0.0000,0.0000,0.0000,0.0000,7152.0000,0.0000,0.0000,0.0000,0.0000,1,0,0,0,0,1,0,0,0,0
zc,TA212,2012-06-15 09:35:22.980,7170.0000,124,0,0.0000,0.0000,0,0,多换,B,7140.0000,0.0000,0.0000,0.0000,0.0000,7154.0000,0.0000,0.0000,0.0000,0.0000,1,0,0,0,0,1,0,0,0,0
zc,TA212,2012-06-15 09:35:30.730,7170.0000,124,0,0.0000,0.0000,0,0,多换,B,7140.0000,0.0000,0.0000,0.0000,0.0000,7152.0000,0.0000,0.0000,0.0000,0.0000,1,0,0,0,0,1,0,0,0,0
zc,TA212,2012-06-15 09:35:40.997,7170.0000,124,0,0.0000,0.0000,0,0,多换,B,7140.0000,0.0000,0.0000,0.0000,0.0000,7154.0000,0.0000,0.0000,0.0000,0.0000,1,0,0,0,0,1,0,0,0,0
zc,TA212,2012-06-15 09:35:44.997,7170.0000,124,0,0.0000,0.0000,0,0,多换,B,7140.0000,0.0000,0.0000,0.0000,0.0000,7152.0000,0.0000,0.0000,0.0000,0.0000,1,0,0,0,0,1,0,0,0,0
zc,TA212,2012-06-15 09:35:55.480,7170.0000,124,0,0.0000,0.0000,0,0,多换,B,7140.0000,0.0000,0.0000,0.0000,0.0000,7150.0000,0.0000,0.0000,0.0000,0.0000,1,0,0,0,0,1,0,0,0,0
zc,TA212,2012-06-15 09:35:59.450,7170.0000,124,0,0.0000,0.0000,0,0,多换,B,7140.0000,0.0000,0.0000,0.0000,0.0000,7148.0000,0.0000,0.0000,0.0000,0.0000,1,0,0,0,0,1,0,0,0,0
zc,TA212,2012-06-15 09:36:07.980,7170.0000,124,0,0.0000,0.0000,0,0,多换,B,7140.0000,0.0000,0.0000,0.0000,0.0000,7146.0000,0.0000,0.0000,0.0000,0.0000,1,0,0,0,0,1,0,0,0,0
zc,TA212,2012-06-15 09:36:11.260,7170.0000,124,0,0.0000,0.0000,0,0,多换,B,7140.0000,0.0000,0.0000,0.0000,0.0000,7144.0000,0.0000,0.0000,0.0000,0.0000,1,0,0,0,0,1,0,0,0,0
zc,TA212,2012-06-15 09:36:12.230,7170.0000,124,0,0.0000,0.0000,0,0,多换,B,7140.0000,0.0000,0.0000,0.0000,0.0000,7146.0000,0.0000,0.0000,0.0000,0.0000,1,0,0,0,0,1,0,0,0,0
zc,TA212,2012-06-15 09:36:14.730,7170.0000,124,0,0.0000,0.0000,0,0,多换,B,7140.0000,0.0000,0.0000,0.0000,0.0000,7144.0000,0.0000,0.0000,0.0000,0.0000,1,0,0,0,0,1,0,0,0,0
zc,TA212,2012-06-15 09:36:15.213,7170.0000,124,0,0.0000,0.0000,0,0,多换,B,7140.0000,0.0000,0.0000,0.0000,0.0000,7146.0000,0.0000,0.0000,0.0000,0.0000,1,0,0,0,0,1,0,0,0,0
zc,TA212,2012-06-15 09:36:16.950,7140.0000,124,0,0.0000,2.0000,1,1,空换,S,7132.0000,0.0000,0.0000,0.0000,0.0000,7144.0000,0.0000,0.0000,0.0000,0.0000,5,0,0,0,0,1,0,0,0,0
zc,TA212,2012-06-15 09:36:18.260,7140.0000,124,0,0.0000,0.0000,0,0,空换,S,7132.0000,0.0000,0.0000,0.0000,0.0000,7142.0000,0.0000,0.0000,0.0000,0.0000,5,0,0,0,0,1,0,0,0,0
zc,TA212,2012-06-15 09:36:21.730,7140.0000,124,0,0.0000,0.0000,0,0,空换,S,7132.0000,0.0000,0.0000,0.0000,0.0000,7144.0000,0.0000,0.0000,0.0000,0.0000,5,0,0,0,0,1,0,0,0,0
zc,TA212,2012-06-15 09:36:24.293,7140.0000,124,0,0.0000,0.0000,0,0,空换,S,7132.0000,0.0000,0.0000,0.0000,0.0000,7142.0000,0.0000,0.0000,0.0000,0.0000,5,0,0,0,0,1,0,0,0,0
zc,TA212,2012-06-15 09:36:24.980,7140.0000,124,0,0.0000,0.0000,0,0,空换,S,7132.0000,0.0000,0.0000,0.0000,0.0000,7144.0000,0.0000,0.0000,0.0000,0.0000,5,0,0,0,0,1,0,0,0,0
zc,TA212,2012-06-15 09:36:25.480,7140.0000,124,0,0.0000,0.0000,0,0,空换,S,7132.0000,0.0000,0.0000,0.0000,0.0000,7140.0000,0.0000,0.0000,0.0000,0.0000,5,0,0,0,0,1,0,0,0,0
zc,TA212,2012-06-15 09:36:26.213,7140.0000,124,0,0.0000,0.0000,0,0,空换,S,7132.0000,0.0000,0.0000,0.0000,0.0000,7144.0000,0.0000,0.0000,0.0000,0.0000,5,0,0,0,0,1,0,0,0,0
zc,TA212,2012-06-15 09:36:29.010,7140.0000,124,0,0.0000,0.0000,0,0,空换,S,7132.0000,0.0000,0.0000,0.0000,0.0000,7142.0000,0.0000,0.0000,0.0000,0.0000,5,0,0,0,0,1,0,0,0,0
zc,TA212,2012-06-15 09:36:36.713,7140.0000,124,0,0.0000,0.0000,0,0,空换,S,7132.0000,0.0000,0.0000,0.0000,0.0000,7140.0000,0.0000,0.0000,0.0000,0.0000,5,0,0,0,0,1,0,0,0,0
zc,TA212,2012-06-15 09:36:43.963,7140.0000,124,0,0.0000,0.0000,0,0,空换,S,7132.0000,0.0000,0.0000,0.0000,0.0000,7138.0000,0.0000,0.0000,0.0000,0.0000,5,0,0,0,0,1,0,0,0,0
zc,TA212,2012-06-15 09:36:45.293,7140.0000,124,0,0.0000,0.0000,0,0,空换,S,7132.0000,0.0000,0.0000,0.0000,0.0000,7140.0000,0.0000,0.0000,0.0000,0.0000,5,0,0,0,0,1,0,0,0,0
zc,TA212,2012-06-15 09:36:49.980,7140.0000,124,0,0.0000,0.0000,0,0,空换,S,7132.0000,0.0000,0.0000,0.0000,0.0000,7142.0000,0.0000,0.0000,0.0000,0.0000,5,0,0,0,0,1,0,0,0,0
zc,TA212,2012-06-15 09:37:06.230,7140.0000,124,0,0.0000,0.0000,0,0,空换,S,7132.0000,0.0000,0.0000,0.0000,0.0000,7140.0000,0.0000,0.0000,0.0000,0.0000,5,0,0,0,0,1,0,0,0,0
zc,TA212,2012-06-15 09:37:07.963,7140.0000,124,0,0.0000,0.0000,0,0,空换,S,7132.0000,0.0000,0.0000,0.0000,0.0000,7142.0000,0.0000,0.0000,0.0000,0.0000,5,0,0,0,0,1,0,0,0,0
zc,TA212,2012-06-15 09:37:08.213,7140.0000,124,0,0.0000,0.0000,0,0,空换,S,7132.0000,0.0000,0.0000,0.0000,0.0000,7140.0000,0.0000,0.0000,0.0000,0.0000,5,0,0,0,0,1,0,0,0,0
zc,TA212,2012-06-15 09:37:10.213,7140.0000,124,0,0.0000,0.0000,0,0,空换,S,7132.0000,0.0000,0.0000,0.0000,0.0000,7142.0000,0.0000,0.0000,0.0000,0.0000,5,0,0,0,0,1,0,0,0,0
zc,TA212,2012-06-15 09:37:21.463,7140.0000,124,0,0.0000,0.0000,0,0,空换,S,7132.0000,0.0000,0.0000,0.0000,0.0000,7144.0000,0.0000,0.0000,0.0000,0.0000,5,0,0,0,0,1,0,0,0,0
zc,TA212,2012-06-15 09:37:27.700,7140.0000,124,0,0.0000,0.0000,0,0,空换,S,7132.0000,0.0000,0.0000,0.0000,0.0000,7146.0000,0.0000,0.0000,0.0000,0.0000,5,0,0,0,0,1,0,0,0,0
zc,TA212,2012-06-15 09:37:40.713,7140.0000,124,0,0.0000,0.0000,0,0,空换,S,7132.0000,0.0000,0.0000,0.0000,0.0000,7148.0000,0.0000,0.0000,0.0000,0.0000,5,0,0,0,0,1,0,0,0,0
zc,TA212,2012-06-15 09:37:49.997,7140.0000,124,0,0.0000,0.0000,0,0,空换,S,7132.0000,0.0000,0.0000,0.0000,0.0000,7150.0000,0.0000,0.0000,0.0000,0.0000,6,0,0,0,0,1,0,0,0,0
zc,TA212,2012-06-15 09:37:55.463,7140.0000,124,0,0.0000,0.0000,0,0,空换,S,7134.0000,0.0000,0.0000,0.0000,0.0000,7152.0000,0.0000,0.0000,0.0000,0.0000,1,0,0,0,0,1,0,0,0,0
zc,TA212,2012-06-15 09:38:00.713,7140.0000,124,0,0.0000,0.0000,0,0,空换,S,7132.0000,0.0000,0.0000,0.0000,0.0000,7150.0000,0.0000,0.0000,0.0000,0.0000,6,0,0,0,0,1,0,0,0,0
zc,TA212,2012-06-15 09:38:01.450,7140.0000,124,0,0.0000,0.0000,0,0,空换,S,7132.0000,0.0000,0.0000,0.0000,0.0000,7152.0000,0.0000,0.0000,0.0000,0.0000,6,0,0,0,0,1,0,0,0,0
zc,TA212,2012-06-15 09:38:02.480,7140.0000,124,0,0.0000,0.0000,0,0,空换,S,7134.0000,0.0000,0.0000,0.0000,0.0000,7152.0000,0.0000,0.0000,0.0000,0.0000,1,0,0,0,0,1,0,0,0,0
zc,TA212,2012-06-15 09:38:05.933,7140.0000,124,0,0.0000,0.0000,0,0,空换,S,7132.0000,0.0000,0.0000,0.0000,0.0000,7150.0000,0.0000,0.0000,0.0000,0.0000,6,0,0,0,0,1,0,0,0,0
zc,TA212,2012-06-15 09:38:10.463,7140.0000,124,0,0.0000,0.0000,0,0,空换,S,7134.0000,0.0000,0.0000,0.0000,0.0000,7152.0000,0.0000,0.0000,0.0000,0.0000,1,0,0,0,0,1,0,0,0,0
zc,TA212,2012-06-15 09:38:11.730,7140.0000,124,0,0.0000,0.0000,0,0,空换,S,7132.0000,0.0000,0.0000,0.0000,0.0000,7152.0000,0.0000,0.0000,0.0000,0.0000,6,0,0,0,0,1,0,0,0,0
zc,TA212,2012-06-15 09:38:12.213,7140.0000,124,0,0.0000,0.0000,0,0,空换,S,7132.0000,0.0000,0.0000,0.0000,0.0000,7150.0000,0.0000,0.0000,0.0000,0.0000,6,0,0,0,0,1,0,0,0,0
zc,TA212,2012-06-15 09:38:15.713,7140.0000,124,0,0.0000,0.0000,0,0,空换,S,7132.0000,0.0000,0.0000,0.0000,0.0000,7148.0000,0.0000,0.0000,0.0000,0.0000,5,0,0,0,0,1,0,0,0,0
zc,TA212,2012-06-15 09:38:29.213,7140.0000,124,0,0.0000,0.0000,0,0,空换,S,7132.0000,0.0000,0.0000,0.0000,0.0000,7150.0000,0.0000,0.0000,0.0000,0.0000,6,0,0,0,0,1,0,0,0,0
zc,TA212,2012-06-15 09:38:31.700,7140.0000,124,0,0.0000,0.0000,0,0,空换,S,7132.0000,0.0000,0.0000,0.0000,0.0000,7148.0000,0.0000,0.0000,0.0000,0.0000,5,0,0,0,0,1,0,0,0,0
zc,TA212,2012-06-15 09:38:36.713,7140.0000,124,0,0.0000,0.0000,0,0,空换,S,7132.0000,0.0000,0.0000,0.0000,0.0000,7150.0000,0.0000,0.0000,0.0000,0.0000,6,0,0,0,0,1,0,0,0,0
zc,TA212,2012-06-15 09:38:38.497,7140.0000,124,0,0.0000,0.0000,0,0,空换,S,7132.0000,0.0000,0.0000,0.0000,0.0000,7150.0000,0.0000,0.0000,0.0000,0.0000,5,0,0,0,0,1,0,0,0,0
zc,TA212,2012-06-15 09:38:39.713,7140.0000,124,0,0.0000,0.0000,0,0,空换,S,7132.0000,0.0000,0.0000,0.0000,0.0000,7150.0000,0.0000,0.0000,0.0000,0.0000,6,0,0,0,0,1,0,0,0,0
zc,TA212,2012-06-15 09:38:40.730,7140.0000,124,0,0.0000,0.0000,0,0,空换,S,7132.0000,0.0000,0.0000,0.0000,0.0000,7150.0000,0.0000,0.0000,0.0000,0.0000,5,0,0,0,0,1,0,0,0,0
zc,TA212,2012-06-15 09:38:41.480,7140.0000,124,0,0.0000,0.0000,0,0,空换,S,7132.0000,0.0000,0.0000,0.0000,0.0000,7148.0000,0.0000,0.0000,0.0000,0.0000,5,0,0,0,0,1,0,0,0,0
zc,TA212,2012-06-15 09:38:42.480,7140.0000,124,0,0.0000,0.0000,0,0,空换,S,7132.0000,0.0000,0.0000,0.0000,0.0000,7150.0000,0.0000,0.0000,0.0000,0.0000,6,0,0,0,0,1,0,0,0,0
zc,TA212,2012-06-15 09:38:43.010,7140.0000,124,0,0.0000,0.0000,0,0,空换,S,7132.0000,0.0000,0.0000,0.0000,0.0000,7150.0000,0.0000,0.0000,0.0000,0.0000,5,0,0,0,0,1,0,0,0,0
zc,TA212,2012-06-15 09:38:43.700,7140.0000,124,0,0.0000,0.0000,0,0,空换,S,7132.0000,0.0000,0.0000,0.0000,0.0000,7150.0000,0.0000,0.0000,0.0000,0.0000,6,0,0,0,0,1,0,0,0,0
zc,TA212,2012-06-15 09:38:45.497,7140.0000,124,0,0.0000,0.0000,0,0,空换,S,7132.0000,0.0000,0.0000,0.0000,0.0000,7150.0000,0.0000,0.0000,0.0000,0.0000,5,0,0,0,0,1,0,0,0,0
zc,TA212,2012-06-15 09:38:45.760,7140.0000,124,0,0.0000,0.0000,0,0,空换,S,7132.0000,0.0000,0.0000,0.0000,0.0000,7148.0000,0.0000,0.0000,0.0000,0.0000,5,0,0,0,0,1,0,0,0,0
zc,TA212,2012-06-15 09:38:53.183,7140.0000,124,0,0.0000,0.0000,0,0,空换,S,7132.0000,0.0000,0.0000,0.0000,0.0000,7146.0000,0.0000,0.0000,0.0000,0.0000,5,0,0,0,0,1,0,0,0,0
zc,TA212,2012-06-15 09:38:59.200,7140.0000,124,0,0.0000,0.0000,0,0,空换,S,7132.0000,0.0000,0.0000,0.0000,0.0000,7148.0000,0.0000,0.0000,0.0000,0.0000,5,0,0,0,0,1,0,0,0,0
zc,TA212,2012-06-15 09:39:02.183,7140.0000,124,0,0.0000,0.0000,0,0,空换,S,7132.0000,0.0000,0.0000,0.0000,0.0000,7148.0000,0.0000,0.0000,0.0000,0.0000,7,0,0,0,0,1,0,0,0,0
zc,TA212,2012-06-15 09:39:06.213,7140.0000,124,0,0.0000,0.0000,0,0,空换,S,7132.0000,0.0000,0.0000,0.0000,0.0000,7146.0000,0.0000,0.0000,0.0000,0.0000,7,0,0,0,0,1,0,0,0,0
zc,TA212,2012-06-15 09:39:14.247,7140.0000,124,0,0.0000,0.0000,0,0,空换,S,7132.0000,0.0000,0.0000,0.0000,0.0000,7144.0000,0.0000,0.0000,0.0000,0.0000,7,0,0,0,0,1,0,0,0,0
zc,TA212,2012-06-15 09:39:14.713,7140.0000,124,0,0.0000,0.0000,0,0,空换,S,7132.0000,0.0000,0.0000,0.0000,0.0000,7146.0000,0.0000,0.0000,0.0000,0.0000,7,0,0,0,0,1,0,0,0,0
zc,TA212,2012-06-15 09:39:30.450,7140.0000,124,0,0.0000,0.0000,0,0,空换,S,7132.0000,0.0000,0.0000,0.0000,0.0000,7148.0000,0.0000,0.0000,0.0000,0.0000,7,0,0,0,0,1,0,0,0,0
zc,TA212,2012-06-15 09:39:35.933,7140.0000,124,0,0.0000,0.0000,0,0,空换,S,7132.0000,0.0000,0.0000,0.0000,0.0000,7150.0000,0.0000,0.0000,0.0000,0.0000,7,0,0,0,0,1,0,0,0,0
zc,TA212,2012-06-15 09:39:36.700,7140.0000,124,0,0.0000,0.0000,0,0,空换,S,7132.0000,0.0000,0.0000,0.0000,0.0000,7150.0000,0.0000,0.0000,0.0000,0.0000,8,0,0,0,0,1,0,0,0,0
zc,TA212,2012-06-15 09:40:08.963,7140.0000,124,0,0.0000,0.0000,0,0,空换,S,7132.0000,0.0000,0.0000,0.0000,0.0000,7152.0000,0.0000,0.0000,0.0000,0.0000,6,0,0,0,0,1,0,0,0,0
zc,TA212,2012-06-15 09:40:13.510,7140.0000,124,0,0.0000,0.0000,0,0,空换,S,7134.0000,0.0000,0.0000,0.0000,0.0000,7152.0000,0.0000,0.0000,0.0000,0.0000,1,0,0,0,0,1,0,0,0,0
zc,TA212,2012-06-15 09:40:14.730,7140.0000,124,0,0.0000,0.0000,0,0,空换,S,7132.0000,0.0000,0.0000,0.0000,0.0000,7152.0000,0.0000,0.0000,0.0000,0.0000,6,0,0,0,0,1,0,0,0,0
zc,TA212,2012-06-15 09:40:16.997,7140.0000,124,0,0.0000,0.0000,0,0,空换,S,7134.0000,0.0000,0.0000,0.0000,0.0000,7152.0000,0.0000,0.0000,0.0000,0.0000,1,0,0,0,0,1,0,0,0,0
zc,TA212,2012-06-15 09:40:17.480,7140.0000,124,0,0.0000,0.0000,0,0,空换,S,7132.0000,0.0000,0.0000,0.0000,0.0000,7150.0000,0.0000,0.0000,0.0000,0.0000,6,0,0,0,0,1,0,0,0,0
zc,TA212,2012-06-15 09:40:17.963,7140.0000,124,0,0.0000,0.0000,0,0,空换,S,7134.0000,0.0000,0.0000,0.0000,0.0000,7152.0000,0.0000,0.0000,0.0000,0.0000,1,0,0,0,0,1,0,0,0,0
zc,TA212,2012-06-15 09:40:19.213,7140.0000,124,0,0.0000,0.0000,0,0,空换,S,7132.0000,0.0000,0.0000,0.0000,0.0000,7150.0000,0.0000,0.0000,0.0000,0.0000,6,0,0,0,0,1,0,0,0,0
zc,TA212,2012-06-15 09:40:20.027,7140.0000,124,0,0.0000,0.0000,0,0,空换,S,7134.0000,0.0000,0.0000,0.0000,0.0000,7152.0000,0.0000,0.0000,0.0000,0.0000,1,0,0,0,0,1,0,0,0,0
zc,TA212,2012-06-15 09:40:21.480,7140.0000,124,0,0.0000,0.0000,0,0,空换,S,7134.0000,0.0000,0.0000,0.0000,0.0000,7154.0000,0.0000,0.0000,0.0000,0.0000,1,0,0,0,0,1,0,0,0,0
zc,TA212,2012-06-15 09:40:22.213,7140.0000,124,0,0.0000,0.0000,0,0,空换,S,7136.0000,0.0000,0.0000,0.0000,0.0000,7154.0000,0.0000,0.0000,0.0000,0.0000,1,0,0,0,0,1,0,0,0,0
zc,TA212,2012-06-15 09:40:22.700,7140.0000,124,0,0.0000,0.0000,0,0,空换,S,7134.0000,0.0000,0.0000,0.0000,0.0000,7154.0000,0.0000,0.0000,0.0000,0.0000,1,0,0,0,0,1,0,0,0,0
zc,TA212,2012-06-15 09:40:24.497,7140.0000,124,0,0.0000,0.0000,0,0,空换,S,7136.0000,0.0000,0.0000,0.0000,0.0000,7154.0000,0.0000,0.0000,0.0000,0.0000,1,0,0,0,0,1,0,0,0,0
zc,TA212,2012-06-15 09:40:25.480,7140.0000,124,0,0.0000,0.0000,0,0,空换,S,7134.0000,0.0000,0.0000,0.0000,0.0000,7152.0000,0.0000,0.0000,0.0000,0.0000,1,0,0,0,0,1,0,0,0,0
zc,TA212,2012-06-15 09:40:26.200,7140.0000,124,0,0.0000,0.0000,0,0,空换,S,7134.0000,0.0000,0.0000,0.0000,0.0000,7154.0000,0.0000,0.0000,0.0000,0.0000,1,0,0,0,0,1,0,0,0,0
zc,TA212,2012-06-15 09:40:26.730,7140.0000,124,0,0.0000,0.0000,0,0,空换,S,7134.0000,0.0000,0.0000,0.0000,0.0000,7152.0000,0.0000,0.0000,0.0000,0.0000,1,0,0,0,0,1,0,0,0,0
zc,TA212,2012-06-15 09:40:29.463,7140.0000,124,0,0.0000,0.0000,0,0,空换,S,7132.0000,0.0000,0.0000,0.0000,0.0000,7152.0000,0.0000,0.0000,0.0000,0.0000,6,0,0,0,0,1,0,0,0,0
zc,TA212,2012-06-15 09:40:29.933,7140.0000,124,0,0.0000,0.0000,0,0,空换,S,7132.0000,0.0000,0.0000,0.0000,0.0000,7152.0000,0.0000,0.0000,0.0000,0.0000,6,0,0,0,0,1,0,0,0,0
zc,TA212,2012-06-15 09:40:33.980,7140.0000,124,0,0.0000,0.0000,0,0,空换,S,7134.0000,0.0000,0.0000,0.0000,0.0000,7152.0000,0.0000,0.0000,0.0000,0.0000,1,0,0,0,0,1,0,0,0,0
zc,TA212,2012-06-15 09:40:35.230,7140.0000,124,0,0.0000,0.0000,0,0,空换,S,7132.0000,0.0000,0.0000,0.0000,0.0000,7152.0000,0.0000,0.0000,0.0000,0.0000,6,0,0,0,0,1,0,0,0,0
zc,TA212,2012-06-15 09:40:41.980,7140.0000,124,0,0.0000,0.0000,0,0,空换,S,7134.0000,0.0000,0.0000,0.0000,0.0000,7152.0000,0.0000,0.0000,0.0000,0.0000,1,0,0,0,0,1,0,0,0,0
zc,TA212,2012-06-15 09:40:43.230,7140.0000,124,0,0.0000,0.0000,0,0,空换,S,7132.0000,0.0000,0.0000,0.0000,0.0000,7152.0000,0.0000,0.0000,0.0000,0.0000,6,0,0,0,0,1,0,0,0,0
zc,TA212,2012-06-15 09:40:46.480,7140.0000,124,0,0.0000,0.0000,0,0,空换,S,7134.0000,0.0000,0.0000,0.0000,0.0000,7152.0000,0.0000,0.0000,0.0000,0.0000,1,0,0,0,0,1,0,0,0,0
zc,TA212,2012-06-15 09:40:46.980,7140.0000,124,0,0.0000,0.0000,0,0,空换,S,7132.0000,0.0000,0.0000,0.0000,0.0000,7150.0000,0.0000,0.0000,0.0000,0.0000,6,0,0,0,0,1,0,0,0,0
zc,TA212,2012-06-15 09:40:55.213,7140.0000,124,0,0.0000,0.0000,0,0,空换,S,7132.0000,0.0000,0.0000,0.0000,0.0000,7152.0000,0.0000,0.0000,0.0000,0.0000,6,0,0,0,0,1,0,0,0,0
zc,TA212,2012-06-15 09:40:55.730,7140.0000,124,0,0.0000,0.0000,0,0,空换,S,7134.0000,0.0000,0.0000,0.0000,0.0000,7152.0000,0.0000,0.0000,0.0000,0.0000,1,0,0,0,0,1,0,0,0,0
zc,TA212,2012-06-15 09:40:58.463,7140.0000,124,0,0.0000,0.0000,0,0,空换,S,7132.0000,0.0000,0.0000,0.0000,0.0000,7152.0000,0.0000,0.0000,0.0000,0.0000,6,0,0,0,0,1,0,0,0,0
zc,TA212,2012-06-15 09:40:59.713,7140.0000,124,0,0.0000,0.0000,0,0,空换,S,7132.0000,0.0000,0.0000,0.0000,0.0000,7150.0000,0.0000,0.0000,0.0000,0.0000,6,0,0,0,0,1,0,0,0,0
zc,TA212,2012-06-15 09:41:00.213,7140.0000,124,0,0.0000,0.0000,0,0,空换,S,7132.0000,0.0000,0.0000,0.0000,0.0000,7152.0000,0.0000,0.0000,0.0000,0.0000,6,0,0,0,0,1,0,0,0,0
zc,TA212,2012-06-15 09:41:00.713,7140.0000,124,0,0.0000,0.0000,0,0,空换,S,7134.0000,0.0000,0.0000,0.0000,0.0000,7152.0000,0.0000,0.0000,0.0000,0.0000,1,0,0,0,0,1,0,0,0,0
zc,TA212,2012-06-15 09:41:03.247,7140.0000,124,0,0.0000,0.0000,0,0,空换,S,7132.0000,0.0000,0.0000,0.0000,0.0000,7150.0000,0.0000,0.0000,0.0000,0.0000,6,0,0,0,0,1,0,0,0,0
zc,TA212,2012-06-15 09:41:08.980,7140.0000,124,0,0.0000,0.0000,0,0,空换,S,7132.0000,0.0000,0.0000,0.0000,0.0000,7148.0000,0.0000,0.0000,0.0000,0.0000,5,0,0,0,0,1,0,0,0,0
zc,TA212,2012-06-15 09:41:27.963,7140.0000,124,0,0.0000,0.0000,0,0,空换,S,7132.0000,0.0000,0.0000,0.0000,0.0000,7146.0000,0.0000,0.0000,0.0000,0.0000,5,0,0,0,0,1,0,0,0,0
zc,TA212,2012-06-15 09:41:29.230,7140.0000,124,0,0.0000,0.0000,0,0,空换,S,7132.0000,0.0000,0.0000,0.0000,0.0000,7148.0000,0.0000,0.0000,0.0000,0.0000,5,0,0,0,0,1,0,0,0,0
zc,TA212,2012-06-15 09:41:53.213,7140.0000,124,0,0.0000,0.0000,0,0,空换,S,7132.0000,0.0000,0.0000,0.0000,0.0000,7150.0000,0.0000,0.0000,0.0000,0.0000,6,0,0,0,0,1,0,0,0,0
zc,TA212,2012-06-15 09:42:07.200,7140.0000,124,0,0.0000,0.0000,0,0,空换,S,7132.0000,0.0000,0.0000,0.0000,0.0000,7150.0000,0.0000,0.0000,0.0000,0.0000,6,0,0,0,0,3,0,0,0,0
zc,TA212,2012-06-15 09:42:11.747,7140.0000,124,0,0.0000,0.0000,0,0,空换,S,7134.0000,0.0000,0.0000,0.0000,0.0000,7150.0000,0.0000,0.0000,0.0000,0.0000,1,0,0,0,0,2,0,0,0,0
zc,TA212,2012-06-15 09:42:16.980,7140.0000,124,0,0.0000,0.0000,0,0,空换,S,7132.0000,0.0000,0.0000,0.0000,0.0000,7150.0000,0.0000,0.0000,0.0000,0.0000,6,0,0,0,0,2,0,0,0,0
zc,TA212,2012-06-15 09:42:17.950,7140.0000,124,0,0.0000,0.0000,0,0,空换,S,7132.0000,0.0000,0.0000,0.0000,0.0000,7150.0000,0.0000,0.0000,0.0000,0.0000,6,0,0,0,0,3,0,0,0,0
zc,TA212,2012-06-15 09:42:24.260,7140.0000,124,0,0.0000,0.0000,0,0,空换,S,7134.0000,0.0000,0.0000,0.0000,0.0000,7150.0000,0.0000,0.0000,0.0000,0.0000,1,0,0,0,0,2,0,0,0,0
zc,TA212,2012-06-15 09:42:35.950,7140.0000,124,0,0.0000,0.0000,0,0,空换,S,7134.0000,0.0000,0.0000,0.0000,0.0000,7152.0000,0.0000,0.0000,0.0000,0.0000,1,0,0,0,0,1,0,0,0,0
zc,TA212,2012-06-15 09:42:50.043,7140.0000,124,0,0.0000,0.0000,0,0,空换,S,7136.0000,0.0000,0.0000,0.0000,0.0000,7154.0000,0.0000,0.0000,0.0000,0.0000,1,0,0,0,0,1,0,0,0,0
zc,TA212,2012-06-15 09:43:13.200,7140.0000,124,0,0.0000,0.0000,0,0,空换,S,7134.0000,0.0000,0.0000,0.0000,0.0000,7154.0000,0.0000,0.0000,0.0000,0.0000,1,0,0,0,0,1,0,0,0,0
zc,TA212,2012-06-15 09:43:13.450,7140.0000,124,0,0.0000,0.0000,0,0,空换,S,7134.0000,0.0000,0.0000,0.0000,0.0000,7152.0000,0.0000,0.0000,0.0000,0.0000,1,0,0,0,0,1,0,0,0,0
zc,TA212,2012-06-15 09:43:32.950,7140.0000,124,0,0.0000,0.0000,0,0,空换,S,7136.0000,0.0000,0.0000,0.0000,0.0000,7154.0000,0.0000,0.0000,0.0000,0.0000,1,0,0,0,0,1,0,0,0,0
zc,TA212,2012-06-15 09:44:10.200,7140.0000,124,0,0.0000,0.0000,0,0,空换,S,7134.0000,0.0000,0.0000,0.0000,0.0000,7152.0000,0.0000,0.0000,0.0000,0.0000,1,0,0,0,0,1,0,0,0,0
zc,TA212,2012-06-15 09:44:11.963,7140.0000,124,0,0.0000,0.0000,0,0,空换,S,7134.0000,0.0000,0.0000,0.0000,0.0000,7154.0000,0.0000,0.0000,0.0000,0.0000,1,0,0,0,0,1,0,0,0,0
zc,TA212,2012-06-15 09:44:13.700,7140.0000,124,0,0.0000,0.0000,0,0,空换,S,7134.0000,0.0000,0.0000,0.0000,0.0000,7152.0000,0.0000,0.0000,0.0000,0.0000,1,0,0,0,0,1,0,0,0,0
zc,TA212,2012-06-15 09:44:14.213,7140.0000,124,0,0.0000,0.0000,0,0,空换,S,7134.0000,0.0000,0.0000,0.0000,0.0000,7154.0000,0.0000,0.0000,0.0000,0.0000,1,0,0,0,0,1,0,0,0,0
zc,TA212,2012-06-15 09:44:16.450,7140.0000,124,0,0.0000,0.0000,0,0,空换,S,7134.0000,0.0000,0.0000,0.0000,0.0000,7152.0000,0.0000,0.0000,0.0000,0.0000,1,0,0,0,0,1,0,0,0,0
zc,TA212,2012-06-15 09:44:17.950,7140.0000,124,0,0.0000,0.0000,0,0,空换,S,7134.0000,0.0000,0.0000,0.0000,0.0000,7154.0000,0.0000,0.0000,0.0000,0.0000,1,0,0,0,0,1,0,0,0,0
zc,TA212,2012-06-15 09:44:19.247,7140.0000,124,0,0.0000,0.0000,0,0,空换,S,7136.0000,0.0000,0.0000,0.0000,0.0000,7154.0000,0.0000,0.0000,0.0000,0.0000,1,0,0,0,0,1,0,0,0,0
zc,TA212,2012-06-15 09:44:21.713,7140.0000,124,0,0.0000,0.0000,0,0,空换,S,7134.0000,0.0000,0.0000,0.0000,0.0000,7154.0000,0.0000,0.0000,0.0000,0.0000,1,0,0,0,0,1,0,0,0,0
zc,TA212,2012-06-15 09:44:22.713,7140.0000,124,0,0.0000,0.0000,0,0,空换,S,7134.0000,0.0000,0.0000,0.0000,0.0000,7152.0000,0.0000,0.0000,0.0000,0.0000,1,0,0,0,0,1,0,0,0,0
zc,TA212,2012-06-15 09:44:24.183,7140.0000,124,0,0.0000,0.0000,0,0,空换,S,7134.0000,0.0000,0.0000,0.0000,0.0000,7154.0000,0.0000,0.0000,0.0000,0.0000,1,0,0,0,0,1,0,0,0,0
zc,TA212,2012-06-15 09:44:25.963,7140.0000,124,0,0.0000,0.0000,0,0,空换,S,7134.0000,0.0000,0.0000,0.0000,0.0000,7152.0000,0.0000,0.0000,0.0000,0.0000,1,0,0,0,0,1,0,0,0,0
zc,TA212,2012-06-15 09:44:38.463,7140.0000,124,0,0.0000,0.0000,0,0,空换,S,7134.0000,0.0000,0.0000,0.0000,0.0000,7150.0000,0.0000,0.0000,0.0000,0.0000,1,0,0,0,0,2,0,0,0,0
zc,TA212,2012-06-15 09:44:39.463,7140.0000,124,0,0.0000,0.0000,0,0,空换,S,7132.0000,0.0000,0.0000,0.0000,0.0000,7150.0000,0.0000,0.0000,0.0000,0.0000,6,0,0,0,0,2,0,0,0,0
zc,TA212,2012-06-15 09:44:40.700,7140.0000,124,0,0.0000,0.0000,0,0,空换,S,7132.0000,0.0000,0.0000,0.0000,0.0000,7150.0000,0.0000,0.0000,0.0000,0.0000,6,0,0,0,0,3,0,0,0,0
zc,TA212,2012-06-15 09:44:54.713,7140.0000,124,0,0.0000,0.0000,0,0,空换,S,7134.0000,0.0000,0.0000,0.0000,0.0000,7150.0000,0.0000,0.0000,0.0000,0.0000,1,0,0,0,0,2,0,0,0,0
zc,TA212,2012-06-15 09:44:55.200,7140.0000,124,0,0.0000,0.0000,0,0,空换,S,7132.0000,0.0000,0.0000,0.0000,0.0000,7150.0000,0.0000,0.0000,0.0000,0.0000,6,0,0,0,0,3,0,0,0,0
zc,TA212,2012-06-15 09:45:07.683,7140.0000,124,0,0.0000,0.0000,0,0,空换,S,7134.0000,0.0000,0.0000,0.0000,0.0000,7150.0000,0.0000,0.0000,0.0000,0.0000,1,0,0,0,0,2,0,0,0,0
zc,TA212,2012-06-15 09:45:10.183,7140.0000,124,0,0.0000,0.0000,0,0,空换,S,7132.0000,0.0000,0.0000,0.0000,0.0000,7150.0000,0.0000,0.0000,0.0000,0.0000,6,0,0,0,0,3,0,0,0,0
