市场代码,合约代码,时间,最新,持仓,增仓,成交额,成交量,开仓,平仓,成交类型,方向,买一价,买二价,买三价,买四价,买五价,卖一价,卖二价,卖三价,卖四价,卖五价,买一量,买二量,买三量,买四量,买五量,卖一量,卖二量,卖三量,卖四量,卖五量
zc,TA301,2012-06-15 08:00:28.167,0.0000,154498,0,0.0000,0.0000,0,0,空换,S,0.0000,0.0000,0.0000,0.0000,0.0000,0.0000,0.0000,0.0000,0.0000,0.0000,0,0,0,0,0,0,0,0,0,0
zc,TA301,2012-06-15 08:04:28.153,0.0000,154498,0,0.0000,0.0000,0,0,空换,S,0.0000,0.0000,0.0000,0.0000,0.0000,0.0000,0.0000,0.0000,0.0000,0.0000,0,0,0,0,0,0,0,0,0,0
zc,TA301,2012-06-15 08:05:28.153,0.0000,154498,0,0.0000,0.0000,0,0,空换,S,0.0000,0.0000,0.0000,0.0000,0.0000,0.0000,0.0000,0.0000,0.0000,0.0000,0,0,0,0,0,0,0,0,0,0
zc,TA301,2012-06-15 08:06:28.153,0.0000,154498,0,0.0000,0.0000,0,0,空换,S,0.0000,0.0000,0.0000,0.0000,0.0000,0.0000,0.0000,0.0000,0.0000,0.0000,0,0,0,0,0,0,0,0,0,0
zc,TA301,2012-06-15 08:10:30.183,0.0000,154498,0,0.0000,0.0000,0,0,空换,S,0.0000,0.0000,0.0000,0.0000,0.0000,0.0000,0.0000,0.0000,0.0000,0.0000,0,0,0,0,0,0,0,0,0,0
zc,TA301,2012-06-15 08:17:30.183,0.0000,154498,0,0.0000,0.0000,0,0,空换,S,0.0000,0.0000,0.0000,0.0000,0.0000,0.0000,0.0000,0.0000,0.0000,0.0000,0,0,0,0,0,0,0,0,0,0
zc,TA301,2012-06-15 08:20:30.167,0.0000,154498,0,0.0000,0.0000,0,0,空换,S,0.0000,0.0000,0.0000,0.0000,0.0000,0.0000,0.0000,0.0000,0.0000,0.0000,0,0,0,0,0,0,0,0,0,0
zc,TA301,2012-06-15 08:28:30.183,0.0000,154498,0,0.0000,0.0000,0,0,空换,S,0.0000,0.0000,0.0000,0.0000,0.0000,0.0000,0.0000,0.0000,0.0000,0.0000,0,0,0,0,0,0,0,0,0,0
zc,TA301,2012-06-15 08:35:30.200,0.0000,154498,0,0.0000,0.0000,0,0,空换,S,0.0000,0.0000,0.0000,0.0000,0.0000,0.0000,0.0000,0.0000,0.0000,0.0000,0,0,0,0,0,0,0,0,0,0
zc,TA301,2012-06-15 08:41:30.183,0.0000,154498,0,0.0000,0.0000,0,0,空换,S,0.0000,0.0000,0.0000,0.0000,0.0000,0.0000,0.0000,0.0000,0.0000,0.0000,0,0,0,0,0,0,0,0,0,0
zc,TA301,2012-06-15 08:51:30.183,0.0000,154498,0,0.0000,0.0000,0,0,空换,S,0.0000,0.0000,0.0000,0.0000,0.0000,0.0000,0.0000,0.0000,0.0000,0.0000,0,0,0,0,0,0,0,0,0,0
zc,TA301,2012-06-15 08:55:02.480,0.0000,154498,0,0.0000,0.0000,0,0,空换,S,0.0000,0.0000,0.0000,0.0000,0.0000,0.0000,0.0000,0.0000,0.0000,0.0000,0,0,0,0,0,0,0,0,0,0
zc,TA301,2012-06-15 08:55:03.213,0.0000,154498,0,0.0000,0.0000,0,0,空换,S,0.0000,0.0000,0.0000,0.0000,0.0000,0.0000,0.0000,0.0000,0.0000,0.0000,0,0,0,0,0,0,0,0,0,0
zc,TA301,2012-06-15 08:55:11.450,0.0000,154498,0,0.0000,0.0000,0,0,空换,S,0.0000,0.0000,0.0000,0.0000,0.0000,0.0000,0.0000,0.0000,0.0000,0.0000,0,0,0,0,0,0,0,0,0,0
zc,TA301,2012-06-15 08:55:14.200,0.0000,154498,0,0.0000,0.0000,0,0,空换,S,0.0000,0.0000,0.0000,0.0000,0.0000,0.0000,0.0000,0.0000,0.0000,0.0000,0,0,0,0,0,0,0,0,0,0
zc,TA301,2012-06-15 08:56:08.950,0.0000,154498,0,0.0000,0.0000,0,0,空换,S,0.0000,0.0000,0.0000,0.0000,0.0000,0.0000,0.0000,0.0000,0.0000,0.0000,0,0,0,0,0,0,0,0,0,0
zc,TA301,2012-06-15 08:56:20.950,0.0000,154498,0,0.0000,0.0000,0,0,空换,S,0.0000,0.0000,0.0000,0.0000,0.0000,0.0000,0.0000,0.0000,0.0000,0.0000,0,0,0,0,0,0,0,0,0,0
zc,TA301,2012-06-15 08:56:23.200,0.0000,154498,0,0.0000,0.0000,0,0,空换,S,0.0000,0.0000,0.0000,0.0000,0.0000,0.0000,0.0000,0.0000,0.0000,0.0000,0,0,0,0,0,0,0,0,0,0
zc,TA301,2012-06-15 08:56:39.950,0.0000,154498,0,0.0000,0.0000,0,0,空换,S,0.0000,0.0000,0.0000,0.0000,0.0000,0.0000,0.0000,0.0000,0.0000,0.0000,0,0,0,0,0,0,0,0,0,0
zc,TA301,2012-06-15 08:56:52.200,0.0000,154498,0,0.0000,0.0000,0,0,空换,S,0.0000,0.0000,0.0000,0.0000,0.0000,0.0000,0.0000,0.0000,0.0000,0.0000,0,0,0,0,0,0,0,0,0,0
zc,TA301,2012-06-15 08:57:13.200,0.0000,154498,0,0.0000,0.0000,0,0,空换,S,0.0000,0.0000,0.0000,0.0000,0.0000,0.0000,0.0000,0.0000,0.0000,0.0000,0,0,0,0,0,0,0,0,0,0
zc,TA301,2012-06-15 08:57:14.450,0.0000,154498,0,0.0000,0.0000,0,0,空换,S,0.0000,0.0000,0.0000,0.0000,0.0000,0.0000,0.0000,0.0000,0.0000,0.0000,0,0,0,0,0,0,0,0,0,0
zc,TA301,2012-06-15 08:58:56.200,0.0000,154498,0,0.0000,0.0000,0,0,空换,S,0.0000,0.0000,0.0000,0.0000,0.0000,0.0000,0.0000,0.0000,0.0000,0.0000,0,0,0,0,0,0,0,0,0,0
zc,TA301,2012-06-15 08:59:02.667,7108.0000,154546,48,0.0000,464.0000,256,208,多开,B,7106.0000,0.0000,0.0000,0.0000,0.0000,7108.0000,0.0000,0.0000,0.0000,0.0000,88,0,0,0,0,7,0,0,0,0
zc,TA301,2012-06-15 09:00:01.870,7108.0000,154558,12,0.0000,46.0000,29,17,多开,B,7108.0000,0.0000,0.0000,0.0000,0.0000,7110.0000,0.0000,0.0000,0.0000,0.0000,9,0,0,0,0,149,0,0,0,0
zc,TA301,2012-06-15 09:00:02.887,7110.0000,154454,-104,0.0000,192.0000,44,148,空平,B,7108.0000,0.0000,0.0000,0.0000,0.0000,7110.0000,0.0000,0.0000,0.0000,0.0000,222,0,0,0,0,105,0,0,0,0
zc,TA301,2012-06-15 09:00:03.887,7118.0000,154286,-168,0.0000,410.0000,121,289,空平,B,7118.0000,0.0000,0.0000,0.0000,0.0000,7120.0000,0.0000,0.0000,0.0000,0.0000,2,0,0,0,0,18,0,0,0,0
zc,TA301,2012-06-15 09:00:04.637,7120.0000,154298,12,0.0000,28.0000,20,8,多开,B,7118.0000,0.0000,0.0000,0.0000,0.0000,7120.0000,0.0000,0.0000,0.0000,0.0000,2,0,0,0,0,10,0,0,0,0
zc,TA301,2012-06-15 09:00:05.357,7118.0000,154304,6,0.0000,34.0000,20,14,空开,S,7120.0000,0.0000,0.0000,0.0000,0.0000,7122.0000,0.0000,0.0000,0.0000,0.0000,1,0,0,0,0,1,0,0,0,0
zc,TA301,2012-06-15 09:00:06.090,7120.0000,154310,6,0.0000,40.0000,23,17,多开,B,7120.0000,0.0000,0.0000,0.0000,0.0000,7122.0000,0.0000,0.0000,0.0000,0.0000,35,0,0,0,0,1,0,0,0,0
zc,TA301,2012-06-15 09:00:06.807,7122.0000,154312,2,0.0000,8.0000,5,3,多开,B,7122.0000,0.0000,0.0000,0.0000,0.0000,7124.0000,0.0000,0.0000,0.0000,0.0000,54,0,0,0,0,11,0,0,0,0
zc,TA301,2012-06-15 09:00:07.307,7122.0000,154312,0,0.0000,36.0000,18,18,多换,B,7122.0000,0.0000,0.0000,0.0000,0.0000,7124.0000,0.0000,0.0000,0.0000,0.0000,37,0,0,0,0,11,0,0,0,0
zc,TA301,2012-06-15 09:00:08.107,7124.0000,154328,16,0.0000,34.0000,25,9,多开,B,7124.0000,0.0000,0.0000,0.0000,0.0000,7126.0000,0.0000,0.0000,0.0000,0.0000,44,0,0,0,0,39,0,0,0,0
zc,TA301,2012-06-15 09:00:08.607,7126.0000,154396,68,0.0000,150.0000,109,41,多开,B,7126.0000,0.0000,0.0000,0.0000,0.0000,7128.0000,0.0000,0.0000,0.0000,0.0000,23,0,0,0,0,17,0,0,0,0
zc,TA301,2012-06-15 09:00:09.323,7128.0000,154394,-2,0.0000,18.0000,8,10,空平,B,7126.0000,0.0000,0.0000,0.0000,0.0000,7128.0000,0.0000,0.0000,0.0000,0.0000,36,0,0,0,0,8,0,0,0,0
zc,TA301,2012-06-15 09:00:10.107,7126.0000,154388,-6,0.0000,24.0000,9,15,多平,S,7126.0000,0.0000,0.0000,0.0000,0.0000,7128.0000,0.0000,0.0000,0.0000,0.0000,26,0,0,0,0,10,0,0,0,0
zc,TA301,2012-06-15 09:00:10.870,7128.0000,154406,18,0.0000,130.0000,74,56,多开,B,7128.0000,0.0000,0.0000,0.0000,0.0000,7130.0000,0.0000,0.0000,0.0000,0.0000,34,0,0,0,0,26,0,0,0,0
zc,TA301,2012-06-15 09:00:11.607,7130.0000,154434,28,0.0000,104.0000,66,38,多开,B,7130.0000,0.0000,0.0000,0.0000,0.0000,7132.0000,0.0000,0.0000,0.0000,0.0000,24,0,0,0,0,37,0,0,0,0
zc,TA301,2012-06-15 09:00:12.323,7132.0000,154408,-26,0.0000,34.0000,4,30,空平,B,7130.0000,0.0000,0.0000,0.0000,0.0000,7132.0000,0.0000,0.0000,0.0000,0.0000,39,0,0,0,0,12,0,0,0,0
zc,TA301,2012-06-15 09:00:12.807,7130.0000,154406,-2,0.0000,30.0000,14,16,多平,S,7130.0000,0.0000,0.0000,0.0000,0.0000,7132.0000,0.0000,0.0000,0.0000,0.0000,33,0,0,0,0,3,0,0,0,0
zc,TA301,2012-06-15 09:00:13.607,7130.0000,154412,6,0.0000,18.0000,12,6,空开,S,7132.0000,0.0000,0.0000,0.0000,0.0000,7134.0000,0.0000,0.0000,0.0000,0.0000,1,0,0,0,0,1,0,0,0,0
zc,TA301,2012-06-15 09:00:14.357,7132.0000,154398,-14,0.0000,50.0000,18,32,空平,B,7132.0000,0.0000,0.0000,0.0000,0.0000,7134.0000,0.0000,0.0000,0.0000,0.0000,1,0,0,0,0,1,0,0,0,0
zc,TA301,2012-06-15 09:00:14.823,7136.0000,154406,8,0.0000,102.0000,55,47,多开,B,7132.0000,0.0000,0.0000,0.0000,0.0000,7138.0000,0.0000,0.0000,0.0000,0.0000,1,0,0,0,0,315,0,0,0,0
zc,TA301,2012-06-15 09:00:15.573,7134.0000,154406,0,0.0000,52.0000,26,26,空换,S,7134.0000,0.0000,0.0000,0.0000,0.0000,7136.0000,0.0000,0.0000,0.0000,0.0000,175,0,0,0,0,4,0,0,0,0
zc,TA301,2012-06-15 09:00:16.057,7134.0000,154508,102,0.0000,176.0000,139,37,空开,S,7134.0000,0.0000,0.0000,0.0000,0.0000,7138.0000,0.0000,0.0000,0.0000,0.0000,162,0,0,0,0,264,0,0,0,0
zc,TA301,2012-06-15 09:00:17.107,7138.0000,154608,100,0.0000,112.0000,106,6,多开,B,7136.0000,0.0000,0.0000,0.0000,0.0000,7138.0000,0.0000,0.0000,0.0000,0.0000,20,0,0,0,0,209,0,0,0,0
zc,TA301,2012-06-15 09:00:17.557,7138.0000,154726,118,0.0000,194.0000,156,38,多开,B,7134.0000,0.0000,0.0000,0.0000,0.0000,7138.0000,0.0000,0.0000,0.0000,0.0000,137,0,0,0,0,136,0,0,0,0
zc,TA301,2012-06-15 09:00:18.370,7136.0000,154684,-42,0.0000,68.0000,13,55,多平,S,7134.0000,0.0000,0.0000,0.0000,0.0000,7136.0000,0.0000,0.0000,0.0000,0.0000,136,0,0,0,0,22,0,0,0,0
zc,TA301,2012-06-15 09:00:18.823,7136.0000,154680,-4,0.0000,48.0000,22,26,多平,S,7136.0000,0.0000,0.0000,0.0000,0.0000,7138.0000,0.0000,0.0000,0.0000,0.0000,48,0,0,0,0,134,0,0,0,0
zc,TA301,2012-06-15 09:00:20.137,7136.0000,154764,84,0.0000,226.0000,155,71,空开,S,7136.0000,0.0000,0.0000,0.0000,0.0000,7138.0000,0.0000,0.0000,0.0000,0.0000,3,0,0,0,0,91,0,0,0,0
zc,TA301,2012-06-15 09:00:21.357,7138.0000,154798,34,0.0000,72.0000,53,19,多开,B,7136.0000,0.0000,0.0000,0.0000,0.0000,7138.0000,0.0000,0.0000,0.0000,0.0000,5,0,0,0,0,70,0,0,0,0
zc,TA301,2012-06-15 09:00:21.840,7136.0000,154800,2,0.0000,8.0000,5,3,空开,S,7136.0000,0.0000,0.0000,0.0000,0.0000,7138.0000,0.0000,0.0000,0.0000,0.0000,13,0,0,0,0,71,0,0,0,0
zc,TA301,2012-06-15 09:00:22.557,7136.0000,154796,-4,0.0000,4.0000,0,4,双平,S,7136.0000,0.0000,0.0000,0.0000,0.0000,7138.0000,0.0000,0.0000,0.0000,0.0000,12,0,0,0,0,71,0,0,0,0
zc,TA301,2012-06-15 09:00:23.107,7136.0000,154868,72,0.0000,88.0000,80,8,空开,S,7136.0000,0.0000,0.0000,0.0000,0.0000,7138.0000,0.0000,0.0000,0.0000,0.0000,4,0,0,0,0,35,0,0,0,0
zc,TA301,2012-06-15 09:00:23.870,7136.0000,154906,38,0.0000,38.0000,38,0,双开,S,7134.0000,0.0000,0.0000,0.0000,0.0000,7136.0000,0.0000,0.0000,0.0000,0.0000,144,0,0,0,0,27,0,0,0,0
zc,TA301,2012-06-15 09:00:24.590,7136.0000,154908,2,0.0000,10.0000,6,4,空开,S,7134.0000,0.0000,0.0000,0.0000,0.0000,7136.0000,0.0000,0.0000,0.0000,0.0000,143,0,0,0,0,27,0,0,0,0
zc,TA301,2012-06-15 09:00:25.277,7134.0000,155148,240,0.0000,260.0000,250,10,空开,S,7134.0000,0.0000,0.0000,0.0000,0.0000,7136.0000,0.0000,0.0000,0.0000,0.0000,25,0,0,0,0,44,0,0,0,0
zc,TA301,2012-06-15 09:00:25.823,7134.0000,155162,14,0.0000,54.0000,34,20,空开,S,7132.0000,0.0000,0.0000,0.0000,0.0000,7134.0000,0.0000,0.0000,0.0000,0.0000,23,0,0,0,0,13,0,0,0,0
zc,TA301,2012-06-15 09:00:26.573,7136.0000,155192,30,0.0000,102.0000,66,36,多开,B,7132.0000,0.0000,0.0000,0.0000,0.0000,7136.0000,0.0000,0.0000,0.0000,0.0000,23,0,0,0,0,10,0,0,0,0
zc,TA301,2012-06-15 09:00:27.057,7132.0000,155220,28,0.0000,34.0000,31,3,空开,S,7132.0000,0.0000,0.0000,0.0000,0.0000,7134.0000,0.0000,0.0000,0.0000,0.0000,11,0,0,0,0,2,0,0,0,0
zc,TA301,2012-06-15 09:00:27.840,7136.0000,155268,48,0.0000,136.0000,92,44,多开,B,7136.0000,0.0000,0.0000,0.0000,0.0000,7138.0000,0.0000,0.0000,0.0000,0.0000,245,0,0,0,0,111,0,0,0,0
zc,TA301,2012-06-15 09:00:28.307,7136.0000,155384,116,0.0000,266.0000,191,75,多开,B,7136.0000,0.0000,0.0000,0.0000,0.0000,7138.0000,0.0000,0.0000,0.0000,0.0000,112,0,0,0,0,107,0,0,0,0
zc,TA301,2012-06-15 09:00:29.073,7136.0000,155414,30,0.0000,46.0000,38,8,多开,B,7136.0000,0.0000,0.0000,0.0000,0.0000,7138.0000,0.0000,0.0000,0.0000,0.0000,89,0,0,0,0,107,0,0,0,0
zc,TA301,2012-06-15 09:00:29.590,7138.0000,155540,126,0.0000,330.0000,228,102,多开,B,7138.0000,0.0000,0.0000,0.0000,0.0000,7140.0000,0.0000,0.0000,0.0000,0.0000,27,0,0,0,0,73,0,0,0,0
zc,TA301,2012-06-15 09:00:30.557,7136.0000,155540,0,0.0000,78.0000,39,39,空换,S,7136.0000,0.0000,0.0000,0.0000,0.0000,7140.0000,0.0000,0.0000,0.0000,0.0000,65,0,0,0,0,73,0,0,0,0
zc,TA301,2012-06-15 09:00:31.307,7140.0000,155542,2,0.0000,10.0000,6,4,多开,B,7136.0000,0.0000,0.0000,0.0000,0.0000,7140.0000,0.0000,0.0000,0.0000,0.0000,61,0,0,0,0,63,0,0,0,0
zc,TA301,2012-06-15 09:00:31.857,7138.0000,155540,-2,0.0000,12.0000,5,7,多平,S,7136.0000,0.0000,0.0000,0.0000,0.0000,7138.0000,0.0000,0.0000,0.0000,0.0000,61,0,0,0,0,6,0,0,0,0
zc,TA301,2012-06-15 09:00:32.543,7138.0000,155634,94,0.0000,244.0000,169,75,空开,S,7136.0000,0.0000,0.0000,0.0000,0.0000,7140.0000,0.0000,0.0000,0.0000,0.0000,51,0,0,0,0,15,0,0,0,0
zc,TA301,2012-06-15 09:00:33.370,7138.0000,155640,6,0.0000,98.0000,52,46,空开,S,7136.0000,0.0000,0.0000,0.0000,0.0000,7138.0000,0.0000,0.0000,0.0000,0.0000,8,0,0,0,0,2,0,0,0,0
zc,TA301,2012-06-15 09:00:34.073,7136.0000,155640,0,0.0000,34.0000,17,17,空换,S,7134.0000,0.0000,0.0000,0.0000,0.0000,7136.0000,0.0000,0.0000,0.0000,0.0000,7,0,0,0,0,16,0,0,0,0
zc,TA301,2012-06-15 09:00:34.590,7134.0000,155640,0,0.0000,20.0000,10,10,空换,S,7134.0000,0.0000,0.0000,0.0000,0.0000,7136.0000,0.0000,0.0000,0.0000,0.0000,11,0,0,0,0,8,0,0,0,0
zc,TA301,2012-06-15 09:00:35.107,7136.0000,155638,-2,0.0000,14.0000,6,8,空平,B,7134.0000,0.0000,0.0000,0.0000,0.0000,7136.0000,0.0000,0.0000,0.0000,0.0000,6,0,0,0,0,3,0,0,0,0
zc,TA301,2012-06-15 09:00:35.857,7136.0000,155638,0,0.0000,0.0000,0,0,多换,B,7134.0000,0.0000,0.0000,0.0000,0.0000,7136.0000,0.0000,0.0000,0.0000,0.0000,8,0,0,0,0,3,0,0,0,0
zc,TA301,2012-06-15 09:00:36.307,7136.0000,155630,-8,0.0000,8.0000,0,8,双平,B,7136.0000,0.0000,0.0000,0.0000,0.0000,7138.0000,0.0000,0.0000,0.0000,0.0000,1,0,0,0,0,8,0,0,0,0
zc,TA301,2012-06-15 09:00:37.043,7136.0000,155630,0,0.0000,0.0000,0,0,多换,B,7136.0000,0.0000,0.0000,0.0000,0.0000,7138.0000,0.0000,0.0000,0.0000,0.0000,18,0,0,0,0,9,0,0,0,0
zc,TA301,2012-06-15 09:00:37.557,7140.0000,155626,-4,0.0000,22.0000,9,13,空平,B,7138.0000,0.0000,0.0000,0.0000,0.0000,7140.0000,0.0000,0.0000,0.0000,0.0000,1,0,0,0,0,10,0,0,0,0
zc,TA301,2012-06-15 09:00:38.277,7138.0000,155622,-4,0.0000,6.0000,1,5,多平,S,7138.0000,0.0000,0.0000,0.0000,0.0000,7140.0000,0.0000,0.0000,0.0000,0.0000,3,0,0,0,0,12,0,0,0,0
zc,TA301,2012-06-15 09:00:38.557,7138.0000,155640,18,0.0000,64.0000,41,23,空开,S,7138.0000,0.0000,0.0000,0.0000,0.0000,7140.0000,0.0000,0.0000,0.0000,0.0000,9,0,0,0,0,13,0,0,0,0
zc,TA301,2012-06-15 09:00:39.573,7138.0000,155624,-16,0.0000,40.0000,12,28,多平,S,7138.0000,0.0000,0.0000,0.0000,0.0000,7140.0000,0.0000,0.0000,0.0000,0.0000,5,0,0,0,0,11,0,0,0,0
zc,TA301,2012-06-15 09:00:40.043,7140.0000,155612,-12,0.0000,22.0000,5,17,空平,B,7138.0000,0.0000,0.0000,0.0000,0.0000,7140.0000,0.0000,0.0000,0.0000,0.0000,6,0,0,0,0,6,0,0,0,0
zc,TA301,2012-06-15 09:00:40.823,7138.0000,155604,-8,0.0000,12.0000,2,10,多平,S,7138.0000,0.0000,0.0000,0.0000,0.0000,7140.0000,0.0000,0.0000,0.0000,0.0000,16,0,0,0,0,17,0,0,0,0
zc,TA301,2012-06-15 09:00:41.357,7140.0000,155580,-24,0.0000,42.0000,9,33,空平,B,7140.0000,0.0000,0.0000,0.0000,0.0000,7142.0000,0.0000,0.0000,0.0000,0.0000,3,0,0,0,0,9,0,0,0,0
zc,TA301,2012-06-15 09:00:42.057,7140.0000,155552,-28,0.0000,36.0000,4,32,空平,B,7140.0000,0.0000,0.0000,0.0000,0.0000,7142.0000,0.0000,0.0000,0.0000,0.0000,18,0,0,0,0,9,0,0,0,0
zc,TA301,2012-06-15 09:00:42.543,7140.0000,155550,-2,0.0000,2.0000,0,2,双平,B,7140.0000,0.0000,0.0000,0.0000,0.0000,7142.0000,0.0000,0.0000,0.0000,0.0000,18,0,0,0,0,9,0,0,0,0
zc,TA301,2012-06-15 09:00:43.357,7144.0000,155604,54,0.0000,144.0000,99,45,多开,B,7142.0000,0.0000,0.0000,0.0000,0.0000,7144.0000,0.0000,0.0000,0.0000,0.0000,1,0,0,0,0,4,0,0,0,0
zc,TA301,2012-06-15 09:00:43.823,7142.0000,155598,-6,0.0000,20.0000,7,13,多平,S,7140.0000,0.0000,0.0000,0.0000,0.0000,7146.0000,0.0000,0.0000,0.0000,0.0000,7,0,0,0,0,6,0,0,0,0
zc,TA301,2012-06-15 09:00:44.323,7146.0000,155628,30,0.0000,46.0000,38,8,多开,B,7142.0000,0.0000,0.0000,0.0000,0.0000,7146.0000,0.0000,0.0000,0.0000,0.0000,1,0,0,0,0,4,0,0,0,0
zc,TA301,2012-06-15 09:00:45.043,7140.0000,155632,4,0.0000,20.0000,12,8,空开,S,7140.0000,0.0000,0.0000,0.0000,0.0000,7142.0000,0.0000,0.0000,0.0000,0.0000,2,0,0,0,0,1,0,0,0,0
zc,TA301,2012-06-15 09:00:45.840,7140.0000,155648,16,0.0000,20.0000,18,2,空开,S,7138.0000,0.0000,0.0000,0.0000,0.0000,7140.0000,0.0000,0.0000,0.0000,0.0000,13,0,0,0,0,11,0,0,0,0
zc,TA301,2012-06-15 09:00:46.357,7140.0000,155642,-6,0.0000,30.0000,12,18,多平,S,7138.0000,0.0000,0.0000,0.0000,0.0000,7146.0000,0.0000,0.0000,0.0000,0.0000,11,0,0,0,0,38,0,0,0,0
zc,TA301,2012-06-15 09:00:47.057,7142.0000,155648,6,0.0000,22.0000,14,8,多开,B,7140.0000,0.0000,0.0000,0.0000,0.0000,7142.0000,0.0000,0.0000,0.0000,0.0000,1,0,0,0,0,141,0,0,0,0
zc,TA301,2012-06-15 09:00:47.557,7140.0000,155650,2,0.0000,8.0000,5,3,空开,S,7138.0000,0.0000,0.0000,0.0000,0.0000,7140.0000,0.0000,0.0000,0.0000,0.0000,4,0,0,0,0,2,0,0,0,0
zc,TA301,2012-06-15 09:00:48.357,7142.0000,155652,2,0.0000,22.0000,12,10,多开,B,7140.0000,0.0000,0.0000,0.0000,0.0000,7142.0000,0.0000,0.0000,0.0000,0.0000,1,0,0,0,0,136,0,0,0,0
zc,TA301,2012-06-15 09:00:49.057,7136.0000,155608,-44,0.0000,52.0000,4,48,多平,S,7136.0000,0.0000,0.0000,0.0000,0.0000,7138.0000,0.0000,0.0000,0.0000,0.0000,19,0,0,0,0,30,0,0,0,0
zc,TA301,2012-06-15 09:00:49.823,7138.0000,155608,0,0.0000,16.0000,8,8,多换,B,7136.0000,0.0000,0.0000,0.0000,0.0000,7138.0000,0.0000,0.0000,0.0000,0.0000,24,0,0,0,0,22,0,0,0,0
zc,TA301,2012-06-15 09:00:50.293,7136.0000,155608,0,0.0000,6.0000,3,3,空换,S,7136.0000,0.0000,0.0000,0.0000,0.0000,7138.0000,0.0000,0.0000,0.0000,0.0000,25,0,0,0,0,21,0,0,0,0
zc,TA301,2012-06-15 09:00:50.840,7138.0000,155608,0,0.0000,4.0000,2,2,多换,B,7136.0000,0.0000,0.0000,0.0000,0.0000,7138.0000,0.0000,0.0000,0.0000,0.0000,25,0,0,0,0,19,0,0,0,0
zc,TA301,2012-06-15 09:00:51.543,7134.0000,155592,-16,0.0000,104.0000,44,60,多平,S,7132.0000,0.0000,0.0000,0.0000,0.0000,7138.0000,0.0000,0.0000,0.0000,0.0000,20,0,0,0,0,17,0,0,0,0
zc,TA301,2012-06-15 09:00:52.277,7134.0000,155592,0,0.0000,0.0000,0,0,空换,S,7134.0000,0.0000,0.0000,0.0000,0.0000,7138.0000,0.0000,0.0000,0.0000,0.0000,11,0,0,0,0,17,0,0,0,0
zc,TA301,2012-06-15 09:00:52.823,7138.0000,155592,0,0.0000,16.0000,8,8,多换,B,7134.0000,0.0000,0.0000,0.0000,0.0000,7136.0000,0.0000,0.0000,0.0000,0.0000,17,0,0,0,0,1,0,0,0,0
zc,TA301,2012-06-15 09:00:53.510,7134.0000,155592,0,0.0000,8.0000,4,4,空换,S,7134.0000,0.0000,0.0000,0.0000,0.0000,7136.0000,0.0000,0.0000,0.0000,0.0000,13,0,0,0,0,1,0,0,0,0
zc,TA301,2012-06-15 09:00:54.307,7134.0000,155592,0,0.0000,2.0000,1,1,空换,S,7134.0000,0.0000,0.0000,0.0000,0.0000,7136.0000,0.0000,0.0000,0.0000,0.0000,12,0,0,0,0,1,0,0,0,0
zc,TA301,2012-06-15 09:00:54.573,7134.0000,155576,-16,0.0000,24.0000,4,20,多平,S,7134.0000,0.0000,0.0000,0.0000,0.0000,7138.0000,0.0000,0.0000,0.0000,0.0000,4,0,0,0,0,26,0,0,0,0
zc,TA301,2012-06-15 09:00:55.293,7134.0000,155574,-2,0.0000,6.0000,2,4,多平,S,7134.0000,0.0000,0.0000,0.0000,0.0000,7138.0000,0.0000,0.0000,0.0000,0.0000,3,0,0,0,0,25,0,0,0,0
zc,TA301,2012-06-15 09:00:55.823,7136.0000,155586,12,0.0000,38.0000,25,13,多开,B,7136.0000,0.0000,0.0000,0.0000,0.0000,7138.0000,0.0000,0.0000,0.0000,0.0000,15,0,0,0,0,21,0,0,0,0
zc,TA301,2012-06-15 09:00:56.573,7138.0000,155604,18,0.0000,30.0000,24,6,多开,B,7136.0000,0.0000,0.0000,0.0000,0.0000,7138.0000,0.0000,0.0000,0.0000,0.0000,10,0,0,0,0,14,0,0,0,0
zc,TA301,2012-06-15 09:00:57.027,7138.0000,155628,24,0.0000,28.0000,26,2,多开,B,7136.0000,0.0000,0.0000,0.0000,0.0000,7138.0000,0.0000,0.0000,0.0000,0.0000,3,0,0,0,0,7,0,0,0,0
zc,TA301,2012-06-15 09:00:57.793,7136.0000,155632,4,0.0000,6.0000,5,1,空开,S,7134.0000,0.0000,0.0000,0.0000,0.0000,7138.0000,0.0000,0.0000,0.0000,0.0000,44,0,0,0,0,7,0,0,0,0
zc,TA301,2012-06-15 09:00:58.307,7138.0000,155680,48,0.0000,70.0000,59,11,多开,B,7138.0000,0.0000,0.0000,0.0000,0.0000,7140.0000,0.0000,0.0000,0.0000,0.0000,15,0,0,0,0,40,0,0,0,0
zc,TA301,2012-06-15 09:00:59.090,7138.0000,155768,88,0.0000,98.0000,93,5,多开,B,7136.0000,0.0000,0.0000,0.0000,0.0000,7138.0000,0.0000,0.0000,0.0000,0.0000,150,0,0,0,0,3,0,0,0,0
zc,TA301,2012-06-15 09:00:59.557,7138.0000,155768,0,0.0000,30.0000,15,15,多换,B,7136.0000,0.0000,0.0000,0.0000,0.0000,7138.0000,0.0000,0.0000,0.0000,0.0000,138,0,0,0,0,8,0,0,0,0
zc,TA301,2012-06-15 09:01:00.307,7138.0000,155768,0,0.0000,0.0000,0,0,多换,B,7136.0000,0.0000,0.0000,0.0000,0.0000,7138.0000,0.0000,0.0000,0.0000,0.0000,138,0,0,0,0,2,0,0,0,0
zc,TA301,2012-06-15 09:01:00.777,7136.0000,155796,28,0.0000,54.0000,41,13,空开,S,7136.0000,0.0000,0.0000,0.0000,0.0000,7140.0000,0.0000,0.0000,0.0000,0.0000,114,0,0,0,0,37,0,0,0,0
zc,TA301,2012-06-15 09:01:01.543,7136.0000,155796,0,0.0000,0.0000,0,0,空换,S,7136.0000,0.0000,0.0000,0.0000,0.0000,7140.0000,0.0000,0.0000,0.0000,0.0000,115,0,0,0,0,42,0,0,0,0
zc,TA301,2012-06-15 09:01:02.057,7140.0000,155788,-8,0.0000,30.0000,11,19,空平,B,7136.0000,0.0000,0.0000,0.0000,0.0000,7140.0000,0.0000,0.0000,0.0000,0.0000,115,0,0,0,0,31,0,0,0,0
zc,TA301,2012-06-15 09:01:02.760,7136.0000,155794,6,0.0000,8.0000,7,1,空开,S,7136.0000,0.0000,0.0000,0.0000,0.0000,7138.0000,0.0000,0.0000,0.0000,0.0000,114,0,0,0,0,1,0,0,0,0
zc,TA301,2012-06-15 09:01:03.323,7136.0000,155796,2,0.0000,12.0000,7,5,空开,S,7136.0000,0.0000,0.0000,0.0000,0.0000,7140.0000,0.0000,0.0000,0.0000,0.0000,111,0,0,0,0,32,0,0,0,0
zc,TA301,2012-06-15 09:01:04.073,7138.0000,155808,12,0.0000,12.0000,12,0,双开,B,7136.0000,0.0000,0.0000,0.0000,0.0000,7140.0000,0.0000,0.0000,0.0000,0.0000,112,0,0,0,0,32,0,0,0,0
zc,TA301,2012-06-15 09:01:04.793,7140.0000,155816,8,0.0000,10.0000,9,1,多开,B,7136.0000,0.0000,0.0000,0.0000,0.0000,7140.0000,0.0000,0.0000,0.0000,0.0000,122,0,0,0,0,29,0,0,0,0
zc,TA301,2012-06-15 09:01:05.307,7136.0000,155814,-2,0.0000,6.0000,2,4,多平,S,7136.0000,0.0000,0.0000,0.0000,0.0000,7140.0000,0.0000,0.0000,0.0000,0.0000,111,0,0,0,0,32,0,0,0,0
zc,TA301,2012-06-15 09:01:06.010,7140.0000,155814,0,0.0000,8.0000,4,4,多换,B,7136.0000,0.0000,0.0000,0.0000,0.0000,7140.0000,0.0000,0.0000,0.0000,0.0000,111,0,0,0,0,28,0,0,0,0
zc,TA301,2012-06-15 09:01:06.510,7136.0000,155816,2,0.0000,6.0000,4,2,空开,S,7136.0000,0.0000,0.0000,0.0000,0.0000,7138.0000,0.0000,0.0000,0.0000,0.0000,108,0,0,0,0,1,0,0,0,0
zc,TA301,2012-06-15 09:01:07.323,7138.0000,155818,2,0.0000,4.0000,3,1,多开,B,7136.0000,0.0000,0.0000,0.0000,0.0000,7138.0000,0.0000,0.0000,0.0000,0.0000,117,0,0,0,0,1,0,0,0,0
zc,TA301,2012-06-15 09:01:07.543,7138.0000,155818,0,0.0000,2.0000,1,1,多换,B,7136.0000,0.0000,0.0000,0.0000,0.0000,7138.0000,0.0000,0.0000,0.0000,0.0000,107,0,0,0,0,1,0,0,0,0
zc,TA301,2012-06-15 09:01:08.293,7138.0000,155838,20,0.0000,36.0000,28,8,多开,B,7138.0000,0.0000,0.0000,0.0000,0.0000,7140.0000,0.0000,0.0000,0.0000,0.0000,8,0,0,0,0,30,0,0,0,0
zc,TA301,2012-06-15 09:01:08.807,7140.0000,155820,-18,0.0000,122.0000,52,70,空平,B,7136.0000,0.0000,0.0000,0.0000,0.0000,7138.0000,0.0000,0.0000,0.0000,0.0000,65,0,0,0,0,1,0,0,0,0
zc,TA301,2012-06-15 09:01:09.793,7138.0000,155822,2,0.0000,8.0000,5,3,空开,S,7136.0000,0.0000,0.0000,0.0000,0.0000,7138.0000,0.0000,0.0000,0.0000,0.0000,58,0,0,0,0,1,0,0,0,0
zc,TA301,2012-06-15 09:01:10.307,7138.0000,155822,0,0.0000,8.0000,4,4,空换,S,7138.0000,0.0000,0.0000,0.0000,0.0000,7140.0000,0.0000,0.0000,0.0000,0.0000,18,0,0,0,0,193,0,0,0,0
zc,TA301,2012-06-15 09:01:11.043,7138.0000,155804,-18,0.0000,22.0000,2,20,多平,S,7138.0000,0.0000,0.0000,0.0000,0.0000,7140.0000,0.0000,0.0000,0.0000,0.0000,10,0,0,0,0,193,0,0,0,0
zc,TA301,2012-06-15 09:01:11.607,7138.0000,155802,-2,0.0000,14.0000,6,8,多平,S,7138.0000,0.0000,0.0000,0.0000,0.0000,7140.0000,0.0000,0.0000,0.0000,0.0000,114,0,0,0,0,195,0,0,0,0
zc,TA301,2012-06-15 09:01:12.260,7138.0000,155806,4,0.0000,4.0000,4,0,双开,S,7138.0000,0.0000,0.0000,0.0000,0.0000,7140.0000,0.0000,0.0000,0.0000,0.0000,113,0,0,0,0,209,0,0,0,0
zc,TA301,2012-06-15 09:01:12.823,7138.0000,155806,0,0.0000,0.0000,0,0,空换,S,7138.0000,0.0000,0.0000,0.0000,0.0000,7140.0000,0.0000,0.0000,0.0000,0.0000,113,0,0,0,0,208,0,0,0,0
zc,TA301,2012-06-15 09:01:13.293,7138.0000,155840,34,0.0000,34.0000,34,0,双开,S,7138.0000,0.0000,0.0000,0.0000,0.0000,7140.0000,0.0000,0.0000,0.0000,0.0000,96,0,0,0,0,201,0,0,0,0
zc,TA301,2012-06-15 09:01:13.793,7138.0000,155844,4,0.0000,14.0000,9,5,空开,S,7138.0000,0.0000,0.0000,0.0000,0.0000,7140.0000,0.0000,0.0000,0.0000,0.0000,91,0,0,0,0,208,0,0,0,0
zc,TA301,2012-06-15 09:01:14.510,7138.0000,155844,0,0.0000,4.0000,2,2,空换,S,7138.0000,0.0000,0.0000,0.0000,0.0000,7140.0000,0.0000,0.0000,0.0000,0.0000,90,0,0,0,0,211,0,0,0,0
zc,TA301,2012-06-15 09:01:15.260,7140.0000,155868,24,0.0000,28.0000,26,2,多开,B,7138.0000,0.0000,0.0000,0.0000,0.0000,7140.0000,0.0000,0.0000,0.0000,0.0000,79,0,0,0,0,224,0,0,0,0
zc,TA301,2012-06-15 09:01:15.480,7138.0000,155868,0,0.0000,22.0000,11,11,空换,S,7138.0000,0.0000,0.0000,0.0000,0.0000,7140.0000,0.0000,0.0000,0.0000,0.0000,98,0,0,0,0,224,0,0,0,0
zc,TA301,2012-06-15 09:01:16.307,7140.0000,155922,54,0.0000,78.0000,66,12,多开,B,7138.0000,0.0000,0.0000,0.0000,0.0000,7140.0000,0.0000,0.0000,0.0000,0.0000,60,0,0,0,0,223,0,0,0,0
zc,TA301,2012-06-15 09:01:16.793,7138.0000,155956,34,0.0000,68.0000,51,17,空开,S,7138.0000,0.0000,0.0000,0.0000,0.0000,7140.0000,0.0000,0.0000,0.0000,0.0000,26,0,0,0,0,224,0,0,0,0
zc,TA301,2012-06-15 09:01:17.543,7140.0000,155954,-2,0.0000,6.0000,2,4,空平,B,7138.0000,0.0000,0.0000,0.0000,0.0000,7140.0000,0.0000,0.0000,0.0000,0.0000,24,0,0,0,0,225,0,0,0,0
zc,TA301,2012-06-15 09:01:18.010,7138.0000,155946,-8,0.0000,48.0000,20,28,多平,S,7136.0000,0.0000,0.0000,0.0000,0.0000,7138.0000,0.0000,0.0000,0.0000,0.0000,52,0,0,0,0,1,0,0,0,0
zc,TA301,2012-06-15 09:01:18.777,7140.0000,155948,2,0.0000,4.0000,3,1,多开,B,7136.0000,0.0000,0.0000,0.0000,0.0000,7140.0000,0.0000,0.0000,0.0000,0.0000,52,0,0,0,0,228,0,0,0,0
zc,TA301,2012-06-15 09:01:19.340,7136.0000,155990,42,0.0000,50.0000,46,4,空开,S,7138.0000,0.0000,0.0000,0.0000,0.0000,7140.0000,0.0000,0.0000,0.0000,0.0000,2,0,0,0,0,161,0,0,0,0
zc,TA301,2012-06-15 09:01:20.307,7136.0000,156024,34,0.0000,34.0000,34,0,双开,S,7136.0000,0.0000,0.0000,0.0000,0.0000,7140.0000,0.0000,0.0000,0.0000,0.0000,48,0,0,0,0,157,0,0,0,0
zc,TA301,2012-06-15 09:01:20.807,7138.0000,156100,76,0.0000,78.0000,77,1,多开,B,7138.0000,0.0000,0.0000,0.0000,0.0000,7140.0000,0.0000,0.0000,0.0000,0.0000,1,0,0,0,0,158,0,0,0,0
zc,TA301,2012-06-15 09:01:21.527,7138.0000,156302,202,0.0000,202.0000,202,0,双开,B,7138.0000,0.0000,0.0000,0.0000,0.0000,7140.0000,0.0000,0.0000,0.0000,0.0000,103,0,0,0,0,165,0,0,0,0
zc,TA301,2012-06-15 09:01:22.057,7138.0000,156362,60,0.0000,70.0000,65,5,多开,B,7138.0000,0.0000,0.0000,0.0000,0.0000,7140.0000,0.0000,0.0000,0.0000,0.0000,68,0,0,0,0,165,0,0,0,0
zc,TA301,2012-06-15 09:01:22.777,7138.0000,156364,2,0.0000,62.0000,32,30,多开,B,7138.0000,0.0000,0.0000,0.0000,0.0000,7140.0000,0.0000,0.0000,0.0000,0.0000,37,0,0,0,0,180,0,0,0,0
zc,TA301,2012-06-15 09:01:23.293,7138.0000,156424,60,0.0000,72.0000,66,6,多开,B,7138.0000,0.0000,0.0000,0.0000,0.0000,7140.0000,0.0000,0.0000,0.0000,0.0000,2,0,0,0,0,246,0,0,0,0
zc,TA301,2012-06-15 09:01:23.997,7138.0000,156470,46,0.0000,48.0000,47,1,多开,B,7136.0000,0.0000,0.0000,0.0000,0.0000,7138.0000,0.0000,0.0000,0.0000,0.0000,17,0,0,0,0,3,0,0,0,0
zc,TA301,2012-06-15 09:01:24.307,7138.0000,156470,0,0.0000,0.0000,0,0,多换,B,7136.0000,0.0000,0.0000,0.0000,0.0000,7138.0000,0.0000,0.0000,0.0000,0.0000,17,0,0,0,0,12,0,0,0,0
zc,TA301,2012-06-15 09:01:24.997,7138.0000,156470,0,0.0000,0.0000,0,0,多换,B,7136.0000,0.0000,0.0000,0.0000,0.0000,7138.0000,0.0000,0.0000,0.0000,0.0000,17,0,0,0,0,13,0,0,0,0
zc,TA301,2012-06-15 09:01:26.293,7138.0000,156466,-4,0.0000,50.0000,23,27,空平,B,7134.0000,0.0000,0.0000,0.0000,0.0000,7138.0000,0.0000,0.0000,0.0000,0.0000,61,0,0,0,0,8,0,0,0,0
zc,TA301,2012-06-15 09:01:26.807,7138.0000,156468,2,0.0000,2.0000,2,0,双开,B,7134.0000,0.0000,0.0000,0.0000,0.0000,7138.0000,0.0000,0.0000,0.0000,0.0000,61,0,0,0,0,12,0,0,0,0
zc,TA301,2012-06-15 09:01:27.557,7138.0000,156620,152,0.0000,190.0000,171,19,多开,B,7138.0000,0.0000,0.0000,0.0000,0.0000,7140.0000,0.0000,0.0000,0.0000,0.0000,11,0,0,0,0,140,0,0,0,0
zc,TA301,2012-06-15 09:01:28.323,7138.0000,156620,0,0.0000,20.0000,10,10,多换,B,7138.0000,0.0000,0.0000,0.0000,0.0000,7140.0000,0.0000,0.0000,0.0000,0.0000,2,0,0,0,0,141,0,0,0,0
zc,TA301,2012-06-15 09:01:28.807,7138.0000,156620,0,0.0000,0.0000,0,0,多换,B,7138.0000,0.0000,0.0000,0.0000,0.0000,7140.0000,0.0000,0.0000,0.0000,0.0000,2,0,0,0,0,142,0,0,0,0
zc,TA301,2012-06-15 09:01:29.293,7140.0000,156604,-16,0.0000,24.0000,4,20,空平,B,7136.0000,0.0000,0.0000,0.0000,0.0000,7140.0000,0.0000,0.0000,0.0000,0.0000,1,0,0,0,0,140,0,0,0,0
zc,TA301,2012-06-15 09:01:29.760,7140.0000,156604,0,0.0000,2.0000,1,1,多换,B,7136.0000,0.0000,0.0000,0.0000,0.0000,7140.0000,0.0000,0.0000,0.0000,0.0000,1,0,0,0,0,140,0,0,0,0
zc,TA301,2012-06-15 09:01:30.557,7136.0000,156604,0,0.0000,4.0000,2,2,空换,S,7136.0000,0.0000,0.0000,0.0000,0.0000,7140.0000,0.0000,0.0000,0.0000,0.0000,30,0,0,0,0,145,0,0,0,0
zc,TA301,2012-06-15 09:01:31.057,7140.0000,156634,30,0.0000,30.0000,30,0,双开,B,7136.0000,0.0000,0.0000,0.0000,0.0000,7138.0000,0.0000,0.0000,0.0000,0.0000,30,0,0,0,0,1,0,0,0,0
zc,TA301,2012-06-15 09:01:31.497,7138.0000,156634,0,0.0000,4.0000,2,2,空换,S,7136.0000,0.0000,0.0000,0.0000,0.0000,7140.0000,0.0000,0.0000,0.0000,0.0000,29,0,0,0,0,132,0,0,0,0
zc,TA301,2012-06-15 09:01:32.260,7136.0000,156636,2,0.0000,2.0000,2,0,双开,S,7136.0000,0.0000,0.0000,0.0000,0.0000,7140.0000,0.0000,0.0000,0.0000,0.0000,28,0,0,0,0,133,0,0,0,0
zc,TA301,2012-06-15 09:01:32.777,7136.0000,156636,0,0.0000,0.0000,0,0,空换,S,7136.0000,0.0000,0.0000,0.0000,0.0000,7140.0000,0.0000,0.0000,0.0000,0.0000,28,0,0,0,0,135,0,0,0,0
zc,TA301,2012-06-15 09:01:33.510,7136.0000,156636,0,0.0000,6.0000,3,3,空换,S,7136.0000,0.0000,0.0000,0.0000,0.0000,7140.0000,0.0000,0.0000,0.0000,0.0000,25,0,0,0,0,135,0,0,0,0
zc,TA301,2012-06-15 09:01:33.777,7136.0000,156636,0,0.0000,2.0000,1,1,空换,S,7136.0000,0.0000,0.0000,0.0000,0.0000,7138.0000,0.0000,0.0000,0.0000,0.0000,26,0,0,0,0,1,0,0,0,0
zc,TA301,2012-06-15 09:01:34.807,7136.0000,156636,0,0.0000,0.0000,0,0,空换,S,7136.0000,0.0000,0.0000,0.0000,0.0000,7138.0000,0.0000,0.0000,0.0000,0.0000,7,0,0,0,0,13,0,0,0,0
zc,TA301,2012-06-15 09:01:35.260,7136.0000,156636,0,0.0000,0.0000,0,0,空换,S,7136.0000,0.0000,0.0000,0.0000,0.0000,7138.0000,0.0000,0.0000,0.0000,0.0000,7,0,0,0,0,14,0,0,0,0
zc,TA301,2012-06-15 09:01:36.527,7138.0000,156636,0,0.0000,4.0000,2,2,多换,B,7136.0000,0.0000,0.0000,0.0000,0.0000,7138.0000,0.0000,0.0000,0.0000,0.0000,7,0,0,0,0,43,0,0,0,0
zc,TA301,2012-06-15 09:01:37.307,7138.0000,156670,34,0.0000,62.0000,48,14,多开,B,7136.0000,0.0000,0.0000,0.0000,0.0000,7138.0000,0.0000,0.0000,0.0000,0.0000,6,0,0,0,0,13,0,0,0,0
zc,TA301,2012-06-15 09:01:37.840,7136.0000,156674,4,0.0000,16.0000,10,6,空开,S,7134.0000,0.0000,0.0000,0.0000,0.0000,7138.0000,0.0000,0.0000,0.0000,0.0000,70,0,0,0,0,17,0,0,0,0
zc,TA301,2012-06-15 09:01:38.527,7136.0000,156674,0,0.0000,0.0000,0,0,空换,S,7134.0000,0.0000,0.0000,0.0000,0.0000,7136.0000,0.0000,0.0000,0.0000,0.0000,70,0,0,0,0,5,0,0,0,0
zc,TA301,2012-06-15 09:01:38.823,7136.0000,156666,-8,0.0000,10.0000,1,9,多平,S,7136.0000,0.0000,0.0000,0.0000,0.0000,7138.0000,0.0000,0.0000,0.0000,0.0000,5,0,0,0,0,17,0,0,0,0
zc,TA301,2012-06-15 09:01:39.573,7138.0000,156668,2,0.0000,34.0000,18,16,多开,B,7138.0000,0.0000,0.0000,0.0000,0.0000,7140.0000,0.0000,0.0000,0.0000,0.0000,34,0,0,0,0,147,0,0,0,0
zc,TA301,2012-06-15 09:01:40.090,7138.0000,156648,-20,0.0000,20.0000,0,20,双平,B,7138.0000,0.0000,0.0000,0.0000,0.0000,7140.0000,0.0000,0.0000,0.0000,0.0000,24,0,0,0,0,157,0,0,0,0
zc,TA301,2012-06-15 09:01:40.793,7138.0000,156638,-10,0.0000,10.0000,0,10,双平,B,7138.0000,0.0000,0.0000,0.0000,0.0000,7140.0000,0.0000,0.0000,0.0000,0.0000,19,0,0,0,0,157,0,0,0,0
zc,TA301,2012-06-15 09:01:41.557,7140.0000,156656,18,0.0000,18.0000,18,0,双开,B,7138.0000,0.0000,0.0000,0.0000,0.0000,7140.0000,0.0000,0.0000,0.0000,0.0000,19,0,0,0,0,148,0,0,0,0
zc,TA301,2012-06-15 09:01:42.057,7138.0000,156710,54,0.0000,78.0000,66,12,空开,S,7138.0000,0.0000,0.0000,0.0000,0.0000,7140.0000,0.0000,0.0000,0.0000,0.0000,10,0,0,0,0,114,0,0,0,0
zc,TA301,2012-06-15 09:01:42.793,7136.0000,156694,-16,0.0000,24.0000,4,20,多平,S,7136.0000,0.0000,0.0000,0.0000,0.0000,7138.0000,0.0000,0.0000,0.0000,0.0000,3,0,0,0,0,1,0,0,0,0
zc,TA301,2012-06-15 09:01:43.293,7138.0000,156734,40,0.0000,46.0000,43,3,多开,B,7138.0000,0.0000,0.0000,0.0000,0.0000,7140.0000,0.0000,0.0000,0.0000,0.0000,17,0,0,0,0,95,0,0,0,0
zc,TA301,2012-06-15 09:01:44.043,7138.0000,156734,0,0.0000,2.0000,1,1,多换,B,7138.0000,0.0000,0.0000,0.0000,0.0000,7140.0000,0.0000,0.0000,0.0000,0.0000,29,0,0,0,0,96,0,0,0,0
zc,TA301,2012-06-15 09:01:44.527,7138.0000,156726,-8,0.0000,44.0000,18,26,空平,B,7138.0000,0.0000,0.0000,0.0000,0.0000,7140.0000,0.0000,0.0000,0.0000,0.0000,29,0,0,0,0,86,0,0,0,0
zc,TA301,2012-06-15 09:01:45.277,7138.0000,156722,-4,0.0000,30.0000,13,17,空平,B,7138.0000,0.0000,0.0000,0.0000,0.0000,7140.0000,0.0000,0.0000,0.0000,0.0000,29,0,0,0,0,82,0,0,0,0
zc,TA301,2012-06-15 09:01:45.760,7138.0000,156722,0,0.0000,0.0000,0,0,多换,B,7138.0000,0.0000,0.0000,0.0000,0.0000,7140.0000,0.0000,0.0000,0.0000,0.0000,30,0,0,0,0,82,0,0,0,0
zc,TA301,2012-06-15 09:01:46.527,7138.0000,156722,0,0.0000,0.0000,0,0,多换,B,7138.0000,0.0000,0.0000,0.0000,0.0000,7140.0000,0.0000,0.0000,0.0000,0.0000,31,0,0,0,0,82,0,0,0,0
zc,TA301,2012-06-15 09:01:47.057,7138.0000,156736,14,0.0000,70.0000,42,28,多开,B,7136.0000,0.0000,0.0000,0.0000,0.0000,7138.0000,0.0000,0.0000,0.0000,0.0000,14,0,0,0,0,59,0,0,0,0
zc,TA301,2012-06-15 09:01:47.760,7138.0000,156736,0,0.0000,2.0000,1,1,多换,B,7136.0000,0.0000,0.0000,0.0000,0.0000,7138.0000,0.0000,0.0000,0.0000,0.0000,14,0,0,0,0,59,0,0,0,0
zc,TA301,2012-06-15 09:01:48.293,7138.0000,156736,0,0.0000,20.0000,10,10,多换,B,7136.0000,0.0000,0.0000,0.0000,0.0000,7138.0000,0.0000,0.0000,0.0000,0.0000,15,0,0,0,0,50,0,0,0,0
zc,TA301,2012-06-15 09:01:49.043,7138.0000,156736,0,0.0000,8.0000,4,4,多换,B,7136.0000,0.0000,0.0000,0.0000,0.0000,7138.0000,0.0000,0.0000,0.0000,0.0000,41,0,0,0,0,46,0,0,0,0
zc,TA301,2012-06-15 09:01:49.807,7138.0000,156736,0,0.0000,36.0000,18,18,多换,B,7136.0000,0.0000,0.0000,0.0000,0.0000,7138.0000,0.0000,0.0000,0.0000,0.0000,35,0,0,0,0,28,0,0,0,0
zc,TA301,2012-06-15 09:01:50.543,7138.0000,156748,12,0.0000,56.0000,34,22,多开,B,7138.0000,0.0000,0.0000,0.0000,0.0000,7140.0000,0.0000,0.0000,0.0000,0.0000,177,0,0,0,0,80,0,0,0,0
zc,TA301,2012-06-15 09:01:50.997,7138.0000,156748,0,0.0000,42.0000,21,21,多换,B,7138.0000,0.0000,0.0000,0.0000,0.0000,7140.0000,0.0000,0.0000,0.0000,0.0000,157,0,0,0,0,81,0,0,0,0
zc,TA301,2012-06-15 09:01:51.760,7140.0000,156722,-26,0.0000,106.0000,40,66,空平,B,7138.0000,0.0000,0.0000,0.0000,0.0000,7140.0000,0.0000,0.0000,0.0000,0.0000,152,0,0,0,0,36,0,0,0,0
zc,TA301,2012-06-15 09:01:52.027,7140.0000,156686,-36,0.0000,72.0000,18,54,空平,B,7140.0000,0.0000,0.0000,0.0000,0.0000,7142.0000,0.0000,0.0000,0.0000,0.0000,2,0,0,0,0,19,0,0,0,0
zc,TA301,2012-06-15 09:01:53.043,7140.0000,156686,0,0.0000,0.0000,0,0,多换,B,7140.0000,0.0000,0.0000,0.0000,0.0000,7142.0000,0.0000,0.0000,0.0000,0.0000,25,0,0,0,0,19,0,0,0,0
zc,TA301,2012-06-15 09:01:53.247,7140.0000,156686,0,0.0000,0.0000,0,0,多换,B,7140.0000,0.0000,0.0000,0.0000,0.0000,7142.0000,0.0000,0.0000,0.0000,0.0000,81,0,0,0,0,19,0,0,0,0
zc,TA301,2012-06-15 09:01:54.073,7140.0000,156692,6,0.0000,10.0000,8,2,多开,B,7140.0000,0.0000,0.0000,0.0000,0.0000,7142.0000,0.0000,0.0000,0.0000,0.0000,64,0,0,0,0,29,0,0,0,0
zc,TA301,2012-06-15 09:01:54.557,7140.0000,156690,-2,0.0000,12.0000,5,7,空平,B,7140.0000,0.0000,0.0000,0.0000,0.0000,7142.0000,0.0000,0.0000,0.0000,0.0000,58,0,0,0,0,28,0,0,0,0
zc,TA301,2012-06-15 09:01:55.527,7140.0000,156744,54,0.0000,80.0000,67,13,多开,B,7140.0000,0.0000,0.0000,0.0000,0.0000,7142.0000,0.0000,0.0000,0.0000,0.0000,18,0,0,0,0,19,0,0,0,0
zc,TA301,2012-06-15 09:01:55.807,7140.0000,156762,18,0.0000,36.0000,27,9,多开,B,7138.0000,0.0000,0.0000,0.0000,0.0000,7140.0000,0.0000,0.0000,0.0000,0.0000,153,0,0,0,0,11,0,0,0,0
zc,TA301,2012-06-15 09:01:56.543,7140.0000,156762,0,0.0000,0.0000,0,0,多换,B,7138.0000,0.0000,0.0000,0.0000,0.0000,7140.0000,0.0000,0.0000,0.0000,0.0000,163,0,0,0,0,26,0,0,0,0
zc,TA301,2012-06-15 09:01:57.260,7140.0000,156764,2,0.0000,6.0000,4,2,多开,B,7138.0000,0.0000,0.0000,0.0000,0.0000,7140.0000,0.0000,0.0000,0.0000,0.0000,163,0,0,0,0,10,0,0,0,0
zc,TA301,2012-06-15 09:01:57.793,7142.0000,156762,-2,0.0000,22.0000,10,12,空平,B,7140.0000,0.0000,0.0000,0.0000,0.0000,7142.0000,0.0000,0.0000,0.0000,0.0000,1,0,0,0,0,26,0,0,0,0
zc,TA301,2012-06-15 09:01:58.573,7142.0000,156762,0,0.0000,0.0000,0,0,多换,B,7140.0000,0.0000,0.0000,0.0000,0.0000,7142.0000,0.0000,0.0000,0.0000,0.0000,1,0,0,0,0,25,0,0,0,0
zc,TA301,2012-06-15 09:01:59.090,7140.0000,156766,4,0.0000,4.0000,4,0,双开,S,7138.0000,0.0000,0.0000,0.0000,0.0000,7140.0000,0.0000,0.0000,0.0000,0.0000,164,0,0,0,0,9,0,0,0,0
zc,TA301,2012-06-15 09:01:59.807,7140.0000,156766,0,0.0000,0.0000,0,0,空换,S,7138.0000,0.0000,0.0000,0.0000,0.0000,7140.0000,0.0000,0.0000,0.0000,0.0000,164,0,0,0,0,11,0,0,0,0
zc,TA301,2012-06-15 09:02:00.277,7140.0000,156774,8,0.0000,8.0000,8,0,双开,S,7138.0000,0.0000,0.0000,0.0000,0.0000,7140.0000,0.0000,0.0000,0.0000,0.0000,163,0,0,0,0,8,0,0,0,0
zc,TA301,2012-06-15 09:02:00.793,7140.0000,156754,-20,0.0000,42.0000,11,31,多平,S,7138.0000,0.0000,0.0000,0.0000,0.0000,7142.0000,0.0000,0.0000,0.0000,0.0000,163,0,0,0,0,18,0,0,0,0
zc,TA301,2012-06-15 09:02:01.277,7140.0000,156754,0,0.0000,2.0000,1,1,空换,S,7138.0000,0.0000,0.0000,0.0000,0.0000,7142.0000,0.0000,0.0000,0.0000,0.0000,163,0,0,0,0,19,0,0,0,0
zc,TA301,2012-06-15 09:02:02.027,7140.0000,156754,0,0.0000,4.0000,2,2,空换,S,7138.0000,0.0000,0.0000,0.0000,0.0000,7142.0000,0.0000,0.0000,0.0000,0.0000,163,0,0,0,0,17,0,0,0,0
zc,TA301,2012-06-15 09:02:02.543,7142.0000,156756,2,0.0000,4.0000,3,1,多开,B,7140.0000,0.0000,0.0000,0.0000,0.0000,7142.0000,0.0000,0.0000,0.0000,0.0000,3,0,0,0,0,15,0,0,0,0
zc,TA301,2012-06-15 09:02:03.260,7142.0000,156758,2,0.0000,2.0000,2,0,双开,B,7140.0000,0.0000,0.0000,0.0000,0.0000,7142.0000,0.0000,0.0000,0.0000,0.0000,28,0,0,0,0,14,0,0,0,0
zc,TA301,2012-06-15 09:02:03.760,7142.0000,156758,0,0.0000,16.0000,8,8,多换,B,7140.0000,0.0000,0.0000,0.0000,0.0000,7142.0000,0.0000,0.0000,0.0000,0.0000,62,0,0,0,0,6,0,0,0,0
zc,TA301,2012-06-15 09:02:04.527,7140.0000,156758,0,0.0000,4.0000,2,2,空换,S,7140.0000,0.0000,0.0000,0.0000,0.0000,7142.0000,0.0000,0.0000,0.0000,0.0000,60,0,0,0,0,6,0,0,0,0
zc,TA301,2012-06-15 09:02:05.027,7142.0000,156758,0,0.0000,2.0000,1,1,多换,B,7140.0000,0.0000,0.0000,0.0000,0.0000,7142.0000,0.0000,0.0000,0.0000,0.0000,81,0,0,0,0,6,0,0,0,0
zc,TA301,2012-06-15 09:02:05.557,7142.0000,156746,-12,0.0000,12.0000,0,12,双平,B,7142.0000,0.0000,0.0000,0.0000,0.0000,7144.0000,0.0000,0.0000,0.0000,0.0000,47,0,0,0,0,24,0,0,0,0
zc,TA301,2012-06-15 09:02:06.277,7144.0000,156724,-22,0.0000,140.0000,59,81,空平,B,7142.0000,0.0000,0.0000,0.0000,0.0000,7144.0000,0.0000,0.0000,0.0000,0.0000,1,0,0,0,0,6,0,0,0,0
zc,TA301,2012-06-15 09:02:06.807,7142.0000,156724,0,0.0000,8.0000,4,4,空换,S,7140.0000,0.0000,0.0000,0.0000,0.0000,7144.0000,0.0000,0.0000,0.0000,0.0000,38,0,0,0,0,5,0,0,0,0
zc,TA301,2012-06-15 09:02:07.543,7140.0000,156722,-2,0.0000,10.0000,4,6,多平,S,7140.0000,0.0000,0.0000,0.0000,0.0000,7142.0000,0.0000,0.0000,0.0000,0.0000,39,0,0,0,0,3,0,0,0,0
zc,TA301,2012-06-15 09:02:08.057,7144.0000,156720,-2,0.0000,14.0000,6,8,空平,B,7140.0000,0.0000,0.0000,0.0000,0.0000,7144.0000,0.0000,0.0000,0.0000,0.0000,39,0,0,0,0,2,0,0,0,0
zc,TA301,2012-06-15 09:02:08.793,7142.0000,156720,0,0.0000,2.0000,1,1,空换,S,7140.0000,0.0000,0.0000,0.0000,0.0000,7142.0000,0.0000,0.0000,0.0000,0.0000,42,0,0,0,0,1,0,0,0,0
zc,TA301,2012-06-15 09:02:09.497,7140.0000,156728,8,0.0000,14.0000,11,3,空开,S,7140.0000,0.0000,0.0000,0.0000,0.0000,7142.0000,0.0000,0.0000,0.0000,0.0000,41,0,0,0,0,17,0,0,0,0
zc,TA301,2012-06-15 09:02:10.323,7142.0000,156726,-2,0.0000,6.0000,2,4,空平,B,7140.0000,0.0000,0.0000,0.0000,0.0000,7142.0000,0.0000,0.0000,0.0000,0.0000,42,0,0,0,0,8,0,0,0,0
zc,TA301,2012-06-15 09:02:10.793,7142.0000,156726,0,0.0000,2.0000,1,1,多换,B,7140.0000,0.0000,0.0000,0.0000,0.0000,7142.0000,0.0000,0.0000,0.0000,0.0000,29,0,0,0,0,8,0,0,0,0
zc,TA301,2012-06-15 09:02:11.573,7142.0000,156734,8,0.0000,62.0000,35,27,多开,B,7142.0000,0.0000,0.0000,0.0000,0.0000,7144.0000,0.0000,0.0000,0.0000,0.0000,303,0,0,0,0,47,0,0,0,0
zc,TA301,2012-06-15 09:02:12.073,7142.0000,156774,40,0.0000,60.0000,50,10,多开,B,7142.0000,0.0000,0.0000,0.0000,0.0000,7144.0000,0.0000,0.0000,0.0000,0.0000,275,0,0,0,0,38,0,0,0,0
zc,TA301,2012-06-15 09:02:12.793,7142.0000,156778,4,0.0000,8.0000,6,2,多开,B,7142.0000,0.0000,0.0000,0.0000,0.0000,7144.0000,0.0000,0.0000,0.0000,0.0000,271,0,0,0,0,48,0,0,0,0
zc,TA301,2012-06-15 09:02:13.027,7142.0000,156778,0,0.0000,4.0000,2,2,多换,B,7142.0000,0.0000,0.0000,0.0000,0.0000,7144.0000,0.0000,0.0000,0.0000,0.0000,269,0,0,0,0,48,0,0,0,0
zc,TA301,2012-06-15 09:02:13.747,7142.0000,156788,10,0.0000,12.0000,11,1,多开,B,7142.0000,0.0000,0.0000,0.0000,0.0000,7144.0000,0.0000,0.0000,0.0000,0.0000,266,0,0,0,0,44,0,0,0,0
zc,TA301,2012-06-15 09:02:14.277,7142.0000,156798,10,0.0000,10.0000,10,0,双开,B,7142.0000,0.0000,0.0000,0.0000,0.0000,7144.0000,0.0000,0.0000,0.0000,0.0000,262,0,0,0,0,50,0,0,0,0
zc,TA301,2012-06-15 09:02:15.010,7142.0000,156816,18,0.0000,20.0000,19,1,多开,B,7142.0000,0.0000,0.0000,0.0000,0.0000,7144.0000,0.0000,0.0000,0.0000,0.0000,252,0,0,0,0,54,0,0,0,0
zc,TA301,2012-06-15 09:02:15.510,7144.0000,156836,20,0.0000,36.0000,28,8,多开,B,7142.0000,0.0000,0.0000,0.0000,0.0000,7144.0000,0.0000,0.0000,0.0000,0.0000,239,0,0,0,0,47,0,0,0,0
zc,TA301,2012-06-15 09:02:16.277,7144.0000,156834,-2,0.0000,14.0000,6,8,空平,B,7142.0000,0.0000,0.0000,0.0000,0.0000,7144.0000,0.0000,0.0000,0.0000,0.0000,236,0,0,0,0,43,0,0,0,0
zc,TA301,2012-06-15 09:02:16.777,7144.0000,156834,0,0.0000,68.0000,34,34,多换,B,7142.0000,0.0000,0.0000,0.0000,0.0000,7144.0000,0.0000,0.0000,0.0000,0.0000,234,0,0,0,0,12,0,0,0,0
zc,TA301,2012-06-15 09:02:17.293,7142.0000,156838,4,0.0000,4.0000,4,0,双开,S,7142.0000,0.0000,0.0000,0.0000,0.0000,7144.0000,0.0000,0.0000,0.0000,0.0000,232,0,0,0,0,19,0,0,0,0
zc,TA301,2012-06-15 09:02:18.027,7142.0000,156838,0,0.0000,2.0000,1,1,空换,S,7142.0000,0.0000,0.0000,0.0000,0.0000,7144.0000,0.0000,0.0000,0.0000,0.0000,231,0,0,0,0,19,0,0,0,0
zc,TA301,2012-06-15 09:02:18.527,7144.0000,156836,-2,0.0000,4.0000,1,3,空平,B,7142.0000,0.0000,0.0000,0.0000,0.0000,7144.0000,0.0000,0.0000,0.0000,0.0000,235,0,0,0,0,21,0,0,0,0
zc,TA301,2012-06-15 09:02:19.027,7142.0000,156876,40,0.0000,220.0000,130,90,空开,S,7142.0000,0.0000,0.0000,0.0000,0.0000,7144.0000,0.0000,0.0000,0.0000,0.0000,225,0,0,0,0,36,0,0,0,0
zc,TA301,2012-06-15 09:02:19.510,7144.0000,156876,0,0.0000,42.0000,21,21,多换,B,7142.0000,0.0000,0.0000,0.0000,0.0000,7144.0000,0.0000,0.0000,0.0000,0.0000,225,0,0,0,0,16,0,0,0,0
zc,TA301,2012-06-15 09:02:20.277,7144.0000,156876,0,0.0000,0.0000,0,0,多换,B,7142.0000,0.0000,0.0000,0.0000,0.0000,7144.0000,0.0000,0.0000,0.0000,0.0000,225,0,0,0,0,28,0,0,0,0
zc,TA301,2012-06-15 09:02:20.747,7142.0000,156876,0,0.0000,44.0000,22,22,空换,S,7142.0000,0.0000,0.0000,0.0000,0.0000,7144.0000,0.0000,0.0000,0.0000,0.0000,205,0,0,0,0,26,0,0,0,0
zc,TA301,2012-06-15 09:02:21.557,7144.0000,156878,2,0.0000,8.0000,5,3,多开,B,7142.0000,0.0000,0.0000,0.0000,0.0000,7144.0000,0.0000,0.0000,0.0000,0.0000,205,0,0,0,0,21,0,0,0,0
zc,TA301,2012-06-15 09:02:22.057,7142.0000,157286,408,0.0000,490.0000,449,41,空开,S,7140.0000,0.0000,0.0000,0.0000,0.0000,7142.0000,0.0000,0.0000,0.0000,0.0000,33,0,0,0,0,56,0,0,0,0
zc,TA301,2012-06-15 09:02:22.510,7142.0000,157290,4,0.0000,8.0000,6,2,空开,S,7140.0000,0.0000,0.0000,0.0000,0.0000,7142.0000,0.0000,0.0000,0.0000,0.0000,33,0,0,0,0,52,0,0,0,0
zc,TA301,2012-06-15 09:02:23.730,7142.0000,157292,2,0.0000,4.0000,3,1,空开,S,7140.0000,0.0000,0.0000,0.0000,0.0000,7142.0000,0.0000,0.0000,0.0000,0.0000,33,0,0,0,0,50,0,0,0,0
zc,TA301,2012-06-15 09:02:24.557,7142.0000,157306,14,0.0000,14.0000,14,0,双开,S,7140.0000,0.0000,0.0000,0.0000,0.0000,7142.0000,0.0000,0.0000,0.0000,0.0000,35,0,0,0,0,44,0,0,0,0
zc,TA301,2012-06-15 09:02:25.027,7140.0000,157370,64,0.0000,72.0000,68,4,空开,S,7138.0000,0.0000,0.0000,0.0000,0.0000,7142.0000,0.0000,0.0000,0.0000,0.0000,14,0,0,0,0,60,0,0,0,0
zc,TA301,2012-06-15 09:02:25.747,7142.0000,157370,0,0.0000,6.0000,3,3,多换,B,7138.0000,0.0000,0.0000,0.0000,0.0000,7140.0000,0.0000,0.0000,0.0000,0.0000,14,0,0,0,0,18,0,0,0,0
zc,TA301,2012-06-15 09:02:26.277,7138.0000,157372,2,0.0000,4.0000,3,1,空开,S,7138.0000,0.0000,0.0000,0.0000,0.0000,7140.0000,0.0000,0.0000,0.0000,0.0000,12,0,0,0,0,39,0,0,0,0
zc,TA301,2012-06-15 09:02:27.293,7140.0000,157390,18,0.0000,52.0000,35,17,多开,B,7138.0000,0.0000,0.0000,0.0000,0.0000,7140.0000,0.0000,0.0000,0.0000,0.0000,12,0,0,0,0,12,0,0,0,0
zc,TA301,2012-06-15 09:02:28.057,7140.0000,157392,2,0.0000,8.0000,5,3,多开,B,7138.0000,0.0000,0.0000,0.0000,0.0000,7140.0000,0.0000,0.0000,0.0000,0.0000,12,0,0,0,0,8,0,0,0,0
zc,TA301,2012-06-15 09:02:28.760,7138.0000,157392,0,0.0000,24.0000,12,12,空换,S,7136.0000,0.0000,0.0000,0.0000,0.0000,7138.0000,0.0000,0.0000,0.0000,0.0000,15,0,0,0,0,8,0,0,0,0
zc,TA301,2012-06-15 09:02:29.307,7138.0000,157392,0,0.0000,0.0000,0,0,空换,S,7136.0000,0.0000,0.0000,0.0000,0.0000,7138.0000,0.0000,0.0000,0.0000,0.0000,9,0,0,0,0,8,0,0,0,0
zc,TA301,2012-06-15 09:02:30.497,7136.0000,157398,6,0.0000,32.0000,19,13,空开,S,7134.0000,0.0000,0.0000,0.0000,0.0000,7136.0000,0.0000,0.0000,0.0000,0.0000,62,0,0,0,0,4,0,0,0,0
zc,TA301,2012-06-15 09:02:31.543,7136.0000,157402,4,0.0000,4.0000,4,0,双开,S,7134.0000,0.0000,0.0000,0.0000,0.0000,7136.0000,0.0000,0.0000,0.0000,0.0000,62,0,0,0,0,19,0,0,0,0
zc,TA301,2012-06-15 09:02:32.293,7134.0000,157402,0,0.0000,2.0000,1,1,空换,S,7134.0000,0.0000,0.0000,0.0000,0.0000,7136.0000,0.0000,0.0000,0.0000,0.0000,61,0,0,0,0,31,0,0,0,0
zc,TA301,2012-06-15 09:02:32.760,7136.0000,157406,4,0.0000,4.0000,4,0,双开,B,7134.0000,0.0000,0.0000,0.0000,0.0000,7136.0000,0.0000,0.0000,0.0000,0.0000,61,0,0,0,0,29,0,0,0,0
zc,TA301,2012-06-15 09:02:33.510,7136.0000,157428,22,0.0000,22.0000,22,0,双开,B,7134.0000,0.0000,0.0000,0.0000,0.0000,7136.0000,0.0000,0.0000,0.0000,0.0000,61,0,0,0,0,18,0,0,0,0
zc,TA301,2012-06-15 09:02:33.980,7134.0000,157424,-4,0.0000,4.0000,0,4,双平,S,7134.0000,0.0000,0.0000,0.0000,0.0000,7136.0000,0.0000,0.0000,0.0000,0.0000,59,0,0,0,0,18,0,0,0,0
zc,TA301,2012-06-15 09:02:34.777,7134.0000,157422,-2,0.0000,22.0000,10,12,多平,S,7134.0000,0.0000,0.0000,0.0000,0.0000,7136.0000,0.0000,0.0000,0.0000,0.0000,48,0,0,0,0,13,0,0,0,0
zc,TA301,2012-06-15 09:02:35.277,7134.0000,157396,-26,0.0000,26.0000,0,26,双平,S,7134.0000,0.0000,0.0000,0.0000,0.0000,7136.0000,0.0000,0.0000,0.0000,0.0000,35,0,0,0,0,18,0,0,0,0
zc,TA301,2012-06-15 09:02:35.777,7136.0000,157398,2,0.0000,28.0000,15,13,多开,B,7134.0000,0.0000,0.0000,0.0000,0.0000,7136.0000,0.0000,0.0000,0.0000,0.0000,23,0,0,0,0,17,0,0,0,0
zc,TA301,2012-06-15 09:02:36.543,7134.0000,157358,-40,0.0000,44.0000,2,42,多平,S,7134.0000,0.0000,0.0000,0.0000,0.0000,7136.0000,0.0000,0.0000,0.0000,0.0000,1,0,0,0,0,17,0,0,0,0
zc,TA301,2012-06-15 09:02:37.043,7134.0000,157360,2,0.0000,2.0000,2,0,双开,S,7132.0000,0.0000,0.0000,0.0000,0.0000,7134.0000,0.0000,0.0000,0.0000,0.0000,49,0,0,0,0,11,0,0,0,0
zc,TA301,2012-06-15 09:02:37.793,7132.0000,157336,-24,0.0000,42.0000,9,33,多平,S,7132.0000,0.0000,0.0000,0.0000,0.0000,7134.0000,0.0000,0.0000,0.0000,0.0000,28,0,0,0,0,19,0,0,0,0
zc,TA301,2012-06-15 09:02:38.277,7134.0000,157340,4,0.0000,4.0000,4,0,双开,B,7130.0000,0.0000,0.0000,0.0000,0.0000,7134.0000,0.0000,0.0000,0.0000,0.0000,38,0,0,0,0,20,0,0,0,0
zc,TA301,2012-06-15 09:02:38.997,7130.0000,157342,2,0.0000,2.0000,2,0,双开,S,7130.0000,0.0000,0.0000,0.0000,0.0000,7134.0000,0.0000,0.0000,0.0000,0.0000,37,0,0,0,0,20,0,0,0,0
zc,TA301,2012-06-15 09:02:39.543,7130.0000,157342,0,0.0000,4.0000,2,2,空换,S,7130.0000,0.0000,0.0000,0.0000,0.0000,7134.0000,0.0000,0.0000,0.0000,0.0000,31,0,0,0,0,36,0,0,0,0
zc,TA301,2012-06-15 09:02:40.307,7130.0000,157260,-82,0.0000,100.0000,9,91,多平,S,7130.0000,0.0000,0.0000,0.0000,0.0000,7134.0000,0.0000,0.0000,0.0000,0.0000,14,0,0,0,0,25,0,0,0,0
zc,TA301,2012-06-15 09:02:40.823,7130.0000,157260,0,0.0000,10.0000,5,5,空换,S,7130.0000,0.0000,0.0000,0.0000,0.0000,7132.0000,0.0000,0.0000,0.0000,0.0000,3,0,0,0,0,1,0,0,0,0
zc,TA301,2012-06-15 09:02:41.807,7130.0000,157280,20,0.0000,48.0000,34,14,空开,S,7130.0000,0.0000,0.0000,0.0000,0.0000,7134.0000,0.0000,0.0000,0.0000,0.0000,1,0,0,0,0,33,0,0,0,0
zc,TA301,2012-06-15 09:02:42.543,7132.0000,157278,-2,0.0000,2.0000,0,2,双平,B,7130.0000,0.0000,0.0000,0.0000,0.0000,7134.0000,0.0000,0.0000,0.0000,0.0000,11,0,0,0,0,33,0,0,0,0
zc,TA301,2012-06-15 09:02:42.997,7132.0000,157298,20,0.0000,20.0000,20,0,双开,B,7130.0000,0.0000,0.0000,0.0000,0.0000,7134.0000,0.0000,0.0000,0.0000,0.0000,14,0,0,0,0,83,0,0,0,0
zc,TA301,2012-06-15 09:02:43.760,7132.0000,157298,0,0.0000,4.0000,2,2,多换,B,7132.0000,0.0000,0.0000,0.0000,0.0000,7134.0000,0.0000,0.0000,0.0000,0.0000,4,0,0,0,0,83,0,0,0,0
zc,TA301,2012-06-15 09:02:44.557,7132.0000,157304,6,0.0000,8.0000,7,1,多开,B,7130.0000,0.0000,0.0000,0.0000,0.0000,7134.0000,0.0000,0.0000,0.0000,0.0000,15,0,0,0,0,83,0,0,0,0
zc,TA301,2012-06-15 09:02:45.027,7130.0000,157330,26,0.0000,60.0000,43,17,空开,S,7130.0000,0.0000,0.0000,0.0000,0.0000,7134.0000,0.0000,0.0000,0.0000,0.0000,32,0,0,0,0,84,0,0,0,0
zc,TA301,2012-06-15 09:02:45.777,7132.0000,157330,0,0.0000,4.0000,2,2,多换,B,7132.0000,0.0000,0.0000,0.0000,0.0000,7134.0000,0.0000,0.0000,0.0000,0.0000,2,0,0,0,0,85,0,0,0,0
zc,TA301,2012-06-15 09:02:46.277,7132.0000,157330,0,0.0000,4.0000,2,2,多换,B,7130.0000,0.0000,0.0000,0.0000,0.0000,7132.0000,0.0000,0.0000,0.0000,0.0000,32,0,0,0,0,5,0,0,0,0
zc,TA301,2012-06-15 09:02:47.027,7132.0000,157330,0,0.0000,12.0000,6,6,多换,B,7132.0000,0.0000,0.0000,0.0000,0.0000,7134.0000,0.0000,0.0000,0.0000,0.0000,15,0,0,0,0,85,0,0,0,0
zc,TA301,2012-06-15 09:02:47.247,7132.0000,157330,0,0.0000,0.0000,0,0,多换,B,7132.0000,0.0000,0.0000,0.0000,0.0000,7134.0000,0.0000,0.0000,0.0000,0.0000,20,0,0,0,0,85,0,0,0,0
zc,TA301,2012-06-15 09:02:48.010,7132.0000,157334,4,0.0000,12.0000,8,4,多开,B,7132.0000,0.0000,0.0000,0.0000,0.0000,7134.0000,0.0000,0.0000,0.0000,0.0000,16,0,0,0,0,85,0,0,0,0
zc,TA301,2012-06-15 09:02:48.510,7132.0000,157350,16,0.0000,70.0000,43,27,多开,B,7132.0000,0.0000,0.0000,0.0000,0.0000,7134.0000,0.0000,0.0000,0.0000,0.0000,11,0,0,0,0,62,0,0,0,0
zc,TA301,2012-06-15 09:02:49.557,7132.0000,157350,0,0.0000,14.0000,7,7,多换,B,7132.0000,0.0000,0.0000,0.0000,0.0000,7134.0000,0.0000,0.0000,0.0000,0.0000,22,0,0,0,0,62,0,0,0,0
zc,TA301,2012-06-15 09:02:50.027,7134.0000,157370,20,0.0000,76.0000,48,28,多开,B,7132.0000,0.0000,0.0000,0.0000,0.0000,7134.0000,0.0000,0.0000,0.0000,0.0000,43,0,0,0,0,51,0,0,0,0
zc,TA301,2012-06-15 09:02:50.777,7134.0000,157472,102,0.0000,108.0000,105,3,多开,B,7134.0000,0.0000,0.0000,0.0000,0.0000,7136.0000,0.0000,0.0000,0.0000,0.0000,38,0,0,0,0,102,0,0,0,0
zc,TA301,2012-06-15 09:02:51.747,7134.0000,157472,0,0.0000,10.0000,5,5,多换,B,7134.0000,0.0000,0.0000,0.0000,0.0000,7136.0000,0.0000,0.0000,0.0000,0.0000,34,0,0,0,0,102,0,0,0,0
zc,TA301,2012-06-15 09:02:53.043,7134.0000,157472,0,0.0000,10.0000,5,5,多换,B,7134.0000,0.0000,0.0000,0.0000,0.0000,7136.0000,0.0000,0.0000,0.0000,0.0000,29,0,0,0,0,102,0,0,0,0
zc,TA301,2012-06-15 09:02:53.527,7134.0000,157474,2,0.0000,2.0000,2,0,双开,B,7134.0000,0.0000,0.0000,0.0000,0.0000,7136.0000,0.0000,0.0000,0.0000,0.0000,28,0,0,0,0,102,0,0,0,0
zc,TA301,2012-06-15 09:02:54.247,7134.0000,157474,0,0.0000,8.0000,4,4,多换,B,7134.0000,0.0000,0.0000,0.0000,0.0000,7136.0000,0.0000,0.0000,0.0000,0.0000,26,0,0,0,0,100,0,0,0,0
zc,TA301,2012-06-15 09:02:54.980,7134.0000,157478,4,0.0000,6.0000,5,1,多开,B,7134.0000,0.0000,0.0000,0.0000,0.0000,7136.0000,0.0000,0.0000,0.0000,0.0000,23,0,0,0,0,100,0,0,0,0
zc,TA301,2012-06-15 09:02:55.497,7134.0000,157478,0,0.0000,2.0000,1,1,多换,B,7134.0000,0.0000,0.0000,0.0000,0.0000,7136.0000,0.0000,0.0000,0.0000,0.0000,22,0,0,0,0,100,0,0,0,0
zc,TA301,2012-06-15 09:02:56.010,7134.0000,157478,0,0.0000,0.0000,0,0,多换,B,7134.0000,0.0000,0.0000,0.0000,0.0000,7136.0000,0.0000,0.0000,0.0000,0.0000,22,0,0,0,0,101,0,0,0,0
zc,TA301,2012-06-15 09:02:56.510,7134.0000,157478,0,0.0000,10.0000,5,5,多换,B,7134.0000,0.0000,0.0000,0.0000,0.0000,7136.0000,0.0000,0.0000,0.0000,0.0000,22,0,0,0,0,101,0,0,0,0
zc,TA301,2012-06-15 09:02:57.247,7134.0000,157478,0,0.0000,0.0000,0,0,多换,B,7134.0000,0.0000,0.0000,0.0000,0.0000,7136.0000,0.0000,0.0000,0.0000,0.0000,23,0,0,0,0,101,0,0,0,0
zc,TA301,2012-06-15 09:02:57.777,7136.0000,157478,0,0.0000,12.0000,6,6,多换,B,7134.0000,0.0000,0.0000,0.0000,0.0000,7136.0000,0.0000,0.0000,0.0000,0.0000,22,0,0,0,0,97,0,0,0,0
zc,TA301,2012-06-15 09:02:58.277,7136.0000,157456,-22,0.0000,28.0000,3,25,空平,B,7134.0000,0.0000,0.0000,0.0000,0.0000,7136.0000,0.0000,0.0000,0.0000,0.0000,29,0,0,0,0,83,0,0,0,0
zc,TA301,2012-06-15 09:02:58.793,7136.0000,157460,4,0.0000,6.0000,5,1,多开,B,7134.0000,0.0000,0.0000,0.0000,0.0000,7136.0000,0.0000,0.0000,0.0000,0.0000,22,0,0,0,0,80,0,0,0,0
zc,TA301,2012-06-15 09:03:00.247,7136.0000,157462,2,0.0000,2.0000,2,0,双开,B,7134.0000,0.0000,0.0000,0.0000,0.0000,7136.0000,0.0000,0.0000,0.0000,0.0000,23,0,0,0,0,79,0,0,0,0
zc,TA301,2012-06-15 09:03:01.247,7136.0000,157464,2,0.0000,2.0000,2,0,双开,B,7134.0000,0.0000,0.0000,0.0000,0.0000,7136.0000,0.0000,0.0000,0.0000,0.0000,23,0,0,0,0,78,0,0,0,0
zc,TA301,2012-06-15 09:03:01.730,7134.0000,157468,4,0.0000,4.0000,4,0,双开,S,7134.0000,0.0000,0.0000,0.0000,0.0000,7136.0000,0.0000,0.0000,0.0000,0.0000,22,0,0,0,0,87,0,0,0,0
zc,TA301,2012-06-15 09:03:03.010,7134.0000,157470,2,0.0000,6.0000,4,2,空开,S,7134.0000,0.0000,0.0000,0.0000,0.0000,7136.0000,0.0000,0.0000,0.0000,0.0000,28,0,0,0,0,86,0,0,0,0
zc,TA301,2012-06-15 09:03:03.760,7136.0000,157492,22,0.0000,22.0000,22,0,双开,B,7134.0000,0.0000,0.0000,0.0000,0.0000,7136.0000,0.0000,0.0000,0.0000,0.0000,34,0,0,0,0,75,0,0,0,0
zc,TA301,2012-06-15 09:03:04.247,7134.0000,157496,4,0.0000,6.0000,5,1,空开,S,7134.0000,0.0000,0.0000,0.0000,0.0000,7136.0000,0.0000,0.0000,0.0000,0.0000,32,0,0,0,0,74,0,0,0,0
zc,TA301,2012-06-15 09:03:04.997,7134.0000,157496,0,0.0000,2.0000,1,1,空换,S,7134.0000,0.0000,0.0000,0.0000,0.0000,7136.0000,0.0000,0.0000,0.0000,0.0000,31,0,0,0,0,74,0,0,0,0
zc,TA301,2012-06-15 09:03:05.497,7134.0000,157502,6,0.0000,6.0000,6,0,双开,S,7134.0000,0.0000,0.0000,0.0000,0.0000,7136.0000,0.0000,0.0000,0.0000,0.0000,30,0,0,0,0,73,0,0,0,0
zc,TA301,2012-06-15 09:03:06.307,7136.0000,157502,0,0.0000,24.0000,12,12,多换,B,7134.0000,0.0000,0.0000,0.0000,0.0000,7136.0000,0.0000,0.0000,0.0000,0.0000,37,0,0,0,0,61,0,0,0,0
zc,TA301,2012-06-15 09:03:06.777,7136.0000,157406,-96,0.0000,102.0000,3,99,空平,B,7134.0000,0.0000,0.0000,0.0000,0.0000,7136.0000,0.0000,0.0000,0.0000,0.0000,38,0,0,0,0,11,0,0,0,0
zc,TA301,2012-06-15 09:03:07.527,7134.0000,157412,6,0.0000,14.0000,10,4,空开,S,7134.0000,0.0000,0.0000,0.0000,0.0000,7136.0000,0.0000,0.0000,0.0000,0.0000,30,0,0,0,0,6,0,0,0,0
zc,TA301,2012-06-15 09:03:08.027,7136.0000,157410,-2,0.0000,6.0000,2,4,空平,B,7134.0000,0.0000,0.0000,0.0000,0.0000,7136.0000,0.0000,0.0000,0.0000,0.0000,29,0,0,0,0,3,0,0,0,0
zc,TA301,2012-06-15 09:03:08.573,7136.0000,157410,0,0.0000,6.0000,3,3,多换,B,7136.0000,0.0000,0.0000,0.0000,0.0000,7138.0000,0.0000,0.0000,0.0000,0.0000,10,0,0,0,0,12,0,0,0,0
zc,TA301,2012-06-15 09:03:09.293,7134.0000,157410,0,0.0000,4.0000,2,2,空换,S,7134.0000,0.0000,0.0000,0.0000,0.0000,7138.0000,0.0000,0.0000,0.0000,0.0000,36,0,0,0,0,12,0,0,0,0
zc,TA301,2012-06-15 09:03:10.010,7134.0000,157410,0,0.0000,0.0000,0,0,空换,S,7136.0000,0.0000,0.0000,0.0000,0.0000,7138.0000,0.0000,0.0000,0.0000,0.0000,1,0,0,0,0,11,0,0,0,0
zc,TA301,2012-06-15 09:03:10.543,7138.0000,157412,2,0.0000,8.0000,5,3,多开,B,7134.0000,0.0000,0.0000,0.0000,0.0000,7138.0000,0.0000,0.0000,0.0000,0.0000,36,0,0,0,0,9,0,0,0,0
zc,TA301,2012-06-15 09:03:11.010,7138.0000,157414,2,0.0000,2.0000,2,0,双开,B,7136.0000,0.0000,0.0000,0.0000,0.0000,7138.0000,0.0000,0.0000,0.0000,0.0000,11,0,0,0,0,8,0,0,0,0
zc,TA301,2012-06-15 09:03:13.027,7138.0000,157412,-2,0.0000,14.0000,6,8,空平,B,7136.0000,0.0000,0.0000,0.0000,0.0000,7138.0000,0.0000,0.0000,0.0000,0.0000,11,0,0,0,0,3,0,0,0,0
zc,TA301,2012-06-15 09:03:13.230,7138.0000,157414,2,0.0000,2.0000,2,0,双开,B,7136.0000,0.0000,0.0000,0.0000,0.0000,7140.0000,0.0000,0.0000,0.0000,0.0000,11,0,0,0,0,3,0,0,0,0
zc,TA301,2012-06-15 09:03:14.043,7138.0000,157414,0,0.0000,0.0000,0,0,多换,B,7136.0000,0.0000,0.0000,0.0000,0.0000,7138.0000,0.0000,0.0000,0.0000,0.0000,12,0,0,0,0,2,0,0,0,0
zc,TA301,2012-06-15 09:03:14.510,7138.0000,157414,0,0.0000,0.0000,0,0,多换,B,7136.0000,0.0000,0.0000,0.0000,0.0000,7138.0000,0.0000,0.0000,0.0000,0.0000,12,0,0,0,0,4,0,0,0,0
zc,TA301,2012-06-15 09:03:15.230,7138.0000,157416,2,0.0000,2.0000,2,0,双开,B,7136.0000,0.0000,0.0000,0.0000,0.0000,7138.0000,0.0000,0.0000,0.0000,0.0000,12,0,0,0,0,17,0,0,0,0
zc,TA301,2012-06-15 09:03:15.760,7136.0000,157412,-4,0.0000,46.0000,21,25,多平,S,7134.0000,0.0000,0.0000,0.0000,0.0000,7138.0000,0.0000,0.0000,0.0000,0.0000,28,0,0,0,0,16,0,0,0,0
zc,TA301,2012-06-15 09:03:16.277,7136.0000,157412,0,0.0000,0.0000,0,0,空换,S,7134.0000,0.0000,0.0000,0.0000,0.0000,7136.0000,0.0000,0.0000,0.0000,0.0000,28,0,0,0,0,2,0,0,0,0
zc,TA301,2012-06-15 09:03:17.027,7138.0000,157460,48,0.0000,108.0000,78,30,多开,B,7134.0000,0.0000,0.0000,0.0000,0.0000,7138.0000,0.0000,0.0000,0.0000,0.0000,32,0,0,0,0,22,0,0,0,0
zc,TA301,2012-06-15 09:03:17.510,7138.0000,157462,2,0.0000,2.0000,2,0,双开,B,7134.0000,0.0000,0.0000,0.0000,0.0000,7138.0000,0.0000,0.0000,0.0000,0.0000,32,0,0,0,0,21,0,0,0,0
zc,TA301,2012-06-15 09:03:18.277,7136.0000,157466,4,0.0000,4.0000,4,0,双开,S,7136.0000,0.0000,0.0000,0.0000,0.0000,7138.0000,0.0000,0.0000,0.0000,0.0000,3,0,0,0,0,20,0,0,0,0
zc,TA301,2012-06-15 09:03:19.760,7138.0000,157470,4,0.0000,6.0000,5,1,多开,B,7136.0000,0.0000,0.0000,0.0000,0.0000,7138.0000,0.0000,0.0000,0.0000,0.0000,2,0,0,0,0,18,0,0,0,0
zc,TA301,2012-06-15 09:03:20.293,7138.0000,157470,0,0.0000,0.0000,0,0,多换,B,7136.0000,0.0000,0.0000,0.0000,0.0000,7138.0000,0.0000,0.0000,0.0000,0.0000,3,0,0,0,0,18,0,0,0,0
zc,TA301,2012-06-15 09:03:20.777,7138.0000,157470,0,0.0000,0.0000,0,0,多换,B,7136.0000,0.0000,0.0000,0.0000,0.0000,7138.0000,0.0000,0.0000,0.0000,0.0000,3,0,0,0,0,14,0,0,0,0
zc,TA301,2012-06-15 09:03:21.277,7136.0000,157470,0,0.0000,4.0000,2,2,空换,S,7136.0000,0.0000,0.0000,0.0000,0.0000,7138.0000,0.0000,0.0000,0.0000,0.0000,1,0,0,0,0,25,0,0,0,0
zc,TA301,2012-06-15 09:03:22.027,7136.0000,157470,0,0.0000,0.0000,0,0,空换,S,7136.0000,0.0000,0.0000,0.0000,0.0000,7138.0000,0.0000,0.0000,0.0000,0.0000,1,0,0,0,0,30,0,0,0,0
zc,TA301,2012-06-15 09:03:22.557,7138.0000,157470,0,0.0000,4.0000,2,2,多换,B,7136.0000,0.0000,0.0000,0.0000,0.0000,7138.0000,0.0000,0.0000,0.0000,0.0000,2,0,0,0,0,28,0,0,0,0
zc,TA301,2012-06-15 09:03:23.247,7138.0000,157472,2,0.0000,4.0000,3,1,多开,B,7136.0000,0.0000,0.0000,0.0000,0.0000,7138.0000,0.0000,0.0000,0.0000,0.0000,2,0,0,0,0,36,0,0,0,0
zc,TA301,2012-06-15 09:03:23.730,7136.0000,157478,6,0.0000,8.0000,7,1,空开,S,7136.0000,0.0000,0.0000,0.0000,0.0000,7138.0000,0.0000,0.0000,0.0000,0.0000,1,0,0,0,0,33,0,0,0,0
zc,TA301,2012-06-15 09:03:24.307,7136.0000,157476,-2,0.0000,2.0000,0,2,双平,S,7134.0000,0.0000,0.0000,0.0000,0.0000,7138.0000,0.0000,0.0000,0.0000,0.0000,34,0,0,0,0,33,0,0,0,0
zc,TA301,2012-06-15 09:03:25.043,7138.0000,157534,58,0.0000,60.0000,59,1,多开,B,7134.0000,0.0000,0.0000,0.0000,0.0000,7138.0000,0.0000,0.0000,0.0000,0.0000,34,0,0,0,0,27,0,0,0,0
zc,TA301,2012-06-15 09:03:25.510,7138.0000,157538,4,0.0000,4.0000,4,0,双开,B,7134.0000,0.0000,0.0000,0.0000,0.0000,7138.0000,0.0000,0.0000,0.0000,0.0000,34,0,0,0,0,35,0,0,0,0
zc,TA301,2012-06-15 09:03:26.027,7138.0000,157540,2,0.0000,2.0000,2,0,双开,B,7136.0000,0.0000,0.0000,0.0000,0.0000,7138.0000,0.0000,0.0000,0.0000,0.0000,1,0,0,0,0,35,0,0,0,0
zc,TA301,2012-06-15 09:03:27.247,7138.0000,157560,20,0.0000,20.0000,20,0,双开,B,7136.0000,0.0000,0.0000,0.0000,0.0000,7138.0000,0.0000,0.0000,0.0000,0.0000,1,0,0,0,0,35,0,0,0,0
zc,TA301,2012-06-15 09:03:27.760,7136.0000,157560,0,0.0000,8.0000,4,4,空换,S,7136.0000,0.0000,0.0000,0.0000,0.0000,7138.0000,0.0000,0.0000,0.0000,0.0000,1,0,0,0,0,27,0,0,0,0
zc,TA301,2012-06-15 09:03:29.027,7136.0000,157560,0,0.0000,0.0000,0,0,空换,S,7136.0000,0.0000,0.0000,0.0000,0.0000,7138.0000,0.0000,0.0000,0.0000,0.0000,2,0,0,0,0,27,0,0,0,0
zc,TA301,2012-06-15 09:03:29.543,7138.0000,157570,10,0.0000,10.0000,10,0,双开,B,7136.0000,0.0000,0.0000,0.0000,0.0000,7138.0000,0.0000,0.0000,0.0000,0.0000,3,0,0,0,0,30,0,0,0,0
zc,TA301,2012-06-15 09:03:30.323,7138.0000,157588,18,0.0000,20.0000,19,1,多开,B,7136.0000,0.0000,0.0000,0.0000,0.0000,7138.0000,0.0000,0.0000,0.0000,0.0000,3,0,0,0,0,30,0,0,0,0
zc,TA301,2012-06-15 09:03:30.510,7136.0000,157626,38,0.0000,44.0000,41,3,空开,S,7134.0000,0.0000,0.0000,0.0000,0.0000,7136.0000,0.0000,0.0000,0.0000,0.0000,34,0,0,0,0,48,0,0,0,0
zc,TA301,2012-06-15 09:03:31.230,7136.0000,157626,0,0.0000,36.0000,18,18,空换,S,7134.0000,0.0000,0.0000,0.0000,0.0000,7136.0000,0.0000,0.0000,0.0000,0.0000,34,0,0,0,0,32,0,0,0,0
zc,TA301,2012-06-15 09:03:31.777,7138.0000,157684,58,0.0000,66.0000,62,4,多开,B,7134.0000,0.0000,0.0000,0.0000,0.0000,7138.0000,0.0000,0.0000,0.0000,0.0000,34,0,0,0,0,23,0,0,0,0
zc,TA301,2012-06-15 09:03:32.307,7138.0000,157684,0,0.0000,2.0000,1,1,多换,B,7134.0000,0.0000,0.0000,0.0000,0.0000,7138.0000,0.0000,0.0000,0.0000,0.0000,40,0,0,0,0,18,0,0,0,0
zc,TA301,2012-06-15 09:03:33.010,7138.0000,157684,0,0.0000,0.0000,0,0,多换,B,7134.0000,0.0000,0.0000,0.0000,0.0000,7138.0000,0.0000,0.0000,0.0000,0.0000,35,0,0,0,0,28,0,0,0,0
zc,TA301,2012-06-15 09:03:33.543,7138.0000,157684,0,0.0000,0.0000,0,0,多换,B,7134.0000,0.0000,0.0000,0.0000,0.0000,7138.0000,0.0000,0.0000,0.0000,0.0000,34,0,0,0,0,31,0,0,0,0
zc,TA301,2012-06-15 09:03:34.247,7138.0000,157684,0,0.0000,0.0000,0,0,多换,B,7134.0000,0.0000,0.0000,0.0000,0.0000,7138.0000,0.0000,0.0000,0.0000,0.0000,35,0,0,0,0,32,0,0,0,0
zc,TA301,2012-06-15 09:03:34.777,7138.0000,157688,4,0.0000,22.0000,13,9,多开,B,7134.0000,0.0000,0.0000,0.0000,0.0000,7138.0000,0.0000,0.0000,0.0000,0.0000,29,0,0,0,0,19,0,0,0,0
zc,TA301,2012-06-15 09:03:35.497,7138.0000,157688,0,0.0000,0.0000,0,0,多换,B,7134.0000,0.0000,0.0000,0.0000,0.0000,7136.0000,0.0000,0.0000,0.0000,0.0000,36,0,0,0,0,1,0,0,0,0
zc,TA301,2012-06-15 09:03:35.747,7138.0000,157688,0,0.0000,0.0000,0,0,多换,B,7134.0000,0.0000,0.0000,0.0000,0.0000,7136.0000,0.0000,0.0000,0.0000,0.0000,39,0,0,0,0,1,0,0,0,0
zc,TA301,2012-06-15 09:03:36.480,7136.0000,157684,-4,0.0000,6.0000,1,5,多平,S,7136.0000,0.0000,0.0000,0.0000,0.0000,7138.0000,0.0000,0.0000,0.0000,0.0000,11,0,0,0,0,21,0,0,0,0
zc,TA301,2012-06-15 09:03:36.997,7138.0000,157714,30,0.0000,30.0000,30,0,双开,B,7136.0000,0.0000,0.0000,0.0000,0.0000,7138.0000,0.0000,0.0000,0.0000,0.0000,11,0,0,0,0,6,0,0,0,0
zc,TA301,2012-06-15 09:03:37.497,7138.0000,157714,0,0.0000,0.0000,0,0,多换,B,7136.0000,0.0000,0.0000,0.0000,0.0000,7138.0000,0.0000,0.0000,0.0000,0.0000,11,0,0,0,0,9,0,0,0,0
zc,TA301,2012-06-15 09:03:38.230,7138.0000,157714,0,0.0000,0.0000,0,0,多换,B,7136.0000,0.0000,0.0000,0.0000,0.0000,7138.0000,0.0000,0.0000,0.0000,0.0000,13,0,0,0,0,10,0,0,0,0
zc,TA301,2012-06-15 09:03:39.497,7138.0000,157716,2,0.0000,4.0000,3,1,多开,B,7136.0000,0.0000,0.0000,0.0000,0.0000,7138.0000,0.0000,0.0000,0.0000,0.0000,13,0,0,0,0,8,0,0,0,0
zc,TA301,2012-06-15 09:03:39.730,7138.0000,157716,0,0.0000,0.0000,0,0,多换,B,7136.0000,0.0000,0.0000,0.0000,0.0000,7138.0000,0.0000,0.0000,0.0000,0.0000,12,0,0,0,0,7,0,0,0,0
zc,TA301,2012-06-15 09:03:40.527,7138.0000,157716,0,0.0000,0.0000,0,0,多换,B,7136.0000,0.0000,0.0000,0.0000,0.0000,7138.0000,0.0000,0.0000,0.0000,0.0000,12,0,0,0,0,6,0,0,0,0
zc,TA301,2012-06-15 09:03:41.010,7136.0000,157716,0,0.0000,2.0000,1,1,空换,S,7136.0000,0.0000,0.0000,0.0000,0.0000,7138.0000,0.0000,0.0000,0.0000,0.0000,39,0,0,0,0,8,0,0,0,0
zc,TA301,2012-06-15 09:03:42.277,7136.0000,157716,0,0.0000,0.0000,0,0,空换,S,7136.0000,0.0000,0.0000,0.0000,0.0000,7138.0000,0.0000,0.0000,0.0000,0.0000,39,0,0,0,0,61,0,0,0,0
zc,TA301,2012-06-15 09:03:43.543,7136.0000,157712,-4,0.0000,4.0000,0,4,双平,S,7136.0000,0.0000,0.0000,0.0000,0.0000,7138.0000,0.0000,0.0000,0.0000,0.0000,54,0,0,0,0,62,0,0,0,0
zc,TA301,2012-06-15 09:03:45.260,7138.0000,157712,0,0.0000,2.0000,1,1,多换,B,7136.0000,0.0000,0.0000,0.0000,0.0000,7138.0000,0.0000,0.0000,0.0000,0.0000,54,0,0,0,0,61,0,0,0,0
zc,TA301,2012-06-15 09:03:45.713,7138.0000,157712,0,0.0000,0.0000,0,0,多换,B,7136.0000,0.0000,0.0000,0.0000,0.0000,7138.0000,0.0000,0.0000,0.0000,0.0000,57,0,0,0,0,60,0,0,0,0
zc,TA301,2012-06-15 09:03:46.247,7138.0000,157720,8,0.0000,20.0000,14,6,多开,B,7136.0000,0.0000,0.0000,0.0000,0.0000,7138.0000,0.0000,0.0000,0.0000,0.0000,57,0,0,0,0,51,0,0,0,0
zc,TA301,2012-06-15 09:03:46.980,7136.0000,157716,-4,0.0000,6.0000,1,5,多平,S,7136.0000,0.0000,0.0000,0.0000,0.0000,7138.0000,0.0000,0.0000,0.0000,0.0000,54,0,0,0,0,51,0,0,0,0
zc,TA301,2012-06-15 09:03:47.510,7138.0000,157716,0,0.0000,2.0000,1,1,多换,B,7136.0000,0.0000,0.0000,0.0000,0.0000,7138.0000,0.0000,0.0000,0.0000,0.0000,56,0,0,0,0,50,0,0,0,0
zc,TA301,2012-06-15 09:03:48.027,7138.0000,157716,0,0.0000,0.0000,0,0,多换,B,7136.0000,0.0000,0.0000,0.0000,0.0000,7138.0000,0.0000,0.0000,0.0000,0.0000,50,0,0,0,0,50,0,0,0,0
zc,TA301,2012-06-15 09:03:48.747,7136.0000,157716,0,0.0000,4.0000,2,2,空换,S,7136.0000,0.0000,0.0000,0.0000,0.0000,7138.0000,0.0000,0.0000,0.0000,0.0000,20,0,0,0,0,50,0,0,0,0
zc,TA301,2012-06-15 09:03:49.230,7138.0000,157716,0,0.0000,40.0000,20,20,多换,B,7136.0000,0.0000,0.0000,0.0000,0.0000,7138.0000,0.0000,0.0000,0.0000,0.0000,20,0,0,0,0,30,0,0,0,0
zc,TA301,2012-06-15 09:03:49.777,7136.0000,157674,-42,0.0000,46.0000,2,44,多平,S,7136.0000,0.0000,0.0000,0.0000,0.0000,7138.0000,0.0000,0.0000,0.0000,0.0000,15,0,0,0,0,12,0,0,0,0
zc,TA301,2012-06-15 09:03:50.277,7136.0000,157674,0,0.0000,4.0000,2,2,空换,S,7136.0000,0.0000,0.0000,0.0000,0.0000,7138.0000,0.0000,0.0000,0.0000,0.0000,19,0,0,0,0,13,0,0,0,0
zc,TA301,2012-06-15 09:03:51.057,7138.0000,157680,6,0.0000,28.0000,17,11,多开,B,7138.0000,0.0000,0.0000,0.0000,0.0000,7140.0000,0.0000,0.0000,0.0000,0.0000,11,0,0,0,0,10,0,0,0,0
zc,TA301,2012-06-15 09:03:51.497,7140.0000,157690,10,0.0000,12.0000,11,1,多开,B,7138.0000,0.0000,0.0000,0.0000,0.0000,7140.0000,0.0000,0.0000,0.0000,0.0000,27,0,0,0,0,4,0,0,0,0
zc,TA301,2012-06-15 09:03:52.247,7138.0000,157690,0,0.0000,24.0000,12,12,空换,S,7138.0000,0.0000,0.0000,0.0000,0.0000,7140.0000,0.0000,0.0000,0.0000,0.0000,15,0,0,0,0,4,0,0,0,0
zc,TA301,2012-06-15 09:03:52.760,7136.0000,157662,-28,0.0000,80.0000,26,54,多平,S,7136.0000,0.0000,0.0000,0.0000,0.0000,7138.0000,0.0000,0.0000,0.0000,0.0000,1,0,0,0,0,5,0,0,0,0
zc,TA301,2012-06-15 09:03:53.260,7138.0000,157662,0,0.0000,10.0000,5,5,多换,B,7138.0000,0.0000,0.0000,0.0000,0.0000,7140.0000,0.0000,0.0000,0.0000,0.0000,6,0,0,0,0,4,0,0,0,0
zc,TA301,2012-06-15 09:03:54.010,7138.0000,157662,0,0.0000,0.0000,0,0,多换,B,7138.0000,0.0000,0.0000,0.0000,0.0000,7140.0000,0.0000,0.0000,0.0000,0.0000,6,0,0,0,0,17,0,0,0,0
zc,TA301,2012-06-15 09:03:54.997,7140.0000,157664,2,0.0000,2.0000,2,0,双开,B,7138.0000,0.0000,0.0000,0.0000,0.0000,7140.0000,0.0000,0.0000,0.0000,0.0000,6,0,0,0,0,3,0,0,0,0
zc,TA301,2012-06-15 09:03:56.793,7138.0000,157662,-2,0.0000,12.0000,5,7,多平,S,7140.0000,0.0000,0.0000,0.0000,0.0000,7142.0000,0.0000,0.0000,0.0000,0.0000,1,0,0,0,0,235,0,0,0,0
zc,TA301,2012-06-15 09:03:57.607,7140.0000,157662,0,0.0000,4.0000,2,2,多换,B,7138.0000,0.0000,0.0000,0.0000,0.0000,7140.0000,0.0000,0.0000,0.0000,0.0000,7,0,0,0,0,15,0,0,0,0
zc,TA301,2012-06-15 09:03:58.497,7140.0000,157662,0,0.0000,0.0000,0,0,多换,B,7138.0000,0.0000,0.0000,0.0000,0.0000,7140.0000,0.0000,0.0000,0.0000,0.0000,7,0,0,0,0,21,0,0,0,0
zc,TA301,2012-06-15 09:03:59.247,7140.0000,157662,0,0.0000,14.0000,7,7,多换,B,7138.0000,0.0000,0.0000,0.0000,0.0000,7140.0000,0.0000,0.0000,0.0000,0.0000,7,0,0,0,0,16,0,0,0,0
zc,TA301,2012-06-15 09:03:59.793,7140.0000,157662,0,0.0000,0.0000,0,0,多换,B,7138.0000,0.0000,0.0000,0.0000,0.0000,7140.0000,0.0000,0.0000,0.0000,0.0000,8,0,0,0,0,16,0,0,0,0
zc,TA301,2012-06-15 09:04:00.573,7140.0000,157662,0,0.0000,4.0000,2,2,多换,B,7138.0000,0.0000,0.0000,0.0000,0.0000,7140.0000,0.0000,0.0000,0.0000,0.0000,10,0,0,0,0,14,0,0,0,0
zc,TA301,2012-06-15 09:04:01.027,7138.0000,157662,0,0.0000,2.0000,1,1,空换,S,7138.0000,0.0000,0.0000,0.0000,0.0000,7140.0000,0.0000,0.0000,0.0000,0.0000,10,0,0,0,0,15,0,0,0,0
zc,TA301,2012-06-15 09:04:01.777,7140.0000,157634,-28,0.0000,30.0000,1,29,空平,B,7140.0000,0.0000,0.0000,0.0000,0.0000,7142.0000,0.0000,0.0000,0.0000,0.0000,7,0,0,0,0,233,0,0,0,0
zc,TA301,2012-06-15 09:04:02.307,7140.0000,157634,0,0.0000,0.0000,0,0,多换,B,7140.0000,0.0000,0.0000,0.0000,0.0000,7142.0000,0.0000,0.0000,0.0000,0.0000,12,0,0,0,0,233,0,0,0,0
zc,TA301,2012-06-15 09:04:03.027,7140.0000,157632,-2,0.0000,16.0000,7,9,空平,B,7140.0000,0.0000,0.0000,0.0000,0.0000,7142.0000,0.0000,0.0000,0.0000,0.0000,17,0,0,0,0,226,0,0,0,0
zc,TA301,2012-06-15 09:04:03.260,7140.0000,157632,0,0.0000,0.0000,0,0,多换,B,7140.0000,0.0000,0.0000,0.0000,0.0000,7142.0000,0.0000,0.0000,0.0000,0.0000,18,0,0,0,0,226,0,0,0,0
zc,TA301,2012-06-15 09:04:04.010,7142.0000,157642,10,0.0000,62.0000,36,26,多开,B,7140.0000,0.0000,0.0000,0.0000,0.0000,7142.0000,0.0000,0.0000,0.0000,0.0000,14,0,0,0,0,196,0,0,0,0
zc,TA301,2012-06-15 09:04:04.747,7142.0000,157606,-36,0.0000,36.0000,0,36,双平,B,7140.0000,0.0000,0.0000,0.0000,0.0000,7142.0000,0.0000,0.0000,0.0000,0.0000,14,0,0,0,0,178,0,0,0,0
zc,TA301,2012-06-15 09:04:05.510,7142.0000,157592,-14,0.0000,16.0000,1,15,空平,B,7140.0000,0.0000,0.0000,0.0000,0.0000,7142.0000,0.0000,0.0000,0.0000,0.0000,8,0,0,0,0,171,0,0,0,0
zc,TA301,2012-06-15 09:04:06.057,7142.0000,157574,-18,0.0000,26.0000,4,22,空平,B,7140.0000,0.0000,0.0000,0.0000,0.0000,7142.0000,0.0000,0.0000,0.0000,0.0000,18,0,0,0,0,161,0,0,0,0
zc,TA301,2012-06-15 09:04:06.497,7142.0000,157554,-20,0.0000,52.0000,16,36,空平,B,7140.0000,0.0000,0.0000,0.0000,0.0000,7142.0000,0.0000,0.0000,0.0000,0.0000,8,0,0,0,0,137,0,0,0,0
zc,TA301,2012-06-15 09:04:06.997,7142.0000,157554,0,0.0000,38.0000,19,19,多换,B,7140.0000,0.0000,0.0000,0.0000,0.0000,7142.0000,0.0000,0.0000,0.0000,0.0000,8,0,0,0,0,117,0,0,0,0
zc,TA301,2012-06-15 09:04:07.760,7140.0000,157554,0,0.0000,2.0000,1,1,空换,S,7140.0000,0.0000,0.0000,0.0000,0.0000,7142.0000,0.0000,0.0000,0.0000,0.0000,8,0,0,0,0,117,0,0,0,0
zc,TA301,2012-06-15 09:04:08.497,7140.0000,157554,0,0.0000,4.0000,2,2,空换,S,7140.0000,0.0000,0.0000,0.0000,0.0000,7142.0000,0.0000,0.0000,0.0000,0.0000,33,0,0,0,0,117,0,0,0,0
zc,TA301,2012-06-15 09:04:08.980,7140.0000,157574,20,0.0000,20.0000,20,0,双开,S,7140.0000,0.0000,0.0000,0.0000,0.0000,7142.0000,0.0000,0.0000,0.0000,0.0000,24,0,0,0,0,117,0,0,0,0
zc,TA301,2012-06-15 09:04:09.480,7142.0000,157574,0,0.0000,2.0000,1,1,多换,B,7140.0000,0.0000,0.0000,0.0000,0.0000,7142.0000,0.0000,0.0000,0.0000,0.0000,24,0,0,0,0,116,0,0,0,0
zc,TA301,2012-06-15 09:04:09.997,7142.0000,157574,0,0.0000,4.0000,2,2,多换,B,7140.0000,0.0000,0.0000,0.0000,0.0000,7142.0000,0.0000,0.0000,0.0000,0.0000,24,0,0,0,0,114,0,0,0,0
zc,TA301,2012-06-15 09:04:10.760,7142.0000,157560,-14,0.0000,20.0000,3,17,空平,B,7140.0000,0.0000,0.0000,0.0000,0.0000,7142.0000,0.0000,0.0000,0.0000,0.0000,23,0,0,0,0,102,0,0,0,0
zc,TA301,2012-06-15 09:04:11.293,7142.0000,157560,0,0.0000,4.0000,2,2,多换,B,7140.0000,0.0000,0.0000,0.0000,0.0000,7142.0000,0.0000,0.0000,0.0000,0.0000,33,0,0,0,0,100,0,0,0,0
zc,TA301,2012-06-15 09:04:11.980,7142.0000,157558,-2,0.0000,4.0000,1,3,空平,B,7140.0000,0.0000,0.0000,0.0000,0.0000,7142.0000,0.0000,0.0000,0.0000,0.0000,37,0,0,0,0,98,0,0,0,0
zc,TA301,2012-06-15 09:04:12.510,7142.0000,157554,-4,0.0000,126.0000,61,65,空平,B,7140.0000,0.0000,0.0000,0.0000,0.0000,7142.0000,0.0000,0.0000,0.0000,0.0000,87,0,0,0,0,35,0,0,0,0
zc,TA301,2012-06-15 09:04:13.277,7142.0000,157552,-2,0.0000,12.0000,5,7,空平,B,7140.0000,0.0000,0.0000,0.0000,0.0000,7142.0000,0.0000,0.0000,0.0000,0.0000,87,0,0,0,0,30,0,0,0,0
zc,TA301,2012-06-15 09:04:13.747,7142.0000,157552,0,0.0000,8.0000,4,4,多换,B,7140.0000,0.0000,0.0000,0.0000,0.0000,7142.0000,0.0000,0.0000,0.0000,0.0000,87,0,0,0,0,26,0,0,0,0
zc,TA301,2012-06-15 09:04:14.497,7142.0000,157552,0,0.0000,2.0000,1,1,多换,B,7140.0000,0.0000,0.0000,0.0000,0.0000,7142.0000,0.0000,0.0000,0.0000,0.0000,87,0,0,0,0,25,0,0,0,0
zc,TA301,2012-06-15 09:04:15.010,7142.0000,157552,0,0.0000,10.0000,5,5,多换,B,7140.0000,0.0000,0.0000,0.0000,0.0000,7142.0000,0.0000,0.0000,0.0000,0.0000,85,0,0,0,0,23,0,0,0,0
zc,TA301,2012-06-15 09:04:15.527,7142.0000,157548,-4,0.0000,48.0000,22,26,空平,B,7142.0000,0.0000,0.0000,0.0000,0.0000,7144.0000,0.0000,0.0000,0.0000,0.0000,80,0,0,0,0,25,0,0,0,0
zc,TA301,2012-06-15 09:04:16.277,7142.0000,157548,0,0.0000,0.0000,0,0,多换,B,7142.0000,0.0000,0.0000,0.0000,0.0000,7144.0000,0.0000,0.0000,0.0000,0.0000,83,0,0,0,0,25,0,0,0,0
zc,TA301,2012-06-15 09:04:16.777,7142.0000,157552,4,0.0000,4.0000,4,0,双开,B,7142.0000,0.0000,0.0000,0.0000,0.0000,7144.0000,0.0000,0.0000,0.0000,0.0000,100,0,0,0,0,25,0,0,0,0
zc,TA301,2012-06-15 09:04:17.293,7144.0000,157560,8,0.0000,26.0000,17,9,多开,B,7142.0000,0.0000,0.0000,0.0000,0.0000,7144.0000,0.0000,0.0000,0.0000,0.0000,110,0,0,0,0,13,0,0,0,0
zc,TA301,2012-06-15 09:04:17.777,7144.0000,157560,0,0.0000,12.0000,6,6,多换,B,7142.0000,0.0000,0.0000,0.0000,0.0000,7144.0000,0.0000,0.0000,0.0000,0.0000,120,0,0,0,0,7,0,0,0,0
zc,TA301,2012-06-15 09:04:18.527,7144.0000,157564,4,0.0000,14.0000,9,5,多开,B,7144.0000,0.0000,0.0000,0.0000,0.0000,7146.0000,0.0000,0.0000,0.0000,0.0000,15,0,0,0,0,9,0,0,0,0
zc,TA301,2012-06-15 09:04:19.010,7144.0000,157564,0,0.0000,2.0000,1,1,多换,B,7144.0000,0.0000,0.0000,0.0000,0.0000,7146.0000,0.0000,0.0000,0.0000,0.0000,15,0,0,0,0,9,0,0,0,0
zc,TA301,2012-06-15 09:04:19.807,7144.0000,157564,0,0.0000,0.0000,0,0,多换,B,7144.0000,0.0000,0.0000,0.0000,0.0000,7146.0000,0.0000,0.0000,0.0000,0.0000,17,0,0,0,0,9,0,0,0,0
zc,TA301,2012-06-15 09:04:20.260,7146.0000,157564,0,0.0000,4.0000,2,2,多换,B,7144.0000,0.0000,0.0000,0.0000,0.0000,7146.0000,0.0000,0.0000,0.0000,0.0000,19,0,0,0,0,7,0,0,0,0
zc,TA301,2012-06-15 09:04:21.027,7146.0000,157566,2,0.0000,8.0000,5,3,多开,B,7144.0000,0.0000,0.0000,0.0000,0.0000,7146.0000,0.0000,0.0000,0.0000,0.0000,21,0,0,0,0,3,0,0,0,0
zc,TA301,2012-06-15 09:04:21.527,7146.0000,157564,-2,0.0000,6.0000,2,4,空平,B,7146.0000,0.0000,0.0000,0.0000,0.0000,7148.0000,0.0000,0.0000,0.0000,0.0000,29,0,0,0,0,53,0,0,0,0
zc,TA301,2012-06-15 09:04:22.340,7148.0000,157566,2,0.0000,10.0000,6,4,多开,B,7146.0000,0.0000,0.0000,0.0000,0.0000,7148.0000,0.0000,0.0000,0.0000,0.0000,44,0,0,0,0,52,0,0,0,0
zc,TA301,2012-06-15 09:04:22.793,7148.0000,157568,2,0.0000,4.0000,3,1,多开,B,7146.0000,0.0000,0.0000,0.0000,0.0000,7148.0000,0.0000,0.0000,0.0000,0.0000,43,0,0,0,0,51,0,0,0,0
zc,TA301,2012-06-15 09:04:23.527,7148.0000,157572,4,0.0000,24.0000,14,10,多开,B,7146.0000,0.0000,0.0000,0.0000,0.0000,7148.0000,0.0000,0.0000,0.0000,0.0000,39,0,0,0,0,31,0,0,0,0
zc,TA301,2012-06-15 09:04:24.043,7148.0000,157580,8,0.0000,62.0000,35,27,多开,B,7148.0000,0.0000,0.0000,0.0000,0.0000,7150.0000,0.0000,0.0000,0.0000,0.0000,26,0,0,0,0,262,0,0,0,0
zc,TA301,2012-06-15 09:04:24.510,7148.0000,157580,0,0.0000,8.0000,4,4,多换,B,7148.0000,0.0000,0.0000,0.0000,0.0000,7150.0000,0.0000,0.0000,0.0000,0.0000,30,0,0,0,0,262,0,0,0,0
zc,TA301,2012-06-15 09:04:25.260,7150.0000,157580,0,0.0000,2.0000,1,1,多换,B,7148.0000,0.0000,0.0000,0.0000,0.0000,7150.0000,0.0000,0.0000,0.0000,0.0000,33,0,0,0,0,261,0,0,0,0
zc,TA301,2012-06-15 09:04:25.730,7150.0000,157682,102,0.0000,122.0000,112,10,多开,B,7148.0000,0.0000,0.0000,0.0000,0.0000,7150.0000,0.0000,0.0000,0.0000,0.0000,34,0,0,0,0,200,0,0,0,0
zc,TA301,2012-06-15 09:04:26.573,7150.0000,157686,4,0.0000,8.0000,6,2,多开,B,7148.0000,0.0000,0.0000,0.0000,0.0000,7150.0000,0.0000,0.0000,0.0000,0.0000,33,0,0,0,0,187,0,0,0,0
zc,TA301,2012-06-15 09:04:26.997,7150.0000,157688,2,0.0000,24.0000,13,11,多开,B,7148.0000,0.0000,0.0000,0.0000,0.0000,7150.0000,0.0000,0.0000,0.0000,0.0000,32,0,0,0,0,178,0,0,0,0
zc,TA301,2012-06-15 09:04:27.497,7150.0000,157692,4,0.0000,14.0000,9,5,多开,B,7148.0000,0.0000,0.0000,0.0000,0.0000,7150.0000,0.0000,0.0000,0.0000,0.0000,30,0,0,0,0,172,0,0,0,0
zc,TA301,2012-06-15 09:04:28.043,7150.0000,157720,28,0.0000,28.0000,28,0,双开,B,7148.0000,0.0000,0.0000,0.0000,0.0000,7150.0000,0.0000,0.0000,0.0000,0.0000,33,0,0,0,0,158,0,0,0,0
zc,TA301,2012-06-15 09:04:28.747,7148.0000,157746,26,0.0000,32.0000,29,3,空开,S,7148.0000,0.0000,0.0000,0.0000,0.0000,7150.0000,0.0000,0.0000,0.0000,0.0000,31,0,0,0,0,145,0,0,0,0
zc,TA301,2012-06-15 09:04:29.510,7148.0000,157828,82,0.0000,92.0000,87,5,空开,S,7148.0000,0.0000,0.0000,0.0000,0.0000,7150.0000,0.0000,0.0000,0.0000,0.0000,28,0,0,0,0,122,0,0,0,0
zc,TA301,2012-06-15 09:04:30.747,7148.0000,157852,24,0.0000,34.0000,29,5,空开,S,7148.0000,0.0000,0.0000,0.0000,0.0000,7150.0000,0.0000,0.0000,0.0000,0.0000,31,0,0,0,0,121,0,0,0,0
zc,TA301,2012-06-15 09:04:30.997,7150.0000,157856,4,0.0000,6.0000,5,1,多开,B,7148.0000,0.0000,0.0000,0.0000,0.0000,7150.0000,0.0000,0.0000,0.0000,0.0000,30,0,0,0,0,119,0,0,0,0
zc,TA301,2012-06-15 09:04:31.747,7148.0000,157916,60,0.0000,66.0000,63,3,空开,S,7148.0000,0.0000,0.0000,0.0000,0.0000,7150.0000,0.0000,0.0000,0.0000,0.0000,29,0,0,0,0,88,0,0,0,0
zc,TA301,2012-06-15 09:04:32.293,7148.0000,158024,108,0.0000,266.0000,187,79,空开,S,7148.0000,0.0000,0.0000,0.0000,0.0000,7152.0000,0.0000,0.0000,0.0000,0.0000,35,0,0,0,0,23,0,0,0,0
zc,TA301,2012-06-15 09:04:33.107,7148.0000,158022,-2,0.0000,2.0000,0,2,双平,S,7150.0000,0.0000,0.0000,0.0000,0.0000,7152.0000,0.0000,0.0000,0.0000,0.0000,3,0,0,0,0,23,0,0,0,0
zc,TA301,2012-06-15 09:04:33.793,7152.0000,158024,2,0.0000,50.0000,26,24,多开,B,7152.0000,0.0000,0.0000,0.0000,0.0000,7154.0000,0.0000,0.0000,0.0000,0.0000,27,0,0,0,0,18,0,0,0,0
zc,TA301,2012-06-15 09:04:34.293,7152.0000,158046,22,0.0000,62.0000,42,20,多开,B,7152.0000,0.0000,0.0000,0.0000,0.0000,7154.0000,0.0000,0.0000,0.0000,0.0000,2,0,0,0,0,8,0,0,0,0
zc,TA301,2012-06-15 09:04:34.793,7154.0000,158046,0,0.0000,2.0000,1,1,多换,B,7152.0000,0.0000,0.0000,0.0000,0.0000,7154.0000,0.0000,0.0000,0.0000,0.0000,2,0,0,0,0,7,0,0,0,0
zc,TA301,2012-06-15 09:04:35.510,7154.0000,158050,4,0.0000,6.0000,5,1,多开,B,7152.0000,0.0000,0.0000,0.0000,0.0000,7154.0000,0.0000,0.0000,0.0000,0.0000,5,0,0,0,0,14,0,0,0,0
zc,TA301,2012-06-15 09:04:36.043,7152.0000,158048,-2,0.0000,12.0000,5,7,多平,S,7150.0000,0.0000,0.0000,0.0000,0.0000,7152.0000,0.0000,0.0000,0.0000,0.0000,84,0,0,0,0,47,0,0,0,0
zc,TA301,2012-06-15 09:04:36.760,7152.0000,158040,-8,0.0000,52.0000,22,30,多平,S,7150.0000,0.0000,0.0000,0.0000,0.0000,7152.0000,0.0000,0.0000,0.0000,0.0000,84,0,0,0,0,21,0,0,0,0
zc,TA301,2012-06-15 09:04:37.293,7148.0000,158010,-30,0.0000,224.0000,97,127,多平,S,7148.0000,0.0000,0.0000,0.0000,0.0000,7152.0000,0.0000,0.0000,0.0000,0.0000,32,0,0,0,0,10,0,0,0,0
zc,TA301,2012-06-15 09:04:38.043,7152.0000,158010,0,0.0000,12.0000,6,6,多换,B,7148.0000,0.0000,0.0000,0.0000,0.0000,7150.0000,0.0000,0.0000,0.0000,0.0000,34,0,0,0,0,1,0,0,0,0
zc,TA301,2012-06-15 09:04:38.573,7152.0000,158014,4,0.0000,26.0000,15,11,多开,B,7152.0000,0.0000,0.0000,0.0000,0.0000,7154.0000,0.0000,0.0000,0.0000,0.0000,9,0,0,0,0,16,0,0,0,0
zc,TA301,2012-06-15 09:04:38.997,7152.0000,158020,6,0.0000,8.0000,7,1,多开,B,7152.0000,0.0000,0.0000,0.0000,0.0000,7154.0000,0.0000,0.0000,0.0000,0.0000,7,0,0,0,0,18,0,0,0,0
zc,TA301,2012-06-15 09:04:40.010,7152.0000,158028,8,0.0000,10.0000,9,1,多开,B,7152.0000,0.0000,0.0000,0.0000,0.0000,7154.0000,0.0000,0.0000,0.0000,0.0000,5,0,0,0,0,18,0,0,0,0
zc,TA301,2012-06-15 09:04:40.557,7152.0000,158038,10,0.0000,10.0000,10,0,双开,B,7150.0000,0.0000,0.0000,0.0000,0.0000,7152.0000,0.0000,0.0000,0.0000,0.0000,1,0,0,0,0,12,0,0,0,0
zc,TA301,2012-06-15 09:04:41.307,7148.0000,158042,4,0.0000,10.0000,7,3,空开,S,7148.0000,0.0000,0.0000,0.0000,0.0000,7152.0000,0.0000,0.0000,0.0000,0.0000,30,0,0,0,0,11,0,0,0,0
zc,TA301,2012-06-15 09:04:41.793,7152.0000,158046,4,0.0000,6.0000,5,1,多开,B,7148.0000,0.0000,0.0000,0.0000,0.0000,7150.0000,0.0000,0.0000,0.0000,0.0000,29,0,0,0,0,1,0,0,0,0
zc,TA301,2012-06-15 09:04:42.510,7152.0000,158050,4,0.0000,4.0000,4,0,双开,B,7148.0000,0.0000,0.0000,0.0000,0.0000,7152.0000,0.0000,0.0000,0.0000,0.0000,27,0,0,0,0,13,0,0,0,0
zc,TA301,2012-06-15 09:04:43.027,7148.0000,158066,16,0.0000,16.0000,16,0,双开,S,7148.0000,0.0000,0.0000,0.0000,0.0000,7152.0000,0.0000,0.0000,0.0000,0.0000,25,0,0,0,0,23,0,0,0,0
zc,TA301,2012-06-15 09:04:43.510,7152.0000,158110,44,0.0000,66.0000,55,11,多开,B,7148.0000,0.0000,0.0000,0.0000,0.0000,7152.0000,0.0000,0.0000,0.0000,0.0000,26,0,0,0,0,5,0,0,0,0
zc,TA301,2012-06-15 09:04:44.277,7152.0000,158110,0,0.0000,4.0000,2,2,多换,B,7148.0000,0.0000,0.0000,0.0000,0.0000,7150.0000,0.0000,0.0000,0.0000,0.0000,27,0,0,0,0,1,0,0,0,0
zc,TA301,2012-06-15 09:04:44.793,7150.0000,158102,-8,0.0000,16.0000,4,12,多平,S,7148.0000,0.0000,0.0000,0.0000,0.0000,7150.0000,0.0000,0.0000,0.0000,0.0000,26,0,0,0,0,3,0,0,0,0
zc,TA301,2012-06-15 09:04:45.307,7152.0000,158100,-2,0.0000,22.0000,10,12,空平,B,7148.0000,0.0000,0.0000,0.0000,0.0000,7152.0000,0.0000,0.0000,0.0000,0.0000,20,0,0,0,0,100,0,0,0,0
zc,TA301,2012-06-15 09:04:45.997,7152.0000,158100,0,0.0000,0.0000,0,0,多换,B,7148.0000,0.0000,0.0000,0.0000,0.0000,7150.0000,0.0000,0.0000,0.0000,0.0000,21,0,0,0,0,3,0,0,0,0
zc,TA301,2012-06-15 09:04:47.247,7150.0000,158102,2,0.0000,2.0000,2,0,双开,S,7148.0000,0.0000,0.0000,0.0000,0.0000,7150.0000,0.0000,0.0000,0.0000,0.0000,21,0,0,0,0,3,0,0,0,0
zc,TA301,2012-06-15 09:04:47.760,7150.0000,158102,0,0.0000,2.0000,1,1,空换,S,7148.0000,0.0000,0.0000,0.0000,0.0000,7150.0000,0.0000,0.0000,0.0000,0.0000,21,0,0,0,0,2,0,0,0,0
zc,TA301,2012-06-15 09:04:48.277,7150.0000,158102,0,0.0000,4.0000,2,2,空换,S,7148.0000,0.0000,0.0000,0.0000,0.0000,7150.0000,0.0000,0.0000,0.0000,0.0000,21,0,0,0,0,10,0,0,0,0
zc,TA301,2012-06-15 09:04:49.010,7150.0000,158102,0,0.0000,0.0000,0,0,空换,S,7148.0000,0.0000,0.0000,0.0000,0.0000,7150.0000,0.0000,0.0000,0.0000,0.0000,25,0,0,0,0,10,0,0,0,0
zc,TA301,2012-06-15 09:04:49.510,7150.0000,158108,6,0.0000,6.0000,6,0,双开,S,7148.0000,0.0000,0.0000,0.0000,0.0000,7150.0000,0.0000,0.0000,0.0000,0.0000,175,0,0,0,0,9,0,0,0,0
zc,TA301,2012-06-15 09:04:50.323,7150.0000,158132,24,0.0000,28.0000,26,2,空开,S,7150.0000,0.0000,0.0000,0.0000,0.0000,7152.0000,0.0000,0.0000,0.0000,0.0000,8,0,0,0,0,101,0,0,0,0
zc,TA301,2012-06-15 09:04:50.713,7152.0000,158138,6,0.0000,106.0000,56,50,多开,B,7150.0000,0.0000,0.0000,0.0000,0.0000,7152.0000,0.0000,0.0000,0.0000,0.0000,5,0,0,0,0,48,0,0,0,0
zc,TA301,2012-06-15 09:04:51.497,7150.0000,158150,12,0.0000,12.0000,12,0,双开,S,7150.0000,0.0000,0.0000,0.0000,0.0000,7152.0000,0.0000,0.0000,0.0000,0.0000,1,0,0,0,0,43,0,0,0,0
zc,TA301,2012-06-15 09:04:51.777,7150.0000,158152,2,0.0000,2.0000,2,0,双开,S,7148.0000,0.0000,0.0000,0.0000,0.0000,7152.0000,0.0000,0.0000,0.0000,0.0000,175,0,0,0,0,43,0,0,0,0
zc,TA301,2012-06-15 09:04:52.543,7152.0000,158154,2,0.0000,4.0000,3,1,多开,B,7150.0000,0.0000,0.0000,0.0000,0.0000,7152.0000,0.0000,0.0000,0.0000,0.0000,18,0,0,0,0,44,0,0,0,0
zc,TA301,2012-06-15 09:04:53.010,7152.0000,158158,4,0.0000,8.0000,6,2,多开,B,7150.0000,0.0000,0.0000,0.0000,0.0000,7152.0000,0.0000,0.0000,0.0000,0.0000,19,0,0,0,0,41,0,0,0,0
zc,TA301,2012-06-15 09:04:53.747,7152.0000,158158,0,0.0000,0.0000,0,0,多换,B,7150.0000,0.0000,0.0000,0.0000,0.0000,7152.0000,0.0000,0.0000,0.0000,0.0000,21,0,0,0,0,43,0,0,0,0
zc,TA301,2012-06-15 09:04:54.527,7152.0000,158176,18,0.0000,56.0000,37,19,多开,B,7148.0000,0.0000,0.0000,0.0000,0.0000,7150.0000,0.0000,0.0000,0.0000,0.0000,164,0,0,0,0,1,0,0,0,0
zc,TA301,2012-06-15 09:04:55.260,7152.0000,158174,-2,0.0000,4.0000,1,3,空平,B,7148.0000,0.0000,0.0000,0.0000,0.0000,7150.0000,0.0000,0.0000,0.0000,0.0000,164,0,0,0,0,1,0,0,0,0
zc,TA301,2012-06-15 09:04:55.933,7150.0000,158330,156,0.0000,158.0000,157,1,空开,S,7150.0000,0.0000,0.0000,0.0000,0.0000,7152.0000,0.0000,0.0000,0.0000,0.0000,143,0,0,0,0,30,0,0,0,0
zc,TA301,2012-06-15 09:04:56.247,7150.0000,158366,36,0.0000,38.0000,37,1,空开,S,7150.0000,0.0000,0.0000,0.0000,0.0000,7152.0000,0.0000,0.0000,0.0000,0.0000,125,0,0,0,0,25,0,0,0,0
zc,TA301,2012-06-15 09:04:57.010,7150.0000,158376,10,0.0000,28.0000,19,9,空开,S,7150.0000,0.0000,0.0000,0.0000,0.0000,7152.0000,0.0000,0.0000,0.0000,0.0000,112,0,0,0,0,25,0,0,0,0
zc,TA301,2012-06-15 09:04:57.480,7152.0000,158404,28,0.0000,50.0000,39,11,多开,B,7150.0000,0.0000,0.0000,0.0000,0.0000,7152.0000,0.0000,0.0000,0.0000,0.0000,89,0,0,0,0,33,0,0,0,0
zc,TA301,2012-06-15 09:04:58.230,7150.0000,158432,28,0.0000,28.0000,28,0,双开,S,7150.0000,0.0000,0.0000,0.0000,0.0000,7152.0000,0.0000,0.0000,0.0000,0.0000,75,0,0,0,0,31,0,0,0,0
zc,TA301,2012-06-15 09:04:58.777,7150.0000,158432,0,0.0000,6.0000,3,3,空换,S,7150.0000,0.0000,0.0000,0.0000,0.0000,7152.0000,0.0000,0.0000,0.0000,0.0000,75,0,0,0,0,24,0,0,0,0
zc,TA301,2012-06-15 09:04:59.480,7150.0000,158434,2,0.0000,8.0000,5,3,空开,S,7150.0000,0.0000,0.0000,0.0000,0.0000,7152.0000,0.0000,0.0000,0.0000,0.0000,74,0,0,0,0,22,0,0,0,0
zc,TA301,2012-06-15 09:05:00.027,7152.0000,158436,2,0.0000,8.0000,5,3,多开,B,7150.0000,0.0000,0.0000,0.0000,0.0000,7152.0000,0.0000,0.0000,0.0000,0.0000,74,0,0,0,0,20,0,0,0,0
zc,TA301,2012-06-15 09:05:00.777,7152.0000,158436,0,0.0000,4.0000,2,2,多换,B,7150.0000,0.0000,0.0000,0.0000,0.0000,7152.0000,0.0000,0.0000,0.0000,0.0000,74,0,0,0,0,19,0,0,0,0
zc,TA301,2012-06-15 09:05:01.247,7152.0000,158438,2,0.0000,8.0000,5,3,多开,B,7150.0000,0.0000,0.0000,0.0000,0.0000,7152.0000,0.0000,0.0000,0.0000,0.0000,74,0,0,0,0,15,0,0,0,0
zc,TA301,2012-06-15 09:05:02.010,7150.0000,158434,-4,0.0000,40.0000,18,22,多平,S,7150.0000,0.0000,0.0000,0.0000,0.0000,7154.0000,0.0000,0.0000,0.0000,0.0000,81,0,0,0,0,32,0,0,0,0
zc,TA301,2012-06-15 09:05:02.247,7150.0000,158434,0,0.0000,2.0000,1,1,空换,S,7150.0000,0.0000,0.0000,0.0000,0.0000,7154.0000,0.0000,0.0000,0.0000,0.0000,80,0,0,0,0,32,0,0,0,0
zc,TA301,2012-06-15 09:05:03.057,7154.0000,158436,2,0.0000,2.0000,2,0,双开,B,7152.0000,0.0000,0.0000,0.0000,0.0000,7154.0000,0.0000,0.0000,0.0000,0.0000,3,0,0,0,0,37,0,0,0,0
zc,TA301,2012-06-15 09:05:03.480,7152.0000,158444,8,0.0000,12.0000,10,2,空开,S,7152.0000,0.0000,0.0000,0.0000,0.0000,7154.0000,0.0000,0.0000,0.0000,0.0000,51,0,0,0,0,33,0,0,0,0
zc,TA301,2012-06-15 09:05:04.543,7154.0000,158456,12,0.0000,24.0000,18,6,多开,B,7152.0000,0.0000,0.0000,0.0000,0.0000,7154.0000,0.0000,0.0000,0.0000,0.0000,42,0,0,0,0,31,0,0,0,0
zc,TA301,2012-06-15 09:05:04.997,7152.0000,158468,12,0.0000,32.0000,22,10,空开,S,7152.0000,0.0000,0.0000,0.0000,0.0000,7154.0000,0.0000,0.0000,0.0000,0.0000,26,0,0,0,0,26,0,0,0,0
zc,TA301,2012-06-15 09:05:05.573,7152.0000,158468,0,0.0000,6.0000,3,3,空换,S,7152.0000,0.0000,0.0000,0.0000,0.0000,7154.0000,0.0000,0.0000,0.0000,0.0000,23,0,0,0,0,28,0,0,0,0
zc,TA301,2012-06-15 09:05:06.057,7152.0000,158480,12,0.0000,22.0000,17,5,空开,S,7152.0000,0.0000,0.0000,0.0000,0.0000,7154.0000,0.0000,0.0000,0.0000,0.0000,12,0,0,0,0,37,0,0,0,0
zc,TA301,2012-06-15 09:05:06.730,7154.0000,158482,2,0.0000,2.0000,2,0,双开,B,7152.0000,0.0000,0.0000,0.0000,0.0000,7154.0000,0.0000,0.0000,0.0000,0.0000,12,0,0,0,0,36,0,0,0,0
zc,TA301,2012-06-15 09:05:07.277,7152.0000,158486,4,0.0000,6.0000,5,1,空开,S,7152.0000,0.0000,0.0000,0.0000,0.0000,7154.0000,0.0000,0.0000,0.0000,0.0000,12,0,0,0,0,31,0,0,0,0
zc,TA301,2012-06-15 09:05:07.777,7154.0000,158490,4,0.0000,10.0000,7,3,多开,B,7152.0000,0.0000,0.0000,0.0000,0.0000,7154.0000,0.0000,0.0000,0.0000,0.0000,10,0,0,0,0,60,0,0,0,0
zc,TA301,2012-06-15 09:05:08.557,7154.0000,158518,28,0.0000,34.0000,31,3,多开,B,7150.0000,0.0000,0.0000,0.0000,0.0000,7152.0000,0.0000,0.0000,0.0000,0.0000,109,0,0,0,0,1,0,0,0,0
zc,TA301,2012-06-15 09:05:08.980,7154.0000,158520,2,0.0000,4.0000,3,1,多开,B,7150.0000,0.0000,0.0000,0.0000,0.0000,7152.0000,0.0000,0.0000,0.0000,0.0000,109,0,0,0,0,28,0,0,0,0
zc,TA301,2012-06-15 09:05:09.777,7152.0000,158520,0,0.0000,4.0000,2,2,空换,S,7150.0000,0.0000,0.0000,0.0000,0.0000,7152.0000,0.0000,0.0000,0.0000,0.0000,109,0,0,0,0,13,0,0,0,0
zc,TA301,2012-06-15 09:05:10.260,7152.0000,158520,0,0.0000,2.0000,1,1,空换,S,7150.0000,0.0000,0.0000,0.0000,0.0000,7152.0000,0.0000,0.0000,0.0000,0.0000,109,0,0,0,0,12,0,0,0,0
zc,TA301,2012-06-15 09:05:11.010,7152.0000,158520,0,0.0000,0.0000,0,0,空换,S,7150.0000,0.0000,0.0000,0.0000,0.0000,7152.0000,0.0000,0.0000,0.0000,0.0000,109,0,0,0,0,13,0,0,0,0
zc,TA301,2012-06-15 09:05:11.510,7152.0000,158536,16,0.0000,20.0000,18,2,空开,S,7150.0000,0.0000,0.0000,0.0000,0.0000,7152.0000,0.0000,0.0000,0.0000,0.0000,109,0,0,0,0,3,0,0,0,0
zc,TA301,2012-06-15 09:05:12.277,7152.0000,158536,0,0.0000,4.0000,2,2,空换,S,7150.0000,0.0000,0.0000,0.0000,0.0000,7152.0000,0.0000,0.0000,0.0000,0.0000,110,0,0,0,0,2,0,0,0,0
zc,TA301,2012-06-15 09:05:12.777,7152.0000,158566,30,0.0000,34.0000,32,2,空开,S,7152.0000,0.0000,0.0000,0.0000,0.0000,7154.0000,0.0000,0.0000,0.0000,0.0000,9,0,0,0,0,74,0,0,0,0
zc,TA301,2012-06-15 09:05:13.293,7150.0000,158570,4,0.0000,42.0000,23,19,空开,S,7150.0000,0.0000,0.0000,0.0000,0.0000,7152.0000,0.0000,0.0000,0.0000,0.0000,83,0,0,0,0,22,0,0,0,0
zc,TA301,2012-06-15 09:05:13.980,7150.0000,158572,2,0.0000,2.0000,2,0,双开,S,7150.0000,0.0000,0.0000,0.0000,0.0000,7152.0000,0.0000,0.0000,0.0000,0.0000,82,0,0,0,0,26,0,0,0,0
zc,TA301,2012-06-15 09:05:14.510,7150.0000,158586,14,0.0000,126.0000,70,56,空开,S,7150.0000,0.0000,0.0000,0.0000,0.0000,7152.0000,0.0000,0.0000,0.0000,0.0000,74,0,0,0,0,7,0,0,0,0
zc,TA301,2012-06-15 09:05:15.247,7150.0000,158594,8,0.0000,8.0000,8,0,双开,S,7150.0000,0.0000,0.0000,0.0000,0.0000,7152.0000,0.0000,0.0000,0.0000,0.0000,70,0,0,0,0,16,0,0,0,0
zc,TA301,2012-06-15 09:05:15.807,7152.0000,158646,52,0.0000,54.0000,53,1,多开,B,7152.0000,0.0000,0.0000,0.0000,0.0000,7154.0000,0.0000,0.0000,0.0000,0.0000,234,0,0,0,0,80,0,0,0,0
zc,TA301,2012-06-15 09:05:16.497,7152.0000,158732,86,0.0000,88.0000,87,1,多开,B,7152.0000,0.0000,0.0000,0.0000,0.0000,7154.0000,0.0000,0.0000,0.0000,0.0000,212,0,0,0,0,70,0,0,0,0
zc,TA301,2012-06-15 09:05:16.760,7152.0000,158732,0,0.0000,2.0000,1,1,多换,B,7152.0000,0.0000,0.0000,0.0000,0.0000,7154.0000,0.0000,0.0000,0.0000,0.0000,212,0,0,0,0,70,0,0,0,0
zc,TA301,2012-06-15 09:05:17.497,7152.0000,158732,0,0.0000,0.0000,0,0,多换,B,7152.0000,0.0000,0.0000,0.0000,0.0000,7154.0000,0.0000,0.0000,0.0000,0.0000,213,0,0,0,0,70,0,0,0,0
zc,TA301,2012-06-15 09:05:18.027,7154.0000,158730,-2,0.0000,18.0000,8,10,空平,B,7152.0000,0.0000,0.0000,0.0000,0.0000,7154.0000,0.0000,0.0000,0.0000,0.0000,209,0,0,0,0,65,0,0,0,0
zc,TA301,2012-06-15 09:05:18.840,7152.0000,158732,2,0.0000,14.0000,8,6,空开,S,7152.0000,0.0000,0.0000,0.0000,0.0000,7154.0000,0.0000,0.0000,0.0000,0.0000,202,0,0,0,0,67,0,0,0,0
zc,TA301,2012-06-15 09:05:19.277,7154.0000,158736,4,0.0000,22.0000,13,9,多开,B,7152.0000,0.0000,0.0000,0.0000,0.0000,7154.0000,0.0000,0.0000,0.0000,0.0000,202,0,0,0,0,56,0,0,0,0
zc,TA301,2012-06-15 09:05:19.777,7154.0000,158736,0,0.0000,14.0000,7,7,多换,B,7152.0000,0.0000,0.0000,0.0000,0.0000,7154.0000,0.0000,0.0000,0.0000,0.0000,198,0,0,0,0,53,0,0,0,0
zc,TA301,2012-06-15 09:05:20.527,7154.0000,158760,24,0.0000,108.0000,66,42,多开,B,7154.0000,0.0000,0.0000,0.0000,0.0000,7156.0000,0.0000,0.0000,0.0000,0.0000,81,0,0,0,0,53,0,0,0,0
zc,TA301,2012-06-15 09:05:21.027,7154.0000,158764,4,0.0000,50.0000,27,23,多开,B,7154.0000,0.0000,0.0000,0.0000,0.0000,7156.0000,0.0000,0.0000,0.0000,0.0000,57,0,0,0,0,59,0,0,0,0
zc,TA301,2012-06-15 09:05:21.747,7154.0000,158766,2,0.0000,2.0000,2,0,双开,B,7154.0000,0.0000,0.0000,0.0000,0.0000,7156.0000,0.0000,0.0000,0.0000,0.0000,57,0,0,0,0,60,0,0,0,0
zc,TA301,2012-06-15 09:05:22.277,7154.0000,158776,10,0.0000,24.0000,17,7,多开,B,7154.0000,0.0000,0.0000,0.0000,0.0000,7156.0000,0.0000,0.0000,0.0000,0.0000,65,0,0,0,0,58,0,0,0,0
zc,TA301,2012-06-15 09:05:22.777,7154.0000,158776,0,0.0000,0.0000,0,0,多换,B,7154.0000,0.0000,0.0000,0.0000,0.0000,7156.0000,0.0000,0.0000,0.0000,0.0000,75,0,0,0,0,60,0,0,0,0
zc,TA301,2012-06-15 09:05:23.277,7154.0000,158962,186,0.0000,308.0000,247,61,多开,B,7154.0000,0.0000,0.0000,0.0000,0.0000,7158.0000,0.0000,0.0000,0.0000,0.0000,75,0,0,0,0,332,0,0,0,0
zc,TA301,2012-06-15 09:05:24.010,7158.0000,158964,2,0.0000,8.0000,5,3,多开,B,7156.0000,0.0000,0.0000,0.0000,0.0000,7158.0000,0.0000,0.0000,0.0000,0.0000,11,0,0,0,0,333,0,0,0,0
zc,TA301,2012-06-15 09:05:24.527,7158.0000,158966,2,0.0000,6.0000,4,2,多开,B,7156.0000,0.0000,0.0000,0.0000,0.0000,7158.0000,0.0000,0.0000,0.0000,0.0000,11,0,0,0,0,327,0,0,0,0
zc,TA301,2012-06-15 09:05:25.260,7156.0000,158966,0,0.0000,2.0000,1,1,空换,S,7156.0000,0.0000,0.0000,0.0000,0.0000,7158.0000,0.0000,0.0000,0.0000,0.0000,10,0,0,0,0,325,0,0,0,0
zc,TA301,2012-06-15 09:05:25.747,7158.0000,158970,4,0.0000,4.0000,4,0,双开,B,7156.0000,0.0000,0.0000,0.0000,0.0000,7158.0000,0.0000,0.0000,0.0000,0.0000,10,0,0,0,0,323,0,0,0,0
zc,TA301,2012-06-15 09:05:26.260,7156.0000,158970,0,0.0000,2.0000,1,1,空换,S,7156.0000,0.0000,0.0000,0.0000,0.0000,7158.0000,0.0000,0.0000,0.0000,0.0000,10,0,0,0,0,326,0,0,0,0
zc,TA301,2012-06-15 09:05:27.010,7158.0000,158970,0,0.0000,14.0000,7,7,多换,B,7156.0000,0.0000,0.0000,0.0000,0.0000,7158.0000,0.0000,0.0000,0.0000,0.0000,5,0,0,0,0,328,0,0,0,0
zc,TA301,2012-06-15 09:05:27.480,7156.0000,158972,2,0.0000,2.0000,2,0,双开,S,7156.0000,0.0000,0.0000,0.0000,0.0000,7158.0000,0.0000,0.0000,0.0000,0.0000,10,0,0,0,0,328,0,0,0,0
zc,TA301,2012-06-15 09:05:28.277,7156.0000,158978,6,0.0000,6.0000,6,0,双开,S,7156.0000,0.0000,0.0000,0.0000,0.0000,7158.0000,0.0000,0.0000,0.0000,0.0000,9,0,0,0,0,327,0,0,0,0
zc,TA301,2012-06-15 09:05:28.527,7158.0000,158982,4,0.0000,12.0000,8,4,多开,B,7156.0000,0.0000,0.0000,0.0000,0.0000,7158.0000,0.0000,0.0000,0.0000,0.0000,7,0,0,0,0,389,0,0,0,0
zc,TA301,2012-06-15 09:05:29.277,7156.0000,159002,20,0.0000,20.0000,20,0,双开,S,7154.0000,0.0000,0.0000,0.0000,0.0000,7156.0000,0.0000,0.0000,0.0000,0.0000,85,0,0,0,0,6,0,0,0,0
zc,TA301,2012-06-15 09:05:29.760,7156.0000,159010,8,0.0000,8.0000,8,0,双开,S,7154.0000,0.0000,0.0000,0.0000,0.0000,7156.0000,0.0000,0.0000,0.0000,0.0000,85,0,0,0,0,2,0,0,0,0
zc,TA301,2012-06-15 09:05:30.980,7156.0000,159026,16,0.0000,22.0000,19,3,空开,S,7154.0000,0.0000,0.0000,0.0000,0.0000,7156.0000,0.0000,0.0000,0.0000,0.0000,85,0,0,0,0,9,0,0,0,0
zc,TA301,2012-06-15 09:05:31.497,7156.0000,159044,18,0.0000,18.0000,18,0,双开,S,7154.0000,0.0000,0.0000,0.0000,0.0000,7158.0000,0.0000,0.0000,0.0000,0.0000,85,0,0,0,0,368,0,0,0,0
zc,TA301,2012-06-15 09:05:32.277,7156.0000,159044,0,0.0000,0.0000,0,0,空换,S,7156.0000,0.0000,0.0000,0.0000,0.0000,7158.0000,0.0000,0.0000,0.0000,0.0000,1,0,0,0,0,360,0,0,0,0
zc,TA301,2012-06-15 09:05:32.527,7156.0000,159044,0,0.0000,2.0000,1,1,空换,S,7154.0000,0.0000,0.0000,0.0000,0.0000,7158.0000,0.0000,0.0000,0.0000,0.0000,85,0,0,0,0,362,0,0,0,0
zc,TA301,2012-06-15 09:05:33.213,7156.0000,159044,0,0.0000,0.0000,0,0,空换,S,7154.0000,0.0000,0.0000,0.0000,0.0000,7156.0000,0.0000,0.0000,0.0000,0.0000,85,0,0,0,0,8,0,0,0,0
zc,TA301,2012-06-15 09:05:33.760,7154.0000,159054,10,0.0000,10.0000,10,0,双开,S,7154.0000,0.0000,0.0000,0.0000,0.0000,7156.0000,0.0000,0.0000,0.0000,0.0000,80,0,0,0,0,53,0,0,0,0
zc,TA301,2012-06-15 09:05:34.247,7154.0000,159054,0,0.0000,2.0000,1,1,空换,S,7154.0000,0.0000,0.0000,0.0000,0.0000,7156.0000,0.0000,0.0000,0.0000,0.0000,79,0,0,0,0,76,0,0,0,0
zc,TA301,2012-06-15 09:05:35.010,7156.0000,159082,28,0.0000,28.0000,28,0,双开,B,7154.0000,0.0000,0.0000,0.0000,0.0000,7156.0000,0.0000,0.0000,0.0000,0.0000,78,0,0,0,0,74,0,0,0,0
zc,TA301,2012-06-15 09:05:35.480,7154.0000,159130,48,0.0000,48.0000,48,0,双开,S,7154.0000,0.0000,0.0000,0.0000,0.0000,7156.0000,0.0000,0.0000,0.0000,0.0000,42,0,0,0,0,65,0,0,0,0
zc,TA301,2012-06-15 09:05:36.027,7154.0000,159118,-12,0.0000,66.0000,27,39,多平,S,7154.0000,0.0000,0.0000,0.0000,0.0000,7156.0000,0.0000,0.0000,0.0000,0.0000,42,0,0,0,0,38,0,0,0,0
zc,TA301,2012-06-15 09:05:36.527,7154.0000,159126,8,0.0000,32.0000,20,12,空开,S,7154.0000,0.0000,0.0000,0.0000,0.0000,7156.0000,0.0000,0.0000,0.0000,0.0000,38,0,0,0,0,43,0,0,0,0
zc,TA301,2012-06-15 09:05:37.247,7154.0000,159178,52,0.0000,76.0000,64,12,空开,S,7154.0000,0.0000,0.0000,0.0000,0.0000,7156.0000,0.0000,0.0000,0.0000,0.0000,2,0,0,0,0,43,0,0,0,0
zc,TA301,2012-06-15 09:05:37.527,7154.0000,159178,0,0.0000,6.0000,3,3,空换,S,7152.0000,0.0000,0.0000,0.0000,0.0000,7156.0000,0.0000,0.0000,0.0000,0.0000,209,0,0,0,0,22,0,0,0,0
zc,TA301,2012-06-15 09:05:38.247,7152.0000,159178,0,0.0000,16.0000,8,8,空换,S,7152.0000,0.0000,0.0000,0.0000,0.0000,7154.0000,0.0000,0.0000,0.0000,0.0000,201,0,0,0,0,3,0,0,0,0
zc,TA301,2012-06-15 09:05:39.027,7154.0000,159182,4,0.0000,8.0000,6,2,多开,B,7152.0000,0.0000,0.0000,0.0000,0.0000,7154.0000,0.0000,0.0000,0.0000,0.0000,200,0,0,0,0,1,0,0,0,0
zc,TA301,2012-06-15 09:05:39.230,7154.0000,159184,2,0.0000,4.0000,3,1,多开,B,7152.0000,0.0000,0.0000,0.0000,0.0000,7156.0000,0.0000,0.0000,0.0000,0.0000,199,0,0,0,0,24,0,0,0,0
zc,TA301,2012-06-15 09:05:40.230,7152.0000,159184,0,0.0000,10.0000,5,5,空换,S,7152.0000,0.0000,0.0000,0.0000,0.0000,7156.0000,0.0000,0.0000,0.0000,0.0000,193,0,0,0,0,24,0,0,0,0
zc,TA301,2012-06-15 09:05:40.510,7152.0000,159186,2,0.0000,14.0000,8,6,空开,S,7154.0000,0.0000,0.0000,0.0000,0.0000,7156.0000,0.0000,0.0000,0.0000,0.0000,1,0,0,0,0,126,0,0,0,0
zc,TA301,2012-06-15 09:05:41.293,7156.0000,159176,-10,0.0000,24.0000,7,17,空平,B,7152.0000,0.0000,0.0000,0.0000,0.0000,7156.0000,0.0000,0.0000,0.0000,0.0000,180,0,0,0,0,121,0,0,0,0
zc,TA301,2012-06-15 09:05:41.730,7156.0000,159172,-4,0.0000,4.0000,0,4,双平,B,7152.0000,0.0000,0.0000,0.0000,0.0000,7154.0000,0.0000,0.0000,0.0000,0.0000,160,0,0,0,0,1,0,0,0,0
zc,TA301,2012-06-15 09:05:42.230,7156.0000,159534,362,0.0000,602.0000,482,120,多开,B,7152.0000,0.0000,0.0000,0.0000,0.0000,7154.0000,0.0000,0.0000,0.0000,0.0000,160,0,0,0,0,24,0,0,0,0
zc,TA301,2012-06-15 09:05:42.747,7152.0000,159536,2,0.0000,12.0000,7,5,空开,S,7152.0000,0.0000,0.0000,0.0000,0.0000,7154.0000,0.0000,0.0000,0.0000,0.0000,194,0,0,0,0,25,0,0,0,0
zc,TA301,2012-06-15 09:05:43.497,7152.0000,159536,0,0.0000,0.0000,0,0,空换,S,7152.0000,0.0000,0.0000,0.0000,0.0000,7154.0000,0.0000,0.0000,0.0000,0.0000,195,0,0,0,0,26,0,0,0,0
zc,TA301,2012-06-15 09:05:44.323,7154.0000,159516,-20,0.0000,20.0000,0,20,双平,B,7152.0000,0.0000,0.0000,0.0000,0.0000,7154.0000,0.0000,0.0000,0.0000,0.0000,195,0,0,0,0,18,0,0,0,0
zc,TA301,2012-06-15 09:05:44.777,7154.0000,159516,0,0.0000,2.0000,1,1,多换,B,7152.0000,0.0000,0.0000,0.0000,0.0000,7154.0000,0.0000,0.0000,0.0000,0.0000,196,0,0,0,0,17,0,0,0,0
zc,TA301,2012-06-15 09:05:45.480,7152.0000,159516,0,0.0000,10.0000,5,5,空换,S,7152.0000,0.0000,0.0000,0.0000,0.0000,7154.0000,0.0000,0.0000,0.0000,0.0000,193,0,0,0,0,15,0,0,0,0
zc,TA301,2012-06-15 09:05:45.963,7154.0000,159512,-4,0.0000,42.0000,19,23,空平,B,7152.0000,0.0000,0.0000,0.0000,0.0000,7154.0000,0.0000,0.0000,0.0000,0.0000,176,0,0,0,0,12,0,0,0,0
zc,TA301,2012-06-15 09:05:46.980,7152.0000,159514,2,0.0000,2.0000,2,0,双开,S,7152.0000,0.0000,0.0000,0.0000,0.0000,7154.0000,0.0000,0.0000,0.0000,0.0000,181,0,0,0,0,17,0,0,0,0
zc,TA301,2012-06-15 09:05:47.747,7154.0000,159514,0,0.0000,6.0000,3,3,多换,B,7152.0000,0.0000,0.0000,0.0000,0.0000,7154.0000,0.0000,0.0000,0.0000,0.0000,181,0,0,0,0,16,0,0,0,0
zc,TA301,2012-06-15 09:05:48.260,7154.0000,159514,0,0.0000,6.0000,3,3,多换,B,7152.0000,0.0000,0.0000,0.0000,0.0000,7154.0000,0.0000,0.0000,0.0000,0.0000,169,0,0,0,0,17,0,0,0,0
zc,TA301,2012-06-15 09:05:48.760,7152.0000,159514,0,0.0000,2.0000,1,1,空换,S,7152.0000,0.0000,0.0000,0.0000,0.0000,7154.0000,0.0000,0.0000,0.0000,0.0000,168,0,0,0,0,17,0,0,0,0
zc,TA301,2012-06-15 09:05:49.510,7152.0000,159514,0,0.0000,0.0000,0,0,空换,S,7152.0000,0.0000,0.0000,0.0000,0.0000,7154.0000,0.0000,0.0000,0.0000,0.0000,173,0,0,0,0,17,0,0,0,0
zc,TA301,2012-06-15 09:05:50.010,7152.0000,159514,0,0.0000,0.0000,0,0,空换,S,7152.0000,0.0000,0.0000,0.0000,0.0000,7154.0000,0.0000,0.0000,0.0000,0.0000,178,0,0,0,0,18,0,0,0,0
zc,TA301,2012-06-15 09:05:50.997,7152.0000,159514,0,0.0000,0.0000,0,0,空换,S,7152.0000,0.0000,0.0000,0.0000,0.0000,7154.0000,0.0000,0.0000,0.0000,0.0000,188,0,0,0,0,29,0,0,0,0
zc,TA301,2012-06-15 09:05:51.730,7154.0000,159520,6,0.0000,40.0000,23,17,多开,B,7152.0000,0.0000,0.0000,0.0000,0.0000,7154.0000,0.0000,0.0000,0.0000,0.0000,188,0,0,0,0,21,0,0,0,0
zc,TA301,2012-06-15 09:05:52.247,7154.0000,159520,0,0.0000,0.0000,0,0,多换,B,7152.0000,0.0000,0.0000,0.0000,0.0000,7154.0000,0.0000,0.0000,0.0000,0.0000,188,0,0,0,0,25,0,0,0,0
zc,TA301,2012-06-15 09:05:52.760,7152.0000,159520,0,0.0000,14.0000,7,7,空换,S,7152.0000,0.0000,0.0000,0.0000,0.0000,7154.0000,0.0000,0.0000,0.0000,0.0000,181,0,0,0,0,25,0,0,0,0
zc,TA301,2012-06-15 09:05:53.247,7154.0000,159520,0,0.0000,8.0000,4,4,多换,B,7152.0000,0.0000,0.0000,0.0000,0.0000,7154.0000,0.0000,0.0000,0.0000,0.0000,180,0,0,0,0,22,0,0,0,0
zc,TA301,2012-06-15 09:05:53.997,7154.0000,159520,0,0.0000,6.0000,3,3,多换,B,7152.0000,0.0000,0.0000,0.0000,0.0000,7154.0000,0.0000,0.0000,0.0000,0.0000,179,0,0,0,0,20,0,0,0,0
zc,TA301,2012-06-15 09:05:54.527,7152.0000,159388,-132,0.0000,394.0000,131,263,多平,S,7150.0000,0.0000,0.0000,0.0000,0.0000,7152.0000,0.0000,0.0000,0.0000,0.0000,228,0,0,0,0,10,0,0,0,0
zc,TA301,2012-06-15 09:05:54.997,7154.0000,159406,18,0.0000,48.0000,33,15,多开,B,7152.0000,0.0000,0.0000,0.0000,0.0000,7154.0000,0.0000,0.0000,0.0000,0.0000,1,0,0,0,0,17,0,0,0,0
zc,TA301,2012-06-15 09:05:55.747,7154.0000,159408,2,0.0000,4.0000,3,1,多开,B,7152.0000,0.0000,0.0000,0.0000,0.0000,7154.0000,0.0000,0.0000,0.0000,0.0000,2,0,0,0,0,15,0,0,0,0
