市场代码,合约代码,时间,最新,持仓,增仓,成交额,成交量,开仓,平仓,成交类型,方向,买一价,买二价,买三价,买四价,买五价,卖一价,卖二价,卖三价,卖四价,卖五价,买一量,买二量,买三量,买四量,买五量,卖一量,卖二量,卖三量,卖四量,卖五量
zc,TA305,2012-06-15 08:01:28.167,0.0000,1390,0,0.0000,0.0000,0,0,空换,S,0.0000,0.0000,0.0000,0.0000,0.0000,0.0000,0.0000,0.0000,0.0000,0.0000,0,0,0,0,0,0,0,0,0,0
zc,TA305,2012-06-15 08:33:30.200,0.0000,1390,0,0.0000,0.0000,0,0,空换,S,0.0000,0.0000,0.0000,0.0000,0.0000,0.0000,0.0000,0.0000,0.0000,0.0000,0,0,0,0,0,0,0,0,0,0
zc,TA305,2012-06-15 08:59:30.200,0.0000,1390,0,0.0000,0.0000,0,0,空换,S,7122.0000,0.0000,0.0000,0.0000,0.0000,7390.0000,0.0000,0.0000,0.0000,0.0000,1,0,0,0,0,1,0,0,0,0
zc,TA305,2012-06-15 09:00:01.903,0.0000,1390,0,0.0000,0.0000,0,0,空换,S,7228.0000,0.0000,0.0000,0.0000,0.0000,7244.0000,0.0000,0.0000,0.0000,0.0000,4,0,0,0,0,2,0,0,0,0
zc,TA305,2012-06-15 09:00:02.933,0.0000,1390,0,0.0000,0.0000,0,0,空换,S,7228.0000,0.0000,0.0000,0.0000,0.0000,7244.0000,0.0000,0.0000,0.0000,0.0000,5,0,0,0,0,2,0,0,0,0
zc,TA305,2012-06-15 09:00:03.917,0.0000,1390,0,0.0000,0.0000,0,0,空换,S,7238.0000,0.0000,0.0000,0.0000,0.0000,7254.0000,0.0000,0.0000,0.0000,0.0000,2,0,0,0,0,4,0,0,0,0
zc,TA305,2012-06-15 09:00:04.653,0.0000,1390,0,0.0000,0.0000,0,0,空换,S,7242.0000,0.0000,0.0000,0.0000,0.0000,7254.0000,0.0000,0.0000,0.0000,0.0000,1,0,0,0,0,2,0,0,0,0
zc,TA305,2012-06-15 09:00:05.387,0.0000,1390,0,0.0000,0.0000,0,0,空换,S,7246.0000,0.0000,0.0000,0.0000,0.0000,7256.0000,0.0000,0.0000,0.0000,0.0000,1,0,0,0,0,1,0,0,0,0
zc,TA305,2012-06-15 09:00:06.840,0.0000,1390,0,0.0000,0.0000,0,0,空换,S,7248.0000,0.0000,0.0000,0.0000,0.0000,7258.0000,0.0000,0.0000,0.0000,0.0000,1,0,0,0,0,2,0,0,0,0
zc,TA305,2012-06-15 09:00:08.137,0.0000,1390,0,0.0000,0.0000,0,0,空换,S,7250.0000,0.0000,0.0000,0.0000,0.0000,7260.0000,0.0000,0.0000,0.0000,0.0000,1,0,0,0,0,2,0,0,0,0
zc,TA305,2012-06-15 09:00:08.637,0.0000,1390,0,0.0000,0.0000,0,0,空换,S,7252.0000,0.0000,0.0000,0.0000,0.0000,7262.0000,0.0000,0.0000,0.0000,0.0000,1,0,0,0,0,2,0,0,0,0
zc,TA305,2012-06-15 09:00:10.120,0.0000,1390,0,0.0000,0.0000,0,0,空换,S,7252.0000,0.0000,0.0000,0.0000,0.0000,7262.0000,0.0000,0.0000,0.0000,0.0000,1,0,0,0,0,4,0,0,0,0
zc,TA305,2012-06-15 09:00:10.903,0.0000,1390,0,0.0000,0.0000,0,0,空换,S,7254.0000,0.0000,0.0000,0.0000,0.0000,7264.0000,0.0000,0.0000,0.0000,0.0000,1,0,0,0,0,4,0,0,0,0
zc,TA305,2012-06-15 09:00:11.637,0.0000,1390,0,0.0000,0.0000,0,0,空换,S,7256.0000,0.0000,0.0000,0.0000,0.0000,7264.0000,0.0000,0.0000,0.0000,0.0000,1,0,0,0,0,2,0,0,0,0
zc,TA305,2012-06-15 09:00:12.323,0.0000,1390,0,0.0000,0.0000,0,0,空换,S,7256.0000,0.0000,0.0000,0.0000,0.0000,7266.0000,0.0000,0.0000,0.0000,0.0000,1,0,0,0,0,2,0,0,0,0
zc,TA305,2012-06-15 09:00:13.637,0.0000,1390,0,0.0000,0.0000,0,0,空换,S,7258.0000,0.0000,0.0000,0.0000,0.0000,7268.0000,0.0000,0.0000,0.0000,0.0000,1,0,0,0,0,3,0,0,0,0
zc,TA305,2012-06-15 09:00:14.387,0.0000,1390,0,0.0000,0.0000,0,0,空换,S,7258.0000,0.0000,0.0000,0.0000,0.0000,7266.0000,0.0000,0.0000,0.0000,0.0000,1,0,0,0,0,1,0,0,0,0
zc,TA305,2012-06-15 09:00:14.857,0.0000,1390,0,0.0000,0.0000,0,0,空换,S,7258.0000,0.0000,0.0000,0.0000,0.0000,7270.0000,0.0000,0.0000,0.0000,0.0000,1,0,0,0,0,2,0,0,0,0
zc,TA305,2012-06-15 09:00:15.607,0.0000,1390,0,0.0000,0.0000,0,0,空换,S,7260.0000,0.0000,0.0000,0.0000,0.0000,7270.0000,0.0000,0.0000,0.0000,0.0000,1,0,0,0,0,4,0,0,0,0
zc,TA305,2012-06-15 09:00:16.090,0.0000,1390,0,0.0000,0.0000,0,0,空换,S,7260.0000,0.0000,0.0000,0.0000,0.0000,7272.0000,0.0000,0.0000,0.0000,0.0000,1,0,0,0,0,4,0,0,0,0
zc,TA305,2012-06-15 09:00:17.137,0.0000,1390,0,0.0000,0.0000,0,0,空换,S,7262.0000,0.0000,0.0000,0.0000,0.0000,7272.0000,0.0000,0.0000,0.0000,0.0000,1,0,0,0,0,2,0,0,0,0
zc,TA305,2012-06-15 09:00:17.590,0.0000,1390,0,0.0000,0.0000,0,0,空换,S,7260.0000,0.0000,0.0000,0.0000,0.0000,7272.0000,0.0000,0.0000,0.0000,0.0000,1,0,0,0,0,3,0,0,0,0
zc,TA305,2012-06-15 09:00:18.403,0.0000,1390,0,0.0000,0.0000,0,0,空换,S,7260.0000,0.0000,0.0000,0.0000,0.0000,7270.0000,0.0000,0.0000,0.0000,0.0000,1,0,0,0,0,2,0,0,0,0
zc,TA305,2012-06-15 09:00:18.840,0.0000,1390,0,0.0000,0.0000,0,0,空换,S,7262.0000,0.0000,0.0000,0.0000,0.0000,7272.0000,0.0000,0.0000,0.0000,0.0000,1,0,0,0,0,2,0,0,0,0
zc,TA305,2012-06-15 09:00:20.153,0.0000,1390,0,0.0000,0.0000,0,0,空换,S,7262.0000,0.0000,0.0000,0.0000,0.0000,7272.0000,0.0000,0.0000,0.0000,0.0000,1,0,0,0,0,4,0,0,0,0
zc,TA305,2012-06-15 09:00:21.370,0.0000,1390,0,0.0000,0.0000,0,0,空换,S,7262.0000,0.0000,0.0000,0.0000,0.0000,7272.0000,0.0000,0.0000,0.0000,0.0000,1,0,0,0,0,2,0,0,0,0
zc,TA305,2012-06-15 09:00:21.870,0.0000,1390,0,0.0000,0.0000,0,0,空换,S,7262.0000,0.0000,0.0000,0.0000,0.0000,7272.0000,0.0000,0.0000,0.0000,0.0000,1,0,0,0,0,4,0,0,0,0
zc,TA305,2012-06-15 09:00:23.887,0.0000,1390,0,0.0000,0.0000,0,0,空换,S,7260.0000,0.0000,0.0000,0.0000,0.0000,7270.0000,0.0000,0.0000,0.0000,0.0000,1,0,0,0,0,4,0,0,0,0
zc,TA305,2012-06-15 09:00:24.607,0.0000,1390,0,0.0000,0.0000,0,0,空换,S,7260.0000,0.0000,0.0000,0.0000,0.0000,7270.0000,0.0000,0.0000,0.0000,0.0000,1,0,0,0,0,2,0,0,0,0
zc,TA305,2012-06-15 09:00:25.293,0.0000,1390,0,0.0000,0.0000,0,0,空换,S,7260.0000,0.0000,0.0000,0.0000,0.0000,7270.0000,0.0000,0.0000,0.0000,0.0000,1,0,0,0,0,4,0,0,0,0
zc,TA305,2012-06-15 09:00:25.857,0.0000,1390,0,0.0000,0.0000,0,0,空换,S,7258.0000,0.0000,0.0000,0.0000,0.0000,7268.0000,0.0000,0.0000,0.0000,0.0000,1,0,0,0,0,4,0,0,0,0
zc,TA305,2012-06-15 09:00:26.607,0.0000,1390,0,0.0000,0.0000,0,0,空换,S,7258.0000,0.0000,0.0000,0.0000,0.0000,7268.0000,0.0000,0.0000,0.0000,0.0000,1,0,0,0,0,1,0,0,0,0
zc,TA305,2012-06-15 09:00:27.090,0.0000,1390,0,0.0000,0.0000,0,0,空换,S,7258.0000,0.0000,0.0000,0.0000,0.0000,7268.0000,0.0000,0.0000,0.0000,0.0000,1,0,0,0,0,4,0,0,0,0
zc,TA305,2012-06-15 09:00:27.857,0.0000,1390,0,0.0000,0.0000,0,0,空换,S,7262.0000,0.0000,0.0000,0.0000,0.0000,7270.0000,0.0000,0.0000,0.0000,0.0000,1,0,0,0,0,2,0,0,0,0
zc,TA305,2012-06-15 09:00:28.323,0.0000,1390,0,0.0000,0.0000,0,0,空换,S,7262.0000,0.0000,0.0000,0.0000,0.0000,7268.0000,0.0000,0.0000,0.0000,0.0000,1,0,0,0,0,2,0,0,0,0
zc,TA305,2012-06-15 09:00:29.620,0.0000,1390,0,0.0000,0.0000,0,0,空换,S,7264.0000,0.0000,0.0000,0.0000,0.0000,7266.0000,0.0000,0.0000,0.0000,0.0000,1,0,0,0,0,2,0,0,0,0
zc,TA305,2012-06-15 09:00:30.573,0.0000,1390,0,0.0000,0.0000,0,0,空换,S,7262.0000,0.0000,0.0000,0.0000,0.0000,7266.0000,0.0000,0.0000,0.0000,0.0000,1,0,0,0,0,2,0,0,0,0
zc,TA305,2012-06-15 09:00:31.323,0.0000,1390,0,0.0000,0.0000,0,0,空换,S,7262.0000,0.0000,0.0000,0.0000,0.0000,7268.0000,0.0000,0.0000,0.0000,0.0000,1,0,0,0,0,2,0,0,0,0
zc,TA305,2012-06-15 09:00:31.887,0.0000,1390,0,0.0000,0.0000,0,0,空换,S,7262.0000,0.0000,0.0000,0.0000,0.0000,7264.0000,0.0000,0.0000,0.0000,0.0000,1,0,0,0,0,2,0,0,0,0
zc,TA305,2012-06-15 09:00:32.573,7264.0000,1390,0,0.0000,2.0000,1,1,多换,B,7260.0000,0.0000,0.0000,0.0000,0.0000,7264.0000,0.0000,0.0000,0.0000,0.0000,1,0,0,0,0,1,0,0,0,0
zc,TA305,2012-06-15 09:00:33.403,7264.0000,1390,0,0.0000,0.0000,0,0,多换,B,7260.0000,0.0000,0.0000,0.0000,0.0000,7268.0000,0.0000,0.0000,0.0000,0.0000,1,0,0,0,0,1,0,0,0,0
zc,TA305,2012-06-15 09:00:34.107,7264.0000,1390,0,0.0000,0.0000,0,0,多换,B,7258.0000,0.0000,0.0000,0.0000,0.0000,7266.0000,0.0000,0.0000,0.0000,0.0000,1,0,0,0,0,1,0,0,0,0
zc,TA305,2012-06-15 09:00:34.620,7264.0000,1390,0,0.0000,0.0000,0,0,多换,B,7258.0000,0.0000,0.0000,0.0000,0.0000,7268.0000,0.0000,0.0000,0.0000,0.0000,1,0,0,0,0,1,0,0,0,0
zc,TA305,2012-06-15 09:00:35.120,7264.0000,1390,0,0.0000,0.0000,0,0,多换,B,7258.0000,0.0000,0.0000,0.0000,0.0000,7266.0000,0.0000,0.0000,0.0000,0.0000,1,0,0,0,0,1,0,0,0,0
zc,TA305,2012-06-15 09:00:35.857,7264.0000,1390,0,0.0000,0.0000,0,0,多换,B,7258.0000,0.0000,0.0000,0.0000,0.0000,7268.0000,0.0000,0.0000,0.0000,0.0000,1,0,0,0,0,1,0,0,0,0
zc,TA305,2012-06-15 09:00:36.340,7264.0000,1390,0,0.0000,0.0000,0,0,多换,B,7260.0000,0.0000,0.0000,0.0000,0.0000,7268.0000,0.0000,0.0000,0.0000,0.0000,1,0,0,0,0,1,0,0,0,0
zc,TA305,2012-06-15 09:00:37.590,7264.0000,1390,0,0.0000,0.0000,0,0,多换,B,7260.0000,0.0000,0.0000,0.0000,0.0000,7270.0000,0.0000,0.0000,0.0000,0.0000,1,0,0,0,0,1,0,0,0,0
zc,TA305,2012-06-15 09:00:38.590,7264.0000,1390,0,0.0000,0.0000,0,0,多换,B,7260.0000,0.0000,0.0000,0.0000,0.0000,7272.0000,0.0000,0.0000,0.0000,0.0000,1,0,0,0,0,1,0,0,0,0
zc,TA305,2012-06-15 09:00:39.607,7264.0000,1390,0,0.0000,0.0000,0,0,多换,B,7262.0000,0.0000,0.0000,0.0000,0.0000,7272.0000,0.0000,0.0000,0.0000,0.0000,1,0,0,0,0,1,0,0,0,0
zc,TA305,2012-06-15 09:00:41.387,7264.0000,1390,0,0.0000,0.0000,0,0,多换,B,7264.0000,0.0000,0.0000,0.0000,0.0000,7270.0000,0.0000,0.0000,0.0000,0.0000,1,0,0,0,0,1,0,0,0,0
zc,TA305,2012-06-15 09:00:43.387,7264.0000,1390,0,0.0000,0.0000,0,0,多换,B,7266.0000,0.0000,0.0000,0.0000,0.0000,7270.0000,0.0000,0.0000,0.0000,0.0000,1,0,0,0,0,1,0,0,0,0
zc,TA305,2012-06-15 09:00:43.840,7264.0000,1390,0,0.0000,0.0000,0,0,多换,B,7264.0000,0.0000,0.0000,0.0000,0.0000,7272.0000,0.0000,0.0000,0.0000,0.0000,1,0,0,0,0,1,0,0,0,0
zc,TA305,2012-06-15 09:00:44.357,7264.0000,1390,0,0.0000,0.0000,0,0,多换,B,7266.0000,0.0000,0.0000,0.0000,0.0000,7272.0000,0.0000,0.0000,0.0000,0.0000,1,0,0,0,0,1,0,0,0,0
zc,TA305,2012-06-15 09:00:45.057,7264.0000,1390,0,0.0000,0.0000,0,0,多换,B,7264.0000,0.0000,0.0000,0.0000,0.0000,7272.0000,0.0000,0.0000,0.0000,0.0000,1,0,0,0,0,1,0,0,0,0
zc,TA305,2012-06-15 09:00:45.870,7264.0000,1390,0,0.0000,0.0000,0,0,多换,B,7262.0000,0.0000,0.0000,0.0000,0.0000,7270.0000,0.0000,0.0000,0.0000,0.0000,1,0,0,0,0,1,0,0,0,0
zc,TA305,2012-06-15 09:00:46.370,7264.0000,1390,0,0.0000,0.0000,0,0,多换,B,7262.0000,0.0000,0.0000,0.0000,0.0000,7272.0000,0.0000,0.0000,0.0000,0.0000,1,0,0,0,0,1,0,0,0,0
zc,TA305,2012-06-15 09:00:47.073,7264.0000,1390,0,0.0000,0.0000,0,0,多换,B,7264.0000,0.0000,0.0000,0.0000,0.0000,7272.0000,0.0000,0.0000,0.0000,0.0000,1,0,0,0,0,1,0,0,0,0
zc,TA305,2012-06-15 09:00:47.590,7264.0000,1390,0,0.0000,0.0000,0,0,多换,B,7262.0000,0.0000,0.0000,0.0000,0.0000,7272.0000,0.0000,0.0000,0.0000,0.0000,1,0,0,0,0,1,0,0,0,0
zc,TA305,2012-06-15 09:00:48.370,7264.0000,1390,0,0.0000,0.0000,0,0,多换,B,7264.0000,0.0000,0.0000,0.0000,0.0000,7270.0000,0.0000,0.0000,0.0000,0.0000,1,0,0,0,0,1,0,0,0,0
zc,TA305,2012-06-15 09:00:49.090,7264.0000,1390,0,0.0000,0.0000,0,0,多换,B,7260.0000,0.0000,0.0000,0.0000,0.0000,7270.0000,0.0000,0.0000,0.0000,0.0000,1,0,0,0,0,1,0,0,0,0
zc,TA305,2012-06-15 09:00:49.823,7264.0000,1390,0,0.0000,0.0000,0,0,多换,B,7260.0000,0.0000,0.0000,0.0000,0.0000,7268.0000,0.0000,0.0000,0.0000,0.0000,1,0,0,0,0,1,0,0,0,0
zc,TA305,2012-06-15 09:00:51.573,7264.0000,1390,0,0.0000,0.0000,0,0,多换,B,7256.0000,0.0000,0.0000,0.0000,0.0000,7268.0000,0.0000,0.0000,0.0000,0.0000,1,0,0,0,0,1,0,0,0,0
zc,TA305,2012-06-15 09:00:52.307,7264.0000,1390,0,0.0000,0.0000,0,0,多换,B,7258.0000,0.0000,0.0000,0.0000,0.0000,7268.0000,0.0000,0.0000,0.0000,0.0000,1,0,0,0,0,1,0,0,0,0
zc,TA305,2012-06-15 09:00:55.857,7264.0000,1390,0,0.0000,0.0000,0,0,多换,B,7260.0000,0.0000,0.0000,0.0000,0.0000,7270.0000,0.0000,0.0000,0.0000,0.0000,1,0,0,0,0,1,0,0,0,0
zc,TA305,2012-06-15 09:00:56.573,7264.0000,1390,0,0.0000,0.0000,0,0,多换,B,7260.0000,0.0000,0.0000,0.0000,0.0000,7268.0000,0.0000,0.0000,0.0000,0.0000,1,0,0,0,0,1,0,0,0,0
zc,TA305,2012-06-15 09:00:57.823,7264.0000,1390,0,0.0000,0.0000,0,0,多换,B,7258.0000,0.0000,0.0000,0.0000,0.0000,7268.0000,0.0000,0.0000,0.0000,0.0000,1,0,0,0,0,1,0,0,0,0
zc,TA305,2012-06-15 09:00:58.340,7264.0000,1390,0,0.0000,0.0000,0,0,多换,B,7262.0000,0.0000,0.0000,0.0000,0.0000,7268.0000,0.0000,0.0000,0.0000,0.0000,1,0,0,0,0,1,0,0,0,0
zc,TA305,2012-06-15 09:00:59.120,7264.0000,1390,0,0.0000,0.0000,0,0,多换,B,7260.0000,0.0000,0.0000,0.0000,0.0000,7266.0000,0.0000,0.0000,0.0000,0.0000,1,0,0,0,0,1,0,0,0,0
zc,TA305,2012-06-15 09:01:00.323,7264.0000,1390,0,0.0000,0.0000,0,0,多换,B,7260.0000,0.0000,0.0000,0.0000,0.0000,7268.0000,0.0000,0.0000,0.0000,0.0000,1,0,0,0,0,1,0,0,0,0
zc,TA305,2012-06-15 09:01:04.793,7264.0000,1390,0,0.0000,0.0000,0,0,多换,B,7260.0000,0.0000,0.0000,0.0000,0.0000,7270.0000,0.0000,0.0000,0.0000,0.0000,1,0,0,0,0,1,0,0,0,0
zc,TA305,2012-06-15 09:01:05.323,7264.0000,1390,0,0.0000,0.0000,0,0,多换,B,7260.0000,0.0000,0.0000,0.0000,0.0000,7268.0000,0.0000,0.0000,0.0000,0.0000,1,0,0,0,0,1,0,0,0,0
zc,TA305,2012-06-15 09:01:07.340,7264.0000,1390,0,0.0000,0.0000,0,0,多换,B,7260.0000,0.0000,0.0000,0.0000,0.0000,7270.0000,0.0000,0.0000,0.0000,0.0000,1,0,0,0,0,1,0,0,0,0
zc,TA305,2012-06-15 09:01:07.543,7264.0000,1390,0,0.0000,0.0000,0,0,多换,B,7260.0000,0.0000,0.0000,0.0000,0.0000,7268.0000,0.0000,0.0000,0.0000,0.0000,1,0,0,0,0,1,0,0,0,0
zc,TA305,2012-06-15 09:01:08.323,7264.0000,1390,0,0.0000,0.0000,0,0,多换,B,7262.0000,0.0000,0.0000,0.0000,0.0000,7270.0000,0.0000,0.0000,0.0000,0.0000,1,0,0,0,0,1,0,0,0,0
zc,TA305,2012-06-15 09:01:08.840,7264.0000,1390,0,0.0000,0.0000,0,0,多换,B,7260.0000,0.0000,0.0000,0.0000,0.0000,7270.0000,0.0000,0.0000,0.0000,0.0000,1,0,0,0,0,1,0,0,0,0
zc,TA305,2012-06-15 09:01:10.340,7264.0000,1390,0,0.0000,0.0000,0,0,多换,B,7262.0000,0.0000,0.0000,0.0000,0.0000,7268.0000,0.0000,0.0000,0.0000,0.0000,1,0,0,0,0,1,0,0,0,0
zc,TA305,2012-06-15 09:01:15.277,7264.0000,1390,0,0.0000,0.0000,0,0,多换,B,7262.0000,0.0000,0.0000,0.0000,0.0000,7266.0000,0.0000,0.0000,0.0000,0.0000,1,0,0,0,0,1,0,0,0,0
zc,TA305,2012-06-15 09:01:18.043,7264.0000,1390,0,0.0000,0.0000,0,0,多换,B,7260.0000,0.0000,0.0000,0.0000,0.0000,7266.0000,0.0000,0.0000,0.0000,0.0000,1,0,0,0,0,1,0,0,0,0
zc,TA305,2012-06-15 09:01:19.370,7264.0000,1390,0,0.0000,0.0000,0,0,多换,B,7262.0000,0.0000,0.0000,0.0000,0.0000,7266.0000,0.0000,0.0000,0.0000,0.0000,1,0,0,0,0,1,0,0,0,0
zc,TA305,2012-06-15 09:01:20.340,7264.0000,1390,0,0.0000,0.0000,0,0,多换,B,7260.0000,0.0000,0.0000,0.0000,0.0000,7266.0000,0.0000,0.0000,0.0000,0.0000,1,0,0,0,0,1,0,0,0,0
zc,TA305,2012-06-15 09:01:20.840,7264.0000,1390,0,0.0000,0.0000,0,0,多换,B,7262.0000,0.0000,0.0000,0.0000,0.0000,7266.0000,0.0000,0.0000,0.0000,0.0000,1,0,0,0,0,1,0,0,0,0
zc,TA305,2012-06-15 09:01:24.027,7264.0000,1390,0,0.0000,0.0000,0,0,多换,B,7260.0000,0.0000,0.0000,0.0000,0.0000,7266.0000,0.0000,0.0000,0.0000,0.0000,1,0,0,0,0,1,0,0,0,0
zc,TA305,2012-06-15 09:01:26.323,7264.0000,1390,0,0.0000,0.0000,0,0,多换,B,7258.0000,0.0000,0.0000,0.0000,0.0000,7266.0000,0.0000,0.0000,0.0000,0.0000,1,0,0,0,0,1,0,0,0,0
zc,TA305,2012-06-15 09:01:27.590,7264.0000,1390,0,0.0000,0.0000,0,0,多换,B,7262.0000,0.0000,0.0000,0.0000,0.0000,7268.0000,0.0000,0.0000,0.0000,0.0000,1,0,0,0,0,1,0,0,0,0
zc,TA305,2012-06-15 09:01:29.323,7264.0000,1390,0,0.0000,0.0000,0,0,多换,B,7258.0000,0.0000,0.0000,0.0000,0.0000,7268.0000,0.0000,0.0000,0.0000,0.0000,2,0,0,0,0,1,0,0,0,0
zc,TA305,2012-06-15 09:01:30.590,7264.0000,1390,0,0.0000,0.0000,0,0,多换,B,7260.0000,0.0000,0.0000,0.0000,0.0000,7268.0000,0.0000,0.0000,0.0000,0.0000,1,0,0,0,0,1,0,0,0,0
zc,TA305,2012-06-15 09:01:34.823,7264.0000,1390,0,0.0000,0.0000,0,0,多换,B,7260.0000,0.0000,0.0000,0.0000,0.0000,7268.0000,0.0000,0.0000,0.0000,0.0000,1,0,0,0,0,2,0,0,0,0
zc,TA305,2012-06-15 09:01:37.870,7264.0000,1390,0,0.0000,0.0000,0,0,多换,B,7258.0000,0.0000,0.0000,0.0000,0.0000,7268.0000,0.0000,0.0000,0.0000,0.0000,1,0,0,0,0,2,0,0,0,0
zc,TA305,2012-06-15 09:01:38.857,7264.0000,1390,0,0.0000,0.0000,0,0,多换,B,7260.0000,0.0000,0.0000,0.0000,0.0000,7268.0000,0.0000,0.0000,0.0000,0.0000,1,0,0,0,0,2,0,0,0,0
zc,TA305,2012-06-15 09:01:39.607,7264.0000,1390,0,0.0000,0.0000,0,0,多换,B,7262.0000,0.0000,0.0000,0.0000,0.0000,7268.0000,0.0000,0.0000,0.0000,0.0000,1,0,0,0,0,2,0,0,0,0
zc,TA305,2012-06-15 09:01:42.823,7264.0000,1390,0,0.0000,0.0000,0,0,多换,B,7260.0000,0.0000,0.0000,0.0000,0.0000,7268.0000,0.0000,0.0000,0.0000,0.0000,1,0,0,0,0,2,0,0,0,0
zc,TA305,2012-06-15 09:01:43.323,7264.0000,1390,0,0.0000,0.0000,0,0,多换,B,7262.0000,0.0000,0.0000,0.0000,0.0000,7268.0000,0.0000,0.0000,0.0000,0.0000,1,0,0,0,0,1,0,0,0,0
zc,TA305,2012-06-15 09:01:47.090,7264.0000,1390,0,0.0000,0.0000,0,0,多换,B,7260.0000,0.0000,0.0000,0.0000,0.0000,7268.0000,0.0000,0.0000,0.0000,0.0000,1,0,0,0,0,1,0,0,0,0
zc,TA305,2012-06-15 09:01:50.573,7264.0000,1390,0,0.0000,0.0000,0,0,多换,B,7262.0000,0.0000,0.0000,0.0000,0.0000,7268.0000,0.0000,0.0000,0.0000,0.0000,1,0,0,0,0,1,0,0,0,0
zc,TA305,2012-06-15 09:01:52.043,7264.0000,1390,0,0.0000,0.0000,0,0,多换,B,7264.0000,0.0000,0.0000,0.0000,0.0000,7268.0000,0.0000,0.0000,0.0000,0.0000,1,0,0,0,0,1,0,0,0,0
zc,TA305,2012-06-15 09:01:54.073,7264.0000,1390,0,0.0000,0.0000,0,0,多换,B,7264.0000,0.0000,0.0000,0.0000,0.0000,7268.0000,0.0000,0.0000,0.0000,0.0000,1,0,0,0,0,2,0,0,0,0
zc,TA305,2012-06-15 09:01:55.840,7264.0000,1390,0,0.0000,0.0000,0,0,多换,B,7262.0000,0.0000,0.0000,0.0000,0.0000,7268.0000,0.0000,0.0000,0.0000,0.0000,1,0,0,0,0,2,0,0,0,0
zc,TA305,2012-06-15 09:01:57.823,7264.0000,1390,0,0.0000,0.0000,0,0,多换,B,7264.0000,0.0000,0.0000,0.0000,0.0000,7268.0000,0.0000,0.0000,0.0000,0.0000,1,0,0,0,0,2,0,0,0,0
zc,TA305,2012-06-15 09:01:58.573,7264.0000,1390,0,0.0000,0.0000,0,0,多换,B,7264.0000,0.0000,0.0000,0.0000,0.0000,7268.0000,0.0000,0.0000,0.0000,0.0000,1,0,0,0,0,1,0,0,0,0
zc,TA305,2012-06-15 09:01:59.120,7264.0000,1390,0,0.0000,0.0000,0,0,多换,B,7262.0000,0.0000,0.0000,0.0000,0.0000,7268.0000,0.0000,0.0000,0.0000,0.0000,1,0,0,0,0,1,0,0,0,0
zc,TA305,2012-06-15 09:01:59.823,7264.0000,1390,0,0.0000,0.0000,0,0,多换,B,7262.0000,0.0000,0.0000,0.0000,0.0000,7268.0000,0.0000,0.0000,0.0000,0.0000,1,0,0,0,0,2,0,0,0,0
zc,TA305,2012-06-15 09:02:02.027,7264.0000,1390,0,0.0000,0.0000,0,0,多换,B,7262.0000,0.0000,0.0000,0.0000,0.0000,7268.0000,0.0000,0.0000,0.0000,0.0000,1,0,0,0,0,1,0,0,0,0
zc,TA305,2012-06-15 09:02:02.557,7264.0000,1390,0,0.0000,0.0000,0,0,多换,B,7264.0000,0.0000,0.0000,0.0000,0.0000,7268.0000,0.0000,0.0000,0.0000,0.0000,1,0,0,0,0,1,0,0,0,0
zc,TA305,2012-06-15 09:02:05.573,7264.0000,1390,0,0.0000,0.0000,0,0,多换,B,7266.0000,0.0000,0.0000,0.0000,0.0000,7268.0000,0.0000,0.0000,0.0000,0.0000,1,0,0,0,0,1,0,0,0,0
zc,TA305,2012-06-15 09:02:06.307,7268.0000,1388,-2,0.0000,2.0000,0,2,双平,B,7266.0000,0.0000,0.0000,0.0000,0.0000,7270.0000,0.0000,0.0000,0.0000,0.0000,1,0,0,0,0,1,0,0,0,0
zc,TA305,2012-06-15 09:02:06.840,7268.0000,1388,0,0.0000,0.0000,0,0,多换,B,7264.0000,0.0000,0.0000,0.0000,0.0000,7270.0000,0.0000,0.0000,0.0000,0.0000,1,0,0,0,0,1,0,0,0,0
zc,TA305,2012-06-15 09:02:08.073,7268.0000,1388,0,0.0000,0.0000,0,0,多换,B,7264.0000,0.0000,0.0000,0.0000,0.0000,7272.0000,0.0000,0.0000,0.0000,0.0000,1,0,0,0,0,1,0,0,0,0
zc,TA305,2012-06-15 09:02:08.807,7268.0000,1388,0,0.0000,0.0000,0,0,多换,B,7264.0000,0.0000,0.0000,0.0000,0.0000,7268.0000,0.0000,0.0000,0.0000,0.0000,1,0,0,0,0,1,0,0,0,0
zc,TA305,2012-06-15 09:02:10.340,7268.0000,1388,0,0.0000,0.0000,0,0,多换,B,7264.0000,0.0000,0.0000,0.0000,0.0000,7272.0000,0.0000,0.0000,0.0000,0.0000,1,0,0,0,0,1,0,0,0,0
zc,TA305,2012-06-15 09:02:10.793,7268.0000,1388,0,0.0000,0.0000,0,0,多换,B,7264.0000,0.0000,0.0000,0.0000,0.0000,7270.0000,0.0000,0.0000,0.0000,0.0000,1,0,0,0,0,1,0,0,0,0
zc,TA305,2012-06-15 09:02:11.607,7268.0000,1388,0,0.0000,0.0000,0,0,多换,B,7266.0000,0.0000,0.0000,0.0000,0.0000,7270.0000,0.0000,0.0000,0.0000,0.0000,1,0,0,0,0,1,0,0,0,0
zc,TA305,2012-06-15 09:02:17.293,7268.0000,1388,0,0.0000,0.0000,0,0,多换,B,7266.0000,0.0000,0.0000,0.0000,0.0000,7268.0000,0.0000,0.0000,0.0000,0.0000,1,0,0,0,0,1,0,0,0,0
zc,TA305,2012-06-15 09:02:21.573,7268.0000,1388,0,0.0000,0.0000,0,0,多换,B,7266.0000,0.0000,0.0000,0.0000,0.0000,7270.0000,0.0000,0.0000,0.0000,0.0000,1,0,0,0,0,1,0,0,0,0
zc,TA305,2012-06-15 09:02:22.090,7268.0000,1388,0,0.0000,0.0000,0,0,多换,B,7264.0000,0.0000,0.0000,0.0000,0.0000,7268.0000,0.0000,0.0000,0.0000,0.0000,1,0,0,0,0,1,0,0,0,0
zc,TA305,2012-06-15 09:02:24.573,7268.0000,1388,0,0.0000,0.0000,0,0,多换,B,7264.0000,0.0000,0.0000,0.0000,0.0000,7266.0000,0.0000,0.0000,0.0000,0.0000,1,0,0,0,0,1,0,0,0,0
zc,TA305,2012-06-15 09:02:25.057,7268.0000,1388,0,0.0000,0.0000,0,0,多换,B,7262.0000,0.0000,0.0000,0.0000,0.0000,7266.0000,0.0000,0.0000,0.0000,0.0000,1,0,0,0,0,1,0,0,0,0
zc,TA305,2012-06-15 09:02:28.777,7268.0000,1388,0,0.0000,0.0000,0,0,多换,B,7260.0000,0.0000,0.0000,0.0000,0.0000,7266.0000,0.0000,0.0000,0.0000,0.0000,1,0,0,0,0,1,0,0,0,0
zc,TA305,2012-06-15 09:02:29.340,7268.0000,1388,0,0.0000,0.0000,0,0,多换,B,7260.0000,0.0000,0.0000,0.0000,0.0000,7264.0000,0.0000,0.0000,0.0000,0.0000,1,0,0,0,0,1,0,0,0,0
zc,TA305,2012-06-15 09:02:30.527,7268.0000,1388,0,0.0000,0.0000,0,0,多换,B,7258.0000,0.0000,0.0000,0.0000,0.0000,7262.0000,0.0000,0.0000,0.0000,0.0000,1,0,0,0,0,1,0,0,0,0
zc,TA305,2012-06-15 09:02:31.543,7268.0000,1388,0,0.0000,0.0000,0,0,多换,B,7258.0000,0.0000,0.0000,0.0000,0.0000,7260.0000,0.0000,0.0000,0.0000,0.0000,1,0,0,0,0,1,0,0,0,0
zc,TA305,2012-06-15 09:02:37.057,7268.0000,1388,0,0.0000,0.0000,0,0,多换,B,7256.0000,0.0000,0.0000,0.0000,0.0000,7260.0000,0.0000,0.0000,0.0000,0.0000,1,0,0,0,0,1,0,0,0,0
zc,TA305,2012-06-15 09:02:37.823,7268.0000,1388,0,0.0000,0.0000,0,0,多换,B,7254.0000,0.0000,0.0000,0.0000,0.0000,7260.0000,0.0000,0.0000,0.0000,0.0000,1,0,0,0,0,1,0,0,0,0
zc,TA305,2012-06-15 09:02:39.543,7268.0000,1388,0,0.0000,0.0000,0,0,多换,B,7254.0000,0.0000,0.0000,0.0000,0.0000,7258.0000,0.0000,0.0000,0.0000,0.0000,1,0,0,0,0,1,0,0,0,0
zc,TA305,2012-06-15 09:02:40.323,7268.0000,1388,0,0.0000,0.0000,0,0,多换,B,7254.0000,0.0000,0.0000,0.0000,0.0000,7260.0000,0.0000,0.0000,0.0000,0.0000,1,0,0,0,0,1,0,0,0,0
zc,TA305,2012-06-15 09:02:40.857,7268.0000,1388,0,0.0000,0.0000,0,0,多换,B,7254.0000,0.0000,0.0000,0.0000,0.0000,7258.0000,0.0000,0.0000,0.0000,0.0000,1,0,0,0,0,1,0,0,0,0
zc,TA305,2012-06-15 09:02:43.777,7268.0000,1388,0,0.0000,0.0000,0,0,多换,B,7256.0000,0.0000,0.0000,0.0000,0.0000,7258.0000,0.0000,0.0000,0.0000,0.0000,1,0,0,0,0,1,0,0,0,0
zc,TA305,2012-06-15 09:02:44.590,7268.0000,1388,0,0.0000,0.0000,0,0,多换,B,7254.0000,0.0000,0.0000,0.0000,0.0000,7258.0000,0.0000,0.0000,0.0000,0.0000,1,0,0,0,0,1,0,0,0,0
zc,TA305,2012-06-15 09:02:45.043,7268.0000,1388,0,0.0000,0.0000,0,0,多换,B,7254.0000,0.0000,0.0000,0.0000,0.0000,7260.0000,0.0000,0.0000,0.0000,0.0000,1,0,0,0,0,1,0,0,0,0
zc,TA305,2012-06-15 09:02:45.793,7268.0000,1388,0,0.0000,0.0000,0,0,多换,B,7256.0000,0.0000,0.0000,0.0000,0.0000,7260.0000,0.0000,0.0000,0.0000,0.0000,1,0,0,0,0,1,0,0,0,0
zc,TA305,2012-06-15 09:02:46.307,7268.0000,1388,0,0.0000,0.0000,0,0,多换,B,7254.0000,0.0000,0.0000,0.0000,0.0000,7260.0000,0.0000,0.0000,0.0000,0.0000,1,0,0,0,0,1,0,0,0,0
zc,TA305,2012-06-15 09:02:47.057,7268.0000,1388,0,0.0000,0.0000,0,0,多换,B,7256.0000,0.0000,0.0000,0.0000,0.0000,7260.0000,0.0000,0.0000,0.0000,0.0000,1,0,0,0,0,1,0,0,0,0
zc,TA305,2012-06-15 09:02:49.573,7268.0000,1388,0,0.0000,0.0000,0,0,多换,B,7256.0000,0.0000,0.0000,0.0000,0.0000,7262.0000,0.0000,0.0000,0.0000,0.0000,1,0,0,0,0,1,0,0,0,0
zc,TA305,2012-06-15 09:02:50.807,7268.0000,1388,0,0.0000,0.0000,0,0,多换,B,7258.0000,0.0000,0.0000,0.0000,0.0000,7264.0000,0.0000,0.0000,0.0000,0.0000,1,0,0,0,0,1,0,0,0,0
zc,TA305,2012-06-15 09:02:57.777,7268.0000,1388,0,0.0000,0.0000,0,0,多换,B,7258.0000,0.0000,0.0000,0.0000,0.0000,7266.0000,0.0000,0.0000,0.0000,0.0000,1,0,0,0,0,1,0,0,0,0
zc,TA305,2012-06-15 09:02:58.793,7268.0000,1388,0,0.0000,0.0000,0,0,多换,B,7258.0000,0.0000,0.0000,0.0000,0.0000,7264.0000,0.0000,0.0000,0.0000,0.0000,1,0,0,0,0,1,0,0,0,0
zc,TA305,2012-06-15 09:03:06.307,7268.0000,1388,0,0.0000,0.0000,0,0,多换,B,7258.0000,0.0000,0.0000,0.0000,0.0000,7266.0000,0.0000,0.0000,0.0000,0.0000,1,0,0,0,0,1,0,0,0,0
zc,TA305,2012-06-15 09:03:08.607,7268.0000,1388,0,0.0000,0.0000,0,0,多换,B,7258.0000,0.0000,0.0000,0.0000,0.0000,7268.0000,0.0000,0.0000,0.0000,0.0000,1,0,0,0,0,1,0,0,0,0
zc,TA305,2012-06-15 09:03:09.307,7268.0000,1388,0,0.0000,0.0000,0,0,多换,B,7258.0000,0.0000,0.0000,0.0000,0.0000,7266.0000,0.0000,0.0000,0.0000,0.0000,1,0,0,0,0,1,0,0,0,0
zc,TA305,2012-06-15 09:03:10.027,7268.0000,1388,0,0.0000,0.0000,0,0,多换,B,7260.0000,0.0000,0.0000,0.0000,0.0000,7266.0000,0.0000,0.0000,0.0000,0.0000,1,0,0,0,0,1,0,0,0,0
zc,TA305,2012-06-15 09:03:10.573,7268.0000,1388,0,0.0000,0.0000,0,0,多换,B,7258.0000,0.0000,0.0000,0.0000,0.0000,7266.0000,0.0000,0.0000,0.0000,0.0000,1,0,0,0,0,1,0,0,0,0
zc,TA305,2012-06-15 09:03:11.043,7268.0000,1388,0,0.0000,0.0000,0,0,多换,B,7260.0000,0.0000,0.0000,0.0000,0.0000,7266.0000,0.0000,0.0000,0.0000,0.0000,1,0,0,0,0,1,0,0,0,0
zc,TA305,2012-06-15 09:03:14.073,7268.0000,1388,0,0.0000,0.0000,0,0,多换,B,7260.0000,0.0000,0.0000,0.0000,0.0000,7264.0000,0.0000,0.0000,0.0000,0.0000,1,0,0,0,0,1,0,0,0,0
zc,TA305,2012-06-15 09:03:15.793,7268.0000,1388,0,0.0000,0.0000,0,0,多换,B,7258.0000,0.0000,0.0000,0.0000,0.0000,7264.0000,0.0000,0.0000,0.0000,0.0000,1,0,0,0,0,1,0,0,0,0
zc,TA305,2012-06-15 09:03:16.277,7268.0000,1388,0,0.0000,0.0000,0,0,多换,B,7258.0000,0.0000,0.0000,0.0000,0.0000,7262.0000,0.0000,0.0000,0.0000,0.0000,1,0,0,0,0,1,0,0,0,0
zc,TA305,2012-06-15 09:03:18.307,7268.0000,1388,0,0.0000,0.0000,0,0,多换,B,7260.0000,0.0000,0.0000,0.0000,0.0000,7262.0000,0.0000,0.0000,0.0000,0.0000,1,0,0,0,0,1,0,0,0,0
zc,TA305,2012-06-15 09:03:20.777,7268.0000,1388,0,0.0000,0.0000,0,0,多换,B,7260.0000,0.0000,0.0000,0.0000,0.0000,7264.0000,0.0000,0.0000,0.0000,0.0000,1,0,0,0,0,1,0,0,0,0
zc,TA305,2012-06-15 09:03:22.043,7268.0000,1388,0,0.0000,0.0000,0,0,多换,B,7260.0000,0.0000,0.0000,0.0000,0.0000,7262.0000,0.0000,0.0000,0.0000,0.0000,1,0,0,0,0,1,0,0,0,0
zc,TA305,2012-06-15 09:03:24.323,7268.0000,1388,0,0.0000,0.0000,0,0,多换,B,7258.0000,0.0000,0.0000,0.0000,0.0000,7262.0000,0.0000,0.0000,0.0000,0.0000,1,0,0,0,0,1,0,0,0,0
zc,TA305,2012-06-15 09:03:26.057,7268.0000,1388,0,0.0000,0.0000,0,0,多换,B,7260.0000,0.0000,0.0000,0.0000,0.0000,7262.0000,0.0000,0.0000,0.0000,0.0000,1,0,0,0,0,1,0,0,0,0
zc,TA305,2012-06-15 09:03:27.777,7268.0000,1388,0,0.0000,0.0000,0,0,多换,B,7260.0000,0.0000,0.0000,0.0000,0.0000,7264.0000,0.0000,0.0000,0.0000,0.0000,1,0,0,0,0,1,0,0,0,0
zc,TA305,2012-06-15 09:03:29.573,7268.0000,1388,0,0.0000,0.0000,0,0,多换,B,7260.0000,0.0000,0.0000,0.0000,0.0000,7262.0000,0.0000,0.0000,0.0000,0.0000,1,0,0,0,0,1,0,0,0,0
zc,TA305,2012-06-15 09:03:30.543,7268.0000,1388,0,0.0000,0.0000,0,0,多换,B,7258.0000,0.0000,0.0000,0.0000,0.0000,7262.0000,0.0000,0.0000,0.0000,0.0000,1,0,0,0,0,1,0,0,0,0
zc,TA305,2012-06-15 09:03:32.307,7268.0000,1388,0,0.0000,0.0000,0,0,多换,B,7258.0000,0.0000,0.0000,0.0000,0.0000,7264.0000,0.0000,0.0000,0.0000,0.0000,1,0,0,0,0,1,0,0,0,0
zc,TA305,2012-06-15 09:03:33.557,7268.0000,1388,0,0.0000,0.0000,0,0,多换,B,7258.0000,0.0000,0.0000,0.0000,0.0000,7262.0000,0.0000,0.0000,0.0000,0.0000,1,0,0,0,0,1,0,0,0,0
zc,TA305,2012-06-15 09:03:34.777,7268.0000,1388,0,0.0000,0.0000,0,0,多换,B,7258.0000,0.0000,0.0000,0.0000,0.0000,7264.0000,0.0000,0.0000,0.0000,0.0000,1,0,0,0,0,1,0,0,0,0
zc,TA305,2012-06-15 09:03:36.510,7268.0000,1388,0,0.0000,0.0000,0,0,多换,B,7260.0000,0.0000,0.0000,0.0000,0.0000,7264.0000,0.0000,0.0000,0.0000,0.0000,1,0,0,0,0,1,0,0,0,0
zc,TA305,2012-06-15 09:03:37.497,7268.0000,1388,0,0.0000,0.0000,0,0,多换,B,7260.0000,0.0000,0.0000,0.0000,0.0000,7262.0000,0.0000,0.0000,0.0000,0.0000,1,0,0,0,0,1,0,0,0,0
zc,TA305,2012-06-15 09:03:40.527,7268.0000,1388,0,0.0000,0.0000,0,0,多换,B,7260.0000,0.0000,0.0000,0.0000,0.0000,7264.0000,0.0000,0.0000,0.0000,0.0000,1,0,0,0,0,1,0,0,0,0
zc,TA305,2012-06-15 09:03:43.543,7268.0000,1388,0,0.0000,0.0000,0,0,多换,B,7260.0000,0.0000,0.0000,0.0000,0.0000,7266.0000,0.0000,0.0000,0.0000,0.0000,1,0,0,0,0,1,0,0,0,0
zc,TA305,2012-06-15 09:03:48.027,7268.0000,1388,0,0.0000,0.0000,0,0,多换,B,7260.0000,0.0000,0.0000,0.0000,0.0000,7264.0000,0.0000,0.0000,0.0000,0.0000,1,0,0,0,0,1,0,0,0,0
zc,TA305,2012-06-15 09:03:50.277,7268.0000,1388,0,0.0000,0.0000,0,0,多换,B,7260.0000,0.0000,0.0000,0.0000,0.0000,7266.0000,0.0000,0.0000,0.0000,0.0000,1,0,0,0,0,1,0,0,0,0
zc,TA305,2012-06-15 09:03:51.090,7268.0000,1388,0,0.0000,0.0000,0,0,多换,B,7262.0000,0.0000,0.0000,0.0000,0.0000,7266.0000,0.0000,0.0000,0.0000,0.0000,1,0,0,0,0,1,0,0,0,0
zc,TA305,2012-06-15 09:03:52.793,7268.0000,1388,0,0.0000,0.0000,0,0,多换,B,7258.0000,0.0000,0.0000,0.0000,0.0000,7266.0000,0.0000,0.0000,0.0000,0.0000,1,0,0,0,0,1,0,0,0,0
zc,TA305,2012-06-15 09:03:53.293,7268.0000,1388,0,0.0000,0.0000,0,0,多换,B,7262.0000,0.0000,0.0000,0.0000,0.0000,7266.0000,0.0000,0.0000,0.0000,0.0000,1,0,0,0,0,1,0,0,0,0
zc,TA305,2012-06-15 09:03:56.823,7268.0000,1388,0,0.0000,0.0000,0,0,多换,B,7264.0000,0.0000,0.0000,0.0000,0.0000,7266.0000,0.0000,0.0000,0.0000,0.0000,1,0,0,0,0,1,0,0,0,0
zc,TA305,2012-06-15 09:03:57.620,7268.0000,1388,0,0.0000,0.0000,0,0,多换,B,7262.0000,0.0000,0.0000,0.0000,0.0000,7268.0000,0.0000,0.0000,0.0000,0.0000,1,0,0,0,0,2,0,0,0,0
zc,TA305,2012-06-15 09:04:01.807,7268.0000,1388,0,0.0000,0.0000,0,0,多换,B,7262.0000,0.0000,0.0000,0.0000,0.0000,7270.0000,0.0000,0.0000,0.0000,0.0000,1,0,0,0,0,2,0,0,0,0
zc,TA305,2012-06-15 09:04:02.323,7268.0000,1388,0,0.0000,0.0000,0,0,多换,B,7264.0000,0.0000,0.0000,0.0000,0.0000,7270.0000,0.0000,0.0000,0.0000,0.0000,1,0,0,0,0,2,0,0,0,0
zc,TA305,2012-06-15 09:04:11.293,7268.0000,1388,0,0.0000,0.0000,0,0,多换,B,7264.0000,0.0000,0.0000,0.0000,0.0000,7270.0000,0.0000,0.0000,0.0000,0.0000,1,0,0,0,0,1,0,0,0,0
zc,TA305,2012-06-15 09:04:15.543,7268.0000,1388,0,0.0000,0.0000,0,0,多换,B,7266.0000,0.0000,0.0000,0.0000,0.0000,7272.0000,0.0000,0.0000,0.0000,0.0000,1,0,0,0,0,2,0,0,0,0
zc,TA305,2012-06-15 09:04:17.307,7268.0000,1388,0,0.0000,0.0000,0,0,多换,B,7266.0000,0.0000,0.0000,0.0000,0.0000,7272.0000,0.0000,0.0000,0.0000,0.0000,1,0,0,0,0,1,0,0,0,0
zc,TA305,2012-06-15 09:04:18.557,7268.0000,1388,0,0.0000,0.0000,0,0,多换,B,7268.0000,0.0000,0.0000,0.0000,0.0000,7274.0000,0.0000,0.0000,0.0000,0.0000,1,0,0,0,0,2,0,0,0,0
zc,TA305,2012-06-15 09:04:21.543,7268.0000,1388,0,0.0000,0.0000,0,0,多换,B,7270.0000,0.0000,0.0000,0.0000,0.0000,7274.0000,0.0000,0.0000,0.0000,0.0000,1,0,0,0,0,1,0,0,0,0
zc,TA305,2012-06-15 09:04:23.527,7268.0000,1388,0,0.0000,0.0000,0,0,多换,B,7270.0000,0.0000,0.0000,0.0000,0.0000,7276.0000,0.0000,0.0000,0.0000,0.0000,1,0,0,0,0,2,0,0,0,0
zc,TA305,2012-06-15 09:04:24.057,7268.0000,1388,0,0.0000,0.0000,0,0,多换,B,7272.0000,0.0000,0.0000,0.0000,0.0000,7276.0000,0.0000,0.0000,0.0000,0.0000,1,0,0,0,0,1,0,0,0,0
zc,TA305,2012-06-15 09:04:26.590,7268.0000,1388,0,0.0000,0.0000,0,0,多换,B,7272.0000,0.0000,0.0000,0.0000,0.0000,7278.0000,0.0000,0.0000,0.0000,0.0000,1,0,0,0,0,2,0,0,0,0
zc,TA305,2012-06-15 09:04:32.307,7268.0000,1388,0,0.0000,0.0000,0,0,多换,B,7272.0000,0.0000,0.0000,0.0000,0.0000,7280.0000,0.0000,0.0000,0.0000,0.0000,1,0,0,0,0,2,0,0,0,0
zc,TA305,2012-06-15 09:04:33.120,7268.0000,1388,0,0.0000,0.0000,0,0,多换,B,7274.0000,0.0000,0.0000,0.0000,0.0000,7280.0000,0.0000,0.0000,0.0000,0.0000,1,0,0,0,0,2,0,0,0,0
zc,TA305,2012-06-15 09:04:33.807,7268.0000,1388,0,0.0000,0.0000,0,0,多换,B,7276.0000,0.0000,0.0000,0.0000,0.0000,7280.0000,0.0000,0.0000,0.0000,0.0000,1,0,0,0,0,1,0,0,0,0
zc,TA305,2012-06-15 09:04:36.073,7268.0000,1388,0,0.0000,0.0000,0,0,多换,B,7274.0000,0.0000,0.0000,0.0000,0.0000,7280.0000,0.0000,0.0000,0.0000,0.0000,1,0,0,0,0,2,0,0,0,0
zc,TA305,2012-06-15 09:04:37.307,7268.0000,1388,0,0.0000,0.0000,0,0,多换,B,7272.0000,0.0000,0.0000,0.0000,0.0000,7280.0000,0.0000,0.0000,0.0000,0.0000,1,0,0,0,0,2,0,0,0,0
zc,TA305,2012-06-15 09:04:38.073,7268.0000,1388,0,0.0000,0.0000,0,0,多换,B,7272.0000,0.0000,0.0000,0.0000,0.0000,7278.0000,0.0000,0.0000,0.0000,0.0000,1,0,0,0,0,1,0,0,0,0
zc,TA305,2012-06-15 09:04:38.607,7268.0000,1388,0,0.0000,0.0000,0,0,多换,B,7276.0000,0.0000,0.0000,0.0000,0.0000,7278.0000,0.0000,0.0000,0.0000,0.0000,1,0,0,0,0,1,0,0,0,0
zc,TA305,2012-06-15 09:04:40.590,7268.0000,1388,0,0.0000,0.0000,0,0,多换,B,7274.0000,0.0000,0.0000,0.0000,0.0000,7278.0000,0.0000,0.0000,0.0000,0.0000,1,0,0,0,0,1,0,0,0,0
zc,TA305,2012-06-15 09:04:41.340,7268.0000,1388,0,0.0000,0.0000,0,0,多换,B,7272.0000,0.0000,0.0000,0.0000,0.0000,7280.0000,0.0000,0.0000,0.0000,0.0000,2,0,0,0,0,2,0,0,0,0
zc,TA305,2012-06-15 09:04:41.807,7268.0000,1388,0,0.0000,0.0000,0,0,多换,B,7272.0000,0.0000,0.0000,0.0000,0.0000,7278.0000,0.0000,0.0000,0.0000,0.0000,1,0,0,0,0,2,0,0,0,0
zc,TA305,2012-06-15 09:04:42.543,7268.0000,1388,0,0.0000,0.0000,0,0,多换,B,7272.0000,0.0000,0.0000,0.0000,0.0000,7278.0000,0.0000,0.0000,0.0000,0.0000,1,0,0,0,0,1,0,0,0,0
zc,TA305,2012-06-15 09:04:44.307,7268.0000,1388,0,0.0000,0.0000,0,0,多换,B,7272.0000,0.0000,0.0000,0.0000,0.0000,7278.0000,0.0000,0.0000,0.0000,0.0000,1,0,0,0,0,2,0,0,0,0
zc,TA305,2012-06-15 09:04:45.340,7268.0000,1388,0,0.0000,0.0000,0,0,多换,B,7272.0000,0.0000,0.0000,0.0000,0.0000,7276.0000,0.0000,0.0000,0.0000,0.0000,1,0,0,0,0,1,0,0,0,0
zc,TA305,2012-06-15 09:04:50.357,7268.0000,1388,0,0.0000,0.0000,0,0,多换,B,7274.0000,0.0000,0.0000,0.0000,0.0000,7276.0000,0.0000,0.0000,0.0000,0.0000,1,0,0,0,0,1,0,0,0,0
zc,TA305,2012-06-15 09:04:51.807,7268.0000,1388,0,0.0000,0.0000,0,0,多换,B,7272.0000,0.0000,0.0000,0.0000,0.0000,7276.0000,0.0000,0.0000,0.0000,0.0000,1,0,0,0,0,1,0,0,0,0
zc,TA305,2012-06-15 09:04:52.573,7268.0000,1388,0,0.0000,0.0000,0,0,多换,B,7274.0000,0.0000,0.0000,0.0000,0.0000,7276.0000,0.0000,0.0000,0.0000,0.0000,1,0,0,0,0,1,0,0,0,0
zc,TA305,2012-06-15 09:04:54.557,7268.0000,1388,0,0.0000,0.0000,0,0,多换,B,7272.0000,0.0000,0.0000,0.0000,0.0000,7276.0000,0.0000,0.0000,0.0000,0.0000,1,0,0,0,0,1,0,0,0,0
zc,TA305,2012-06-15 09:04:55.963,7268.0000,1388,0,0.0000,0.0000,0,0,多换,B,7274.0000,0.0000,0.0000,0.0000,0.0000,7276.0000,0.0000,0.0000,0.0000,0.0000,1,0,0,0,0,1,0,0,0,0
zc,TA305,2012-06-15 09:04:58.777,7268.0000,1388,0,0.0000,0.0000,0,0,多换,B,7274.0000,0.0000,0.0000,0.0000,0.0000,7278.0000,0.0000,0.0000,0.0000,0.0000,1,0,0,0,0,1,0,0,0,0
zc,TA305,2012-06-15 09:05:03.090,7268.0000,1388,0,0.0000,0.0000,0,0,多换,B,7276.0000,0.0000,0.0000,0.0000,0.0000,7278.0000,0.0000,0.0000,0.0000,0.0000,1,0,0,0,0,1,0,0,0,0
zc,TA305,2012-06-15 09:05:05.590,7268.0000,1388,0,0.0000,0.0000,0,0,多换,B,7276.0000,0.0000,0.0000,0.0000,0.0000,7280.0000,0.0000,0.0000,0.0000,0.0000,1,0,0,0,0,1,0,0,0,0
zc,TA305,2012-06-15 09:05:06.057,7276.0000,1388,0,0.0000,2.0000,1,1,多换,B,7276.0000,0.0000,0.0000,0.0000,0.0000,7278.0000,0.0000,0.0000,0.0000,0.0000,1,0,0,0,0,2,0,0,0,0
zc,TA305,2012-06-15 09:05:08.590,7276.0000,1388,0,0.0000,0.0000,0,0,多换,B,7274.0000,0.0000,0.0000,0.0000,0.0000,7278.0000,0.0000,0.0000,0.0000,0.0000,1,0,0,0,0,2,0,0,0,0
zc,TA305,2012-06-15 09:05:12.807,7276.0000,1388,0,0.0000,0.0000,0,0,多换,B,7276.0000,0.0000,0.0000,0.0000,0.0000,7278.0000,0.0000,0.0000,0.0000,0.0000,1,0,0,0,0,2,0,0,0,0
zc,TA305,2012-06-15 09:05:13.323,7276.0000,1388,0,0.0000,0.0000,0,0,多换,B,7274.0000,0.0000,0.0000,0.0000,0.0000,7276.0000,0.0000,0.0000,0.0000,0.0000,1,0,0,0,0,2,0,0,0,0
zc,TA305,2012-06-15 09:05:15.840,7276.0000,1388,0,0.0000,0.0000,0,0,多换,B,7276.0000,0.0000,0.0000,0.0000,0.0000,7278.0000,0.0000,0.0000,0.0000,0.0000,1,0,0,0,0,2,0,0,0,0
zc,TA305,2012-06-15 09:05:18.857,7276.0000,1388,0,0.0000,0.0000,0,0,多换,B,7276.0000,0.0000,0.0000,0.0000,0.0000,7280.0000,0.0000,0.0000,0.0000,0.0000,1,0,0,0,0,2,0,0,0,0
zc,TA305,2012-06-15 09:05:20.557,7276.0000,1388,0,0.0000,0.0000,0,0,多换,B,7278.0000,0.0000,0.0000,0.0000,0.0000,7280.0000,0.0000,0.0000,0.0000,0.0000,1,0,0,0,0,2,0,0,0,0
zc,TA305,2012-06-15 09:05:21.043,7278.0000,1388,0,0.0000,4.0000,2,2,多换,B,7278.0000,0.0000,0.0000,0.0000,0.0000,7280.0000,0.0000,0.0000,0.0000,0.0000,1,0,0,0,0,2,0,0,0,0
zc,TA305,2012-06-15 09:05:22.277,7278.0000,1388,0,0.0000,0.0000,0,0,多换,B,7278.0000,0.0000,0.0000,0.0000,0.0000,7282.0000,0.0000,0.0000,0.0000,0.0000,1,0,0,0,0,2,0,0,0,0
zc,TA305,2012-06-15 09:05:22.793,7278.0000,1388,0,0.0000,0.0000,0,0,多换,B,7278.0000,0.0000,0.0000,0.0000,0.0000,7280.0000,0.0000,0.0000,0.0000,0.0000,1,0,0,0,0,2,0,0,0,0
zc,TA305,2012-06-15 09:05:24.043,7280.0000,1388,0,0.0000,4.0000,2,2,多换,B,7278.0000,0.0000,0.0000,0.0000,0.0000,7282.0000,0.0000,0.0000,0.0000,0.0000,1,0,0,0,0,2,0,0,0,0
zc,TA305,2012-06-15 09:05:24.543,7280.0000,1388,0,0.0000,0.0000,0,0,多换,B,7278.0000,0.0000,0.0000,0.0000,0.0000,7284.0000,0.0000,0.0000,0.0000,0.0000,1,0,0,0,0,2,0,0,0,0
zc,TA305,2012-06-15 09:05:26.260,7280.0000,1388,0,0.0000,0.0000,0,0,多换,B,7278.0000,0.0000,0.0000,0.0000,0.0000,7282.0000,0.0000,0.0000,0.0000,0.0000,1,0,0,0,0,2,0,0,0,0
zc,TA305,2012-06-15 09:05:29.307,7280.0000,1388,0,0.0000,0.0000,0,0,多换,B,7276.0000,0.0000,0.0000,0.0000,0.0000,7282.0000,0.0000,0.0000,0.0000,0.0000,1,0,0,0,0,2,0,0,0,0
zc,TA305,2012-06-15 09:05:32.307,7280.0000,1388,0,0.0000,0.0000,0,0,多换,B,7278.0000,0.0000,0.0000,0.0000,0.0000,7282.0000,0.0000,0.0000,0.0000,0.0000,1,0,0,0,0,2,0,0,0,0
zc,TA305,2012-06-15 09:05:32.557,7280.0000,1388,0,0.0000,0.0000,0,0,多换,B,7276.0000,0.0000,0.0000,0.0000,0.0000,7282.0000,0.0000,0.0000,0.0000,0.0000,2,0,0,0,0,2,0,0,0,0
zc,TA305,2012-06-15 09:05:33.760,7280.0000,1388,0,0.0000,0.0000,0,0,多换,B,7276.0000,0.0000,0.0000,0.0000,0.0000,7280.0000,0.0000,0.0000,0.0000,0.0000,2,0,0,0,0,2,0,0,0,0
zc,TA305,2012-06-15 09:05:35.010,7280.0000,1388,0,0.0000,0.0000,0,0,多换,B,7276.0000,0.0000,0.0000,0.0000,0.0000,7280.0000,0.0000,0.0000,0.0000,0.0000,1,0,0,0,0,2,0,0,0,0
zc,TA305,2012-06-15 09:05:36.027,7280.0000,1388,0,0.0000,0.0000,0,0,多换,B,7276.0000,0.0000,0.0000,0.0000,0.0000,7282.0000,0.0000,0.0000,0.0000,0.0000,1,0,0,0,0,2,0,0,0,0
zc,TA305,2012-06-15 09:05:36.543,7280.0000,1388,0,0.0000,0.0000,0,0,多换,B,7276.0000,0.0000,0.0000,0.0000,0.0000,7280.0000,0.0000,0.0000,0.0000,0.0000,1,0,0,0,0,2,0,0,0,0
zc,TA305,2012-06-15 09:05:37.557,7280.0000,1388,0,0.0000,0.0000,0,0,多换,B,7274.0000,0.0000,0.0000,0.0000,0.0000,7282.0000,0.0000,0.0000,0.0000,0.0000,1,0,0,0,0,2,0,0,0,0
zc,TA305,2012-06-15 09:05:38.277,7280.0000,1388,0,0.0000,0.0000,0,0,多换,B,7274.0000,0.0000,0.0000,0.0000,0.0000,7282.0000,0.0000,0.0000,0.0000,0.0000,1,0,0,0,0,3,0,0,0,0
zc,TA305,2012-06-15 09:05:39.247,7280.0000,1388,0,0.0000,0.0000,0,0,多换,B,7274.0000,0.0000,0.0000,0.0000,0.0000,7282.0000,0.0000,0.0000,0.0000,0.0000,1,0,0,0,0,2,0,0,0,0
zc,TA305,2012-06-15 09:05:40.543,7280.0000,1388,0,0.0000,0.0000,0,0,多换,B,7276.0000,0.0000,0.0000,0.0000,0.0000,7282.0000,0.0000,0.0000,0.0000,0.0000,1,0,0,0,0,2,0,0,0,0
zc,TA305,2012-06-15 09:05:41.323,7280.0000,1388,0,0.0000,0.0000,0,0,多换,B,7274.0000,0.0000,0.0000,0.0000,0.0000,7282.0000,0.0000,0.0000,0.0000,0.0000,1,0,0,0,0,2,0,0,0,0
zc,TA305,2012-06-15 09:05:41.760,7280.0000,1388,0,0.0000,0.0000,0,0,多换,B,7274.0000,0.0000,0.0000,0.0000,0.0000,7282.0000,0.0000,0.0000,0.0000,0.0000,1,0,0,0,0,3,0,0,0,0
zc,TA305,2012-06-15 09:05:44.323,7280.0000,1388,0,0.0000,0.0000,0,0,多换,B,7274.0000,0.0000,0.0000,0.0000,0.0000,7282.0000,0.0000,0.0000,0.0000,0.0000,1,0,0,0,0,1,0,0,0,0
zc,TA305,2012-06-15 09:05:48.260,7280.0000,1388,0,0.0000,0.0000,0,0,多换,B,7274.0000,0.0000,0.0000,0.0000,0.0000,7282.0000,0.0000,0.0000,0.0000,0.0000,1,0,0,0,0,3,0,0,0,0
zc,TA305,2012-06-15 09:05:49.510,7280.0000,1388,0,0.0000,0.0000,0,0,多换,B,7274.0000,0.0000,0.0000,0.0000,0.0000,7282.0000,0.0000,0.0000,0.0000,0.0000,1,0,0,0,0,1,0,0,0,0
zc,TA305,2012-06-15 09:05:54.557,7280.0000,1388,0,0.0000,0.0000,0,0,多换,B,7272.0000,0.0000,0.0000,0.0000,0.0000,7280.0000,0.0000,0.0000,0.0000,0.0000,1,0,0,0,0,1,0,0,0,0
zc,TA305,2012-06-15 09:05:55.010,7280.0000,1388,0,0.0000,0.0000,0,0,多换,B,7274.0000,0.0000,0.0000,0.0000,0.0000,7282.0000,0.0000,0.0000,0.0000,0.0000,1,0,0,0,0,1,0,0,0,0
zc,TA305,2012-06-15 09:05:59.027,7280.0000,1388,0,0.0000,0.0000,0,0,多换,B,7272.0000,0.0000,0.0000,0.0000,0.0000,7280.0000,0.0000,0.0000,0.0000,0.0000,2,0,0,0,0,1,0,0,0,0
zc,TA305,2012-06-15 09:05:59.747,7280.0000,1388,0,0.0000,0.0000,0,0,多换,B,7272.0000,0.0000,0.0000,0.0000,0.0000,7280.0000,0.0000,0.0000,0.0000,0.0000,1,0,0,0,0,1,0,0,0,0
zc,TA305,2012-06-15 09:06:08.010,7280.0000,1388,0,0.0000,0.0000,0,0,多换,B,7270.0000,0.0000,0.0000,0.0000,0.0000,7278.0000,0.0000,0.0000,0.0000,0.0000,1,0,0,0,0,1,0,0,0,0
zc,TA305,2012-06-15 09:06:13.323,7280.0000,1388,0,0.0000,0.0000,0,0,多换,B,7272.0000,0.0000,0.0000,0.0000,0.0000,7280.0000,0.0000,0.0000,0.0000,0.0000,1,0,0,0,0,3,0,0,0,0
zc,TA305,2012-06-15 09:06:14.573,7280.0000,1388,0,0.0000,0.0000,0,0,多换,B,7270.0000,0.0000,0.0000,0.0000,0.0000,7278.0000,0.0000,0.0000,0.0000,0.0000,2,0,0,0,0,1,0,0,0,0
zc,TA305,2012-06-15 09:06:16.480,7280.0000,1388,0,0.0000,0.0000,0,0,多换,B,7270.0000,0.0000,0.0000,0.0000,0.0000,7278.0000,0.0000,0.0000,0.0000,0.0000,1,0,0,0,0,1,0,0,0,0
zc,TA305,2012-06-15 09:06:23.247,7280.0000,1388,0,0.0000,0.0000,0,0,多换,B,7272.0000,0.0000,0.0000,0.0000,0.0000,7278.0000,0.0000,0.0000,0.0000,0.0000,1,0,0,0,0,1,0,0,0,0
zc,TA305,2012-06-15 09:06:28.057,7280.0000,1388,0,0.0000,0.0000,0,0,多换,B,7274.0000,0.0000,0.0000,0.0000,0.0000,7280.0000,0.0000,0.0000,0.0000,0.0000,1,0,0,0,0,3,0,0,0,0
zc,TA305,2012-06-15 09:06:29.107,7280.0000,1388,0,0.0000,0.0000,0,0,多换,B,7272.0000,0.0000,0.0000,0.0000,0.0000,7280.0000,0.0000,0.0000,0.0000,0.0000,1,0,0,0,0,3,0,0,0,0
zc,TA305,2012-06-15 09:06:29.823,7280.0000,1388,0,0.0000,0.0000,0,0,多换,B,7274.0000,0.0000,0.0000,0.0000,0.0000,7280.0000,0.0000,0.0000,0.0000,0.0000,1,0,0,0,0,3,0,0,0,0
zc,TA305,2012-06-15 09:06:30.357,7280.0000,1388,0,0.0000,0.0000,0,0,多换,B,7272.0000,0.0000,0.0000,0.0000,0.0000,7278.0000,0.0000,0.0000,0.0000,0.0000,1,0,0,0,0,1,0,0,0,0
zc,TA305,2012-06-15 09:06:34.793,7280.0000,1388,0,0.0000,0.0000,0,0,多换,B,7270.0000,0.0000,0.0000,0.0000,0.0000,7276.0000,0.0000,0.0000,0.0000,0.0000,1,0,0,0,0,1,0,0,0,0
zc,TA305,2012-06-15 09:06:40.497,7280.0000,1388,0,0.0000,0.0000,0,0,多换,B,7270.0000,0.0000,0.0000,0.0000,0.0000,7276.0000,0.0000,0.0000,0.0000,0.0000,11,0,0,0,0,1,0,0,0,0
zc,TA305,2012-06-15 09:06:52.307,7280.0000,1388,0,0.0000,0.0000,0,0,多换,B,7272.0000,0.0000,0.0000,0.0000,0.0000,7278.0000,0.0000,0.0000,0.0000,0.0000,1,0,0,0,0,1,0,0,0,0
zc,TA305,2012-06-15 09:06:53.543,7280.0000,1388,0,0.0000,0.0000,0,0,多换,B,7270.0000,0.0000,0.0000,0.0000,0.0000,7274.0000,0.0000,0.0000,0.0000,0.0000,10,0,0,0,0,1,0,0,0,0
zc,TA305,2012-06-15 09:06:57.777,7280.0000,1388,0,0.0000,0.0000,0,0,多换,B,7270.0000,0.0000,0.0000,0.0000,0.0000,7276.0000,0.0000,0.0000,0.0000,0.0000,10,0,0,0,0,1,0,0,0,0
zc,TA305,2012-06-15 09:06:58.277,7280.0000,1388,0,0.0000,0.0000,0,0,多换,B,7270.0000,0.0000,0.0000,0.0000,0.0000,7276.0000,0.0000,0.0000,0.0000,0.0000,11,0,0,0,0,1,0,0,0,0
zc,TA305,2012-06-15 09:07:05.777,7270.0000,1388,0,0.0000,2.0000,1,1,空换,S,7270.0000,0.0000,0.0000,0.0000,0.0000,7276.0000,0.0000,0.0000,0.0000,0.0000,10,0,0,0,0,1,0,0,0,0
zc,TA305,2012-06-15 09:07:10.823,7270.0000,1388,0,0.0000,0.0000,0,0,空换,S,7270.0000,0.0000,0.0000,0.0000,0.0000,7278.0000,0.0000,0.0000,0.0000,0.0000,11,0,0,0,0,1,0,0,0,0
zc,TA305,2012-06-15 09:07:13.057,7270.0000,1388,0,0.0000,2.0000,1,1,空换,S,7270.0000,0.0000,0.0000,0.0000,0.0000,7278.0000,0.0000,0.0000,0.0000,0.0000,11,0,0,0,0,1,0,0,0,0
zc,TA305,2012-06-15 09:07:16.027,7270.0000,1388,0,0.0000,0.0000,0,0,空换,S,7270.0000,0.0000,0.0000,0.0000,0.0000,7274.0000,0.0000,0.0000,0.0000,0.0000,11,0,0,0,0,1,0,0,0,0
zc,TA305,2012-06-15 09:07:18.793,7270.0000,1388,0,0.0000,2.0000,1,1,空换,S,7270.0000,0.0000,0.0000,0.0000,0.0000,7274.0000,0.0000,0.0000,0.0000,0.0000,12,0,0,0,0,1,0,0,0,0
zc,TA305,2012-06-15 09:07:23.277,7270.0000,1388,0,0.0000,0.0000,0,0,空换,S,7272.0000,0.0000,0.0000,0.0000,0.0000,7276.0000,0.0000,0.0000,0.0000,0.0000,2,0,0,0,0,1,0,0,0,0
zc,TA305,2012-06-15 09:07:25.307,7270.0000,1388,0,0.0000,0.0000,0,0,空换,S,7270.0000,0.0000,0.0000,0.0000,0.0000,7276.0000,0.0000,0.0000,0.0000,0.0000,13,0,0,0,0,1,0,0,0,0
zc,TA305,2012-06-15 09:07:25.573,7270.0000,1388,0,0.0000,0.0000,0,0,空换,S,7274.0000,0.0000,0.0000,0.0000,0.0000,7278.0000,0.0000,0.0000,0.0000,0.0000,2,0,0,0,0,1,0,0,0,0
zc,TA305,2012-06-15 09:07:31.543,7270.0000,1388,0,0.0000,0.0000,0,0,空换,S,7276.0000,0.0000,0.0000,0.0000,0.0000,7280.0000,0.0000,0.0000,0.0000,0.0000,2,0,0,0,0,1,0,0,0,0
zc,TA305,2012-06-15 09:07:32.027,7270.0000,1388,0,0.0000,0.0000,0,0,空换,S,7276.0000,0.0000,0.0000,0.0000,0.0000,7280.0000,0.0000,0.0000,0.0000,0.0000,1,0,0,0,0,1,0,0,0,0
zc,TA305,2012-06-15 09:07:33.073,7270.0000,1388,0,0.0000,0.0000,0,0,空换,S,7274.0000,0.0000,0.0000,0.0000,0.0000,7280.0000,0.0000,0.0000,0.0000,0.0000,3,0,0,0,0,1,0,0,0,0
zc,TA305,2012-06-15 09:07:33.307,7270.0000,1388,0,0.0000,0.0000,0,0,空换,S,7276.0000,0.0000,0.0000,0.0000,0.0000,7280.0000,0.0000,0.0000,0.0000,0.0000,2,0,0,0,0,1,0,0,0,0
zc,TA305,2012-06-15 09:07:35.793,7270.0000,1388,0,0.0000,0.0000,0,0,空换,S,7278.0000,0.0000,0.0000,0.0000,0.0000,7282.0000,0.0000,0.0000,0.0000,0.0000,2,0,0,0,0,1,0,0,0,0
zc,TA305,2012-06-15 09:07:53.307,7278.0000,1388,0,0.0000,2.0000,1,1,多换,B,7278.0000,0.0000,0.0000,0.0000,0.0000,7282.0000,0.0000,0.0000,0.0000,0.0000,1,0,0,0,0,1,0,0,0,0
zc,TA305,2012-06-15 09:07:54.823,7278.0000,1388,0,0.0000,0.0000,0,0,多换,B,7276.0000,0.0000,0.0000,0.0000,0.0000,7280.0000,0.0000,0.0000,0.0000,0.0000,1,0,0,0,0,1,0,0,0,0
zc,TA305,2012-06-15 09:07:56.557,7278.0000,1388,0,0.0000,0.0000,0,0,多换,B,7276.0000,0.0000,0.0000,0.0000,0.0000,7282.0000,0.0000,0.0000,0.0000,0.0000,1,0,0,0,0,1,0,0,0,0
zc,TA305,2012-06-15 09:07:57.807,7278.0000,1388,0,0.0000,0.0000,0,0,多换,B,7278.0000,0.0000,0.0000,0.0000,0.0000,7282.0000,0.0000,0.0000,0.0000,0.0000,1,0,0,0,0,1,0,0,0,0
zc,TA305,2012-06-15 09:08:02.073,7278.0000,1388,0,0.0000,0.0000,0,0,多换,B,7280.0000,0.0000,0.0000,0.0000,0.0000,7284.0000,0.0000,0.0000,0.0000,0.0000,1,0,0,0,0,1,0,0,0,0
zc,TA305,2012-06-15 09:08:03.307,7278.0000,1388,0,0.0000,0.0000,0,0,多换,B,7278.0000,0.0000,0.0000,0.0000,0.0000,7284.0000,0.0000,0.0000,0.0000,0.0000,1,0,0,0,0,1,0,0,0,0
zc,TA305,2012-06-15 09:08:03.823,7278.0000,1388,0,0.0000,0.0000,0,0,多换,B,7280.0000,0.0000,0.0000,0.0000,0.0000,7284.0000,0.0000,0.0000,0.0000,0.0000,1,0,0,0,0,1,0,0,0,0
zc,TA305,2012-06-15 09:08:07.323,7278.0000,1388,0,0.0000,0.0000,0,0,多换,B,7282.0000,0.0000,0.0000,0.0000,0.0000,7286.0000,0.0000,0.0000,0.0000,0.0000,1,0,0,0,0,1,0,0,0,0
zc,TA305,2012-06-15 09:08:10.057,7278.0000,1388,0,0.0000,0.0000,0,0,多换,B,7280.0000,0.0000,0.0000,0.0000,0.0000,7284.0000,0.0000,0.0000,0.0000,0.0000,2,0,0,0,0,1,0,0,0,0
zc,TA305,2012-06-15 09:08:11.057,7278.0000,1388,0,0.0000,0.0000,0,0,多换,B,7280.0000,0.0000,0.0000,0.0000,0.0000,7284.0000,0.0000,0.0000,0.0000,0.0000,1,0,0,0,0,1,0,0,0,0
zc,TA305,2012-06-15 09:08:11.543,7278.0000,1388,0,0.0000,0.0000,0,0,多换,B,7280.0000,0.0000,0.0000,0.0000,0.0000,7286.0000,0.0000,0.0000,0.0000,0.0000,1,0,0,0,0,1,0,0,0,0
zc,TA305,2012-06-15 09:08:12.293,7278.0000,1388,0,0.0000,0.0000,0,0,多换,B,7282.0000,0.0000,0.0000,0.0000,0.0000,7286.0000,0.0000,0.0000,0.0000,0.0000,1,0,0,0,0,1,0,0,0,0
zc,TA305,2012-06-15 09:08:13.543,7278.0000,1388,0,0.0000,0.0000,0,0,多换,B,7280.0000,0.0000,0.0000,0.0000,0.0000,7286.0000,0.0000,0.0000,0.0000,0.0000,2,0,0,0,0,1,0,0,0,0
zc,TA305,2012-06-15 09:08:13.747,7284.0000,1388,0,0.0000,2.0000,1,1,多换,B,7280.0000,0.0000,0.0000,0.0000,0.0000,7290.0000,0.0000,0.0000,0.0000,0.0000,2,0,0,0,0,3,0,0,0,0
zc,TA305,2012-06-15 09:08:15.307,7284.0000,1388,0,0.0000,0.0000,0,0,多换,B,7282.0000,0.0000,0.0000,0.0000,0.0000,7290.0000,0.0000,0.0000,0.0000,0.0000,1,0,0,0,0,3,0,0,0,0
zc,TA305,2012-06-15 09:08:16.543,7284.0000,1388,0,0.0000,0.0000,0,0,多换,B,7284.0000,0.0000,0.0000,0.0000,0.0000,7290.0000,0.0000,0.0000,0.0000,0.0000,1,0,0,0,0,2,0,0,0,0
zc,TA305,2012-06-15 09:08:18.057,7284.0000,1388,0,0.0000,0.0000,0,0,多换,B,7286.0000,0.0000,0.0000,0.0000,0.0000,7290.0000,0.0000,0.0000,0.0000,0.0000,1,0,0,0,0,2,0,0,0,0
zc,TA305,2012-06-15 09:08:18.793,7284.0000,1388,0,0.0000,0.0000,0,0,多换,B,7284.0000,0.0000,0.0000,0.0000,0.0000,7290.0000,0.0000,0.0000,0.0000,0.0000,2,0,0,0,0,2,0,0,0,0
zc,TA305,2012-06-15 09:08:20.543,7284.0000,1388,0,0.0000,0.0000,0,0,多换,B,7286.0000,0.0000,0.0000,0.0000,0.0000,7290.0000,0.0000,0.0000,0.0000,0.0000,1,0,0,0,0,2,0,0,0,0
zc,TA305,2012-06-15 09:08:21.777,7284.0000,1388,0,0.0000,0.0000,0,0,多换,B,7284.0000,0.0000,0.0000,0.0000,0.0000,7290.0000,0.0000,0.0000,0.0000,0.0000,2,0,0,0,0,2,0,0,0,0
zc,TA305,2012-06-15 09:08:22.230,7284.0000,1388,0,0.0000,0.0000,0,0,多换,B,7284.0000,0.0000,0.0000,0.0000,0.0000,7290.0000,0.0000,0.0000,0.0000,0.0000,1,0,0,0,0,2,0,0,0,0
zc,TA305,2012-06-15 09:08:27.307,7284.0000,1388,0,0.0000,0.0000,0,0,多换,B,7286.0000,0.0000,0.0000,0.0000,0.0000,7290.0000,0.0000,0.0000,0.0000,0.0000,1,0,0,0,0,2,0,0,0,0
zc,TA305,2012-06-15 09:08:32.043,7290.0000,1392,4,0.0000,4.0000,4,0,双开,B,7286.0000,0.0000,0.0000,0.0000,0.0000,7294.0000,0.0000,0.0000,0.0000,0.0000,1,0,0,0,0,1,0,0,0,0
zc,TA305,2012-06-15 09:08:44.307,7290.0000,1392,0,0.0000,0.0000,0,0,多换,B,7286.0000,0.0000,0.0000,0.0000,0.0000,7294.0000,0.0000,0.0000,0.0000,0.0000,1,0,0,0,0,2,0,0,0,0
zc,TA305,2012-06-15 09:08:54.760,7290.0000,1392,0,0.0000,0.0000,0,0,多换,B,7284.0000,0.0000,0.0000,0.0000,0.0000,7292.0000,0.0000,0.0000,0.0000,0.0000,1,0,0,0,0,1,0,0,0,0
zc,TA305,2012-06-15 09:08:56.073,7290.0000,1392,0,0.0000,0.0000,0,0,多换,B,7284.0000,0.0000,0.0000,0.0000,0.0000,7294.0000,0.0000,0.0000,0.0000,0.0000,1,0,0,0,0,2,0,0,0,0
zc,TA305,2012-06-15 09:08:56.760,7290.0000,1392,0,0.0000,0.0000,0,0,多换,B,7286.0000,0.0000,0.0000,0.0000,0.0000,7294.0000,0.0000,0.0000,0.0000,0.0000,1,0,0,0,0,2,0,0,0,0
zc,TA305,2012-06-15 09:08:57.323,7290.0000,1392,0,0.0000,0.0000,0,0,多换,B,7284.0000,0.0000,0.0000,0.0000,0.0000,7294.0000,0.0000,0.0000,0.0000,0.0000,2,0,0,0,0,2,0,0,0,0
zc,TA305,2012-06-15 09:08:57.807,7290.0000,1392,0,0.0000,0.0000,0,0,多换,B,7286.0000,0.0000,0.0000,0.0000,0.0000,7294.0000,0.0000,0.0000,0.0000,0.0000,1,0,0,0,0,2,0,0,0,0
zc,TA305,2012-06-15 09:09:00.277,7290.0000,1392,0,0.0000,0.0000,0,0,多换,B,7286.0000,0.0000,0.0000,0.0000,0.0000,7294.0000,0.0000,0.0000,0.0000,0.0000,1,0,0,0,0,1,0,0,0,0
zc,TA305,2012-06-15 09:09:00.793,7290.0000,1392,0,0.0000,0.0000,0,0,多换,B,7288.0000,0.0000,0.0000,0.0000,0.0000,7294.0000,0.0000,0.0000,0.0000,0.0000,1,0,0,0,0,1,0,0,0,0
zc,TA305,2012-06-15 09:09:05.073,7290.0000,1392,0,0.0000,0.0000,0,0,多换,B,7290.0000,0.0000,0.0000,0.0000,0.0000,7294.0000,0.0000,0.0000,0.0000,0.0000,1,0,0,0,0,1,0,0,0,0
zc,TA305,2012-06-15 09:09:05.557,7290.0000,1392,0,0.0000,0.0000,0,0,多换,B,7288.0000,0.0000,0.0000,0.0000,0.0000,7294.0000,0.0000,0.0000,0.0000,0.0000,2,0,0,0,0,1,0,0,0,0
zc,TA305,2012-06-15 09:09:06.510,7290.0000,1392,0,0.0000,0.0000,0,0,多换,B,7290.0000,0.0000,0.0000,0.0000,0.0000,7294.0000,0.0000,0.0000,0.0000,0.0000,1,0,0,0,0,1,0,0,0,0
zc,TA305,2012-06-15 09:09:09.557,7290.0000,1392,0,0.0000,0.0000,0,0,多换,B,7292.0000,0.0000,0.0000,0.0000,0.0000,7294.0000,0.0000,0.0000,0.0000,0.0000,1,0,0,0,0,1,0,0,0,0
zc,TA305,2012-06-15 09:09:10.293,7290.0000,1392,0,0.0000,0.0000,0,0,多换,B,7290.0000,0.0000,0.0000,0.0000,0.0000,7294.0000,0.0000,0.0000,0.0000,0.0000,1,0,0,0,0,1,0,0,0,0
zc,TA305,2012-06-15 09:09:10.543,7290.0000,1392,0,0.0000,0.0000,0,0,多换,B,7288.0000,0.0000,0.0000,0.0000,0.0000,7294.0000,0.0000,0.0000,0.0000,0.0000,2,0,0,0,0,1,0,0,0,0
zc,TA305,2012-06-15 09:09:11.307,7290.0000,1392,0,0.0000,0.0000,0,0,多换,B,7288.0000,0.0000,0.0000,0.0000,0.0000,7294.0000,0.0000,0.0000,0.0000,0.0000,1,0,0,0,0,1,0,0,0,0
zc,TA305,2012-06-15 09:09:15.777,7290.0000,1392,0,0.0000,0.0000,0,0,多换,B,7286.0000,0.0000,0.0000,0.0000,0.0000,7294.0000,0.0000,0.0000,0.0000,0.0000,1,0,0,0,0,1,0,0,0,0
zc,TA305,2012-06-15 09:09:16.293,7290.0000,1392,0,0.0000,0.0000,0,0,多换,B,7288.0000,0.0000,0.0000,0.0000,0.0000,7294.0000,0.0000,0.0000,0.0000,0.0000,1,0,0,0,0,1,0,0,0,0
zc,TA305,2012-06-15 09:09:17.543,7290.0000,1392,0,0.0000,0.0000,0,0,多换,B,7286.0000,0.0000,0.0000,0.0000,0.0000,7294.0000,0.0000,0.0000,0.0000,0.0000,2,0,0,0,0,1,0,0,0,0
zc,TA305,2012-06-15 09:09:19.793,7290.0000,1392,0,0.0000,0.0000,0,0,多换,B,7286.0000,0.0000,0.0000,0.0000,0.0000,7294.0000,0.0000,0.0000,0.0000,0.0000,1,0,0,0,0,1,0,0,0,0
zc,TA305,2012-06-15 09:09:21.777,7290.0000,1392,0,0.0000,0.0000,0,0,多换,B,7286.0000,0.0000,0.0000,0.0000,0.0000,7294.0000,0.0000,0.0000,0.0000,0.0000,1,0,0,0,0,8,0,0,0,0
zc,TA305,2012-06-15 09:09:25.260,7290.0000,1392,0,0.0000,0.0000,0,0,多换,B,7286.0000,0.0000,0.0000,0.0000,0.0000,7294.0000,0.0000,0.0000,0.0000,0.0000,1,0,0,0,0,9,0,0,0,0
zc,TA305,2012-06-15 09:09:29.293,7290.0000,1392,0,0.0000,0.0000,0,0,多换,B,7286.0000,0.0000,0.0000,0.0000,0.0000,7294.0000,0.0000,0.0000,0.0000,0.0000,1,0,0,0,0,8,0,0,0,0
zc,TA305,2012-06-15 09:09:30.997,7290.0000,1392,0,0.0000,0.0000,0,0,多换,B,7286.0000,0.0000,0.0000,0.0000,0.0000,7294.0000,0.0000,0.0000,0.0000,0.0000,1,0,0,0,0,8,0,0,0,0
zc,TA305,2012-06-15 09:09:31.557,7290.0000,1392,0,0.0000,0.0000,0,0,多换,B,7288.0000,0.0000,0.0000,0.0000,0.0000,7294.0000,0.0000,0.0000,0.0000,0.0000,1,0,0,0,0,8,0,0,0,0
zc,TA305,2012-06-15 09:09:32.777,7290.0000,1392,0,0.0000,0.0000,0,0,多换,B,7286.0000,0.0000,0.0000,0.0000,0.0000,7294.0000,0.0000,0.0000,0.0000,0.0000,2,0,0,0,0,9,0,0,0,0
zc,TA305,2012-06-15 09:09:33.510,7290.0000,1392,0,0.0000,0.0000,0,0,多换,B,7286.0000,0.0000,0.0000,0.0000,0.0000,7294.0000,0.0000,0.0000,0.0000,0.0000,2,0,0,0,0,8,0,0,0,0
zc,TA305,2012-06-15 09:09:34.027,7290.0000,1392,0,0.0000,0.0000,0,0,多换,B,7286.0000,0.0000,0.0000,0.0000,0.0000,7294.0000,0.0000,0.0000,0.0000,0.0000,1,0,0,0,0,8,0,0,0,0
zc,TA305,2012-06-15 09:09:34.557,7290.0000,1392,0,0.0000,0.0000,0,0,多换,B,7288.0000,0.0000,0.0000,0.0000,0.0000,7294.0000,0.0000,0.0000,0.0000,0.0000,1,0,0,0,0,8,0,0,0,0
zc,TA305,2012-06-15 09:09:35.307,7290.0000,1392,0,0.0000,0.0000,0,0,多换,B,7286.0000,0.0000,0.0000,0.0000,0.0000,7294.0000,0.0000,0.0000,0.0000,0.0000,1,0,0,0,0,9,0,0,0,0
zc,TA305,2012-06-15 09:09:35.760,7290.0000,1392,0,0.0000,0.0000,0,0,多换,B,7288.0000,0.0000,0.0000,0.0000,0.0000,7294.0000,0.0000,0.0000,0.0000,0.0000,1,0,0,0,0,8,0,0,0,0
zc,TA305,2012-06-15 09:09:50.823,7290.0000,1392,0,0.0000,0.0000,0,0,多换,B,7286.0000,0.0000,0.0000,0.0000,0.0000,7294.0000,0.0000,0.0000,0.0000,0.0000,1,0,0,0,0,9,0,0,0,0
zc,TA305,2012-06-15 09:09:51.340,7290.0000,1392,0,0.0000,0.0000,0,0,多换,B,7288.0000,0.0000,0.0000,0.0000,0.0000,7294.0000,0.0000,0.0000,0.0000,0.0000,1,0,0,0,0,8,0,0,0,0
zc,TA305,2012-06-15 09:09:53.557,7290.0000,1392,0,0.0000,0.0000,0,0,多换,B,7286.0000,0.0000,0.0000,0.0000,0.0000,7294.0000,0.0000,0.0000,0.0000,0.0000,2,0,0,0,0,9,0,0,0,0
zc,TA305,2012-06-15 09:09:54.247,7290.0000,1392,0,0.0000,0.0000,0,0,多换,B,7286.0000,0.0000,0.0000,0.0000,0.0000,7294.0000,0.0000,0.0000,0.0000,0.0000,1,0,0,0,0,9,0,0,0,0
zc,TA305,2012-06-15 09:09:55.260,7290.0000,1392,0,0.0000,0.0000,0,0,多换,B,7286.0000,0.0000,0.0000,0.0000,0.0000,7294.0000,0.0000,0.0000,0.0000,0.0000,1,0,0,0,0,8,0,0,0,0
zc,TA305,2012-06-15 09:09:56.543,7290.0000,1392,0,0.0000,0.0000,0,0,多换,B,7288.0000,0.0000,0.0000,0.0000,0.0000,7294.0000,0.0000,0.0000,0.0000,0.0000,1,0,0,0,0,8,0,0,0,0
zc,TA305,2012-06-15 09:10:04.027,7290.0000,1392,0,0.0000,0.0000,0,0,多换,B,7290.0000,0.0000,0.0000,0.0000,0.0000,7294.0000,0.0000,0.0000,0.0000,0.0000,1,0,0,0,0,8,0,0,0,0
zc,TA305,2012-06-15 09:10:10.823,7290.0000,1392,0,0.0000,0.0000,0,0,多换,B,7292.0000,0.0000,0.0000,0.0000,0.0000,7294.0000,0.0000,0.0000,0.0000,0.0000,1,0,0,0,0,8,0,0,0,0
zc,TA305,2012-06-15 09:10:14.590,7294.0000,1382,-10,0.0000,12.0000,1,11,空平,B,7290.0000,0.0000,0.0000,0.0000,0.0000,7294.0000,0.0000,0.0000,0.0000,0.0000,4,0,0,0,0,2,0,0,0,0
zc,TA305,2012-06-15 09:10:15.543,7294.0000,1382,0,0.0000,0.0000,0,0,多换,B,7292.0000,0.0000,0.0000,0.0000,0.0000,7294.0000,0.0000,0.0000,0.0000,0.0000,1,0,0,0,0,2,0,0,0,0
zc,TA305,2012-06-15 09:10:16.043,7294.0000,1382,0,0.0000,0.0000,0,0,多换,B,7292.0000,0.0000,0.0000,0.0000,0.0000,7294.0000,0.0000,0.0000,0.0000,0.0000,3,0,0,0,0,2,0,0,0,0
zc,TA305,2012-06-15 09:10:16.543,7294.0000,1378,-4,0.0000,4.0000,0,4,双平,B,7294.0000,0.0000,0.0000,0.0000,0.0000,7302.0000,0.0000,0.0000,0.0000,0.0000,1,0,0,0,0,1,0,0,0,0
zc,TA305,2012-06-15 09:10:17.777,7294.0000,1378,0,0.0000,0.0000,0,0,多换,B,7294.0000,0.0000,0.0000,0.0000,0.0000,7304.0000,0.0000,0.0000,0.0000,0.0000,3,0,0,0,0,1,0,0,0,0
zc,TA305,2012-06-15 09:10:20.307,7294.0000,1378,0,0.0000,0.0000,0,0,多换,B,7296.0000,0.0000,0.0000,0.0000,0.0000,7306.0000,0.0000,0.0000,0.0000,0.0000,1,0,0,0,0,1,0,0,0,0
zc,TA305,2012-06-15 09:10:21.043,7294.0000,1378,0,0.0000,0.0000,0,0,多换,B,7294.0000,0.0000,0.0000,0.0000,0.0000,7306.0000,0.0000,0.0000,0.0000,0.0000,2,0,0,0,0,1,0,0,0,0
zc,TA305,2012-06-15 09:10:21.620,7294.0000,1378,0,0.0000,0.0000,0,0,多换,B,7294.0000,0.0000,0.0000,0.0000,0.0000,7304.0000,0.0000,0.0000,0.0000,0.0000,2,0,0,0,0,1,0,0,0,0
zc,TA305,2012-06-15 09:10:22.043,7294.0000,1378,0,0.0000,0.0000,0,0,多换,B,7294.0000,0.0000,0.0000,0.0000,0.0000,7302.0000,0.0000,0.0000,0.0000,0.0000,1,0,0,0,0,1,0,0,0,0
zc,TA305,2012-06-15 09:10:22.573,7294.0000,1378,0,0.0000,0.0000,0,0,多换,B,7294.0000,0.0000,0.0000,0.0000,0.0000,7304.0000,0.0000,0.0000,0.0000,0.0000,3,0,0,0,0,1,0,0,0,0
zc,TA305,2012-06-15 09:10:24.323,7294.0000,1378,0,0.0000,0.0000,0,0,多换,B,7294.0000,0.0000,0.0000,0.0000,0.0000,7302.0000,0.0000,0.0000,0.0000,0.0000,1,0,0,0,0,1,0,0,0,0
zc,TA305,2012-06-15 09:10:25.527,7294.0000,1378,0,0.0000,0.0000,0,0,多换,B,7292.0000,0.0000,0.0000,0.0000,0.0000,7302.0000,0.0000,0.0000,0.0000,0.0000,2,0,0,0,0,1,0,0,0,0
zc,TA305,2012-06-15 09:10:26.307,7294.0000,1378,0,0.0000,0.0000,0,0,多换,B,7294.0000,0.0000,0.0000,0.0000,0.0000,7304.0000,0.0000,0.0000,0.0000,0.0000,2,0,0,0,0,1,0,0,0,0
zc,TA305,2012-06-15 09:10:35.777,7294.0000,1378,0,0.0000,0.0000,0,0,多换,B,7294.0000,0.0000,0.0000,0.0000,0.0000,7304.0000,0.0000,0.0000,0.0000,0.0000,3,0,0,0,0,1,0,0,0,0
zc,TA305,2012-06-15 09:10:36.557,7294.0000,1378,0,0.0000,0.0000,0,0,多换,B,7294.0000,0.0000,0.0000,0.0000,0.0000,7304.0000,0.0000,0.0000,0.0000,0.0000,2,0,0,0,0,1,0,0,0,0
zc,TA305,2012-06-15 09:10:38.323,7294.0000,1378,0,0.0000,0.0000,0,0,多换,B,7294.0000,0.0000,0.0000,0.0000,0.0000,7302.0000,0.0000,0.0000,0.0000,0.0000,1,0,0,0,0,1,0,0,0,0
zc,TA305,2012-06-15 09:10:39.480,7294.0000,1378,0,0.0000,0.0000,0,0,多换,B,7292.0000,0.0000,0.0000,0.0000,0.0000,7302.0000,0.0000,0.0000,0.0000,0.0000,2,0,0,0,0,1,0,0,0,0
zc,TA305,2012-06-15 09:10:40.497,7294.0000,1378,0,0.0000,0.0000,0,0,多换,B,7292.0000,0.0000,0.0000,0.0000,0.0000,7302.0000,0.0000,0.0000,0.0000,0.0000,3,0,0,0,0,1,0,0,0,0
zc,TA305,2012-06-15 09:10:43.543,7294.0000,1378,0,0.0000,0.0000,0,0,多换,B,7292.0000,0.0000,0.0000,0.0000,0.0000,7302.0000,0.0000,0.0000,0.0000,0.0000,1,0,0,0,0,1,0,0,0,0
zc,TA305,2012-06-15 09:10:44.057,7294.0000,1378,0,0.0000,0.0000,0,0,多换,B,7292.0000,0.0000,0.0000,0.0000,0.0000,7300.0000,0.0000,0.0000,0.0000,0.0000,1,0,0,0,0,1,0,0,0,0
zc,TA305,2012-06-15 09:10:44.793,7294.0000,1378,0,0.0000,0.0000,0,0,多换,B,7290.0000,0.0000,0.0000,0.0000,0.0000,7302.0000,0.0000,0.0000,0.0000,0.0000,2,0,0,0,0,1,0,0,0,0
zc,TA305,2012-06-15 09:10:45.247,7294.0000,1378,0,0.0000,0.0000,0,0,多换,B,7290.0000,0.0000,0.0000,0.0000,0.0000,7302.0000,0.0000,0.0000,0.0000,0.0000,3,0,0,0,0,1,0,0,0,0
zc,TA305,2012-06-15 09:10:46.027,7294.0000,1378,0,0.0000,0.0000,0,0,多换,B,7290.0000,0.0000,0.0000,0.0000,0.0000,7300.0000,0.0000,0.0000,0.0000,0.0000,3,0,0,0,0,1,0,0,0,0
zc,TA305,2012-06-15 09:10:49.073,7294.0000,1378,0,0.0000,0.0000,0,0,多换,B,7290.0000,0.0000,0.0000,0.0000,0.0000,7300.0000,0.0000,0.0000,0.0000,0.0000,1,0,0,0,0,1,0,0,0,0
zc,TA305,2012-06-15 09:10:50.277,7294.0000,1378,0,0.0000,0.0000,0,0,多换,B,7290.0000,0.0000,0.0000,0.0000,0.0000,7300.0000,0.0000,0.0000,0.0000,0.0000,3,0,0,0,0,1,0,0,0,0
zc,TA305,2012-06-15 09:10:56.557,7294.0000,1378,0,0.0000,0.0000,0,0,多换,B,7290.0000,0.0000,0.0000,0.0000,0.0000,7298.0000,0.0000,0.0000,0.0000,0.0000,1,0,0,0,0,1,0,0,0,0
zc,TA305,2012-06-15 09:10:57.793,7294.0000,1378,0,0.0000,0.0000,0,0,多换,B,7288.0000,0.0000,0.0000,0.0000,0.0000,7298.0000,0.0000,0.0000,0.0000,0.0000,2,0,0,0,0,1,0,0,0,0
zc,TA305,2012-06-15 09:10:58.980,7294.0000,1378,0,0.0000,0.0000,0,0,多换,B,7288.0000,0.0000,0.0000,0.0000,0.0000,7298.0000,0.0000,0.0000,0.0000,0.0000,3,0,0,0,0,1,0,0,0,0
zc,TA305,2012-06-15 09:11:00.043,7294.0000,1378,0,0.0000,0.0000,0,0,多换,B,7288.0000,0.0000,0.0000,0.0000,0.0000,7298.0000,0.0000,0.0000,0.0000,0.0000,4,0,0,0,0,1,0,0,0,0
zc,TA305,2012-06-15 09:11:01.777,7294.0000,1378,0,0.0000,0.0000,0,0,多换,B,7288.0000,0.0000,0.0000,0.0000,0.0000,7298.0000,0.0000,0.0000,0.0000,0.0000,3,0,0,0,0,1,0,0,0,0
zc,TA305,2012-06-15 09:11:12.027,7294.0000,1378,0,0.0000,0.0000,0,0,多换,B,7288.0000,0.0000,0.0000,0.0000,0.0000,7298.0000,0.0000,0.0000,0.0000,0.0000,4,0,0,0,0,1,0,0,0,0
zc,TA305,2012-06-15 09:11:13.747,7294.0000,1378,0,0.0000,0.0000,0,0,多换,B,7288.0000,0.0000,0.0000,0.0000,0.0000,7298.0000,0.0000,0.0000,0.0000,0.0000,3,0,0,0,0,1,0,0,0,0
zc,TA305,2012-06-15 09:11:14.793,7294.0000,1378,0,0.0000,0.0000,0,0,多换,B,7288.0000,0.0000,0.0000,0.0000,0.0000,7298.0000,0.0000,0.0000,0.0000,0.0000,4,0,0,0,0,1,0,0,0,0
zc,TA305,2012-06-15 09:11:19.510,7294.0000,1378,0,0.0000,0.0000,0,0,多换,B,7288.0000,0.0000,0.0000,0.0000,0.0000,7298.0000,0.0000,0.0000,0.0000,0.0000,3,0,0,0,0,1,0,0,0,0
zc,TA305,2012-06-15 09:11:22.510,7294.0000,1378,0,0.0000,0.0000,0,0,多换,B,7288.0000,0.0000,0.0000,0.0000,0.0000,7296.0000,0.0000,0.0000,0.0000,0.0000,1,0,0,0,0,1,0,0,0,0
zc,TA305,2012-06-15 09:11:23.497,7294.0000,1378,0,0.0000,0.0000,0,0,多换,B,7286.0000,0.0000,0.0000,0.0000,0.0000,7296.0000,0.0000,0.0000,0.0000,0.0000,4,0,0,0,0,1,0,0,0,0
zc,TA305,2012-06-15 09:11:24.230,7294.0000,1378,0,0.0000,0.0000,0,0,多换,B,7286.0000,0.0000,0.0000,0.0000,0.0000,7296.0000,0.0000,0.0000,0.0000,0.0000,5,0,0,0,0,1,0,0,0,0
zc,TA305,2012-06-15 09:11:27.010,7294.0000,1378,0,0.0000,0.0000,0,0,多换,B,7286.0000,0.0000,0.0000,0.0000,0.0000,7298.0000,0.0000,0.0000,0.0000,0.0000,5,0,0,0,0,1,0,0,0,0
zc,TA305,2012-06-15 09:11:27.760,7294.0000,1378,0,0.0000,0.0000,0,0,多换,B,7286.0000,0.0000,0.0000,0.0000,0.0000,7298.0000,0.0000,0.0000,0.0000,0.0000,4,0,0,0,0,1,0,0,0,0
zc,TA305,2012-06-15 09:11:27.997,7294.0000,1378,0,0.0000,0.0000,0,0,多换,B,7286.0000,0.0000,0.0000,0.0000,0.0000,7298.0000,0.0000,0.0000,0.0000,0.0000,3,0,0,0,0,1,0,0,0,0
zc,TA305,2012-06-15 09:11:29.557,7294.0000,1378,0,0.0000,0.0000,0,0,多换,B,7286.0000,0.0000,0.0000,0.0000,0.0000,7296.0000,0.0000,0.0000,0.0000,0.0000,2,0,0,0,0,1,0,0,0,0
zc,TA305,2012-06-15 09:11:30.230,7294.0000,1378,0,0.0000,0.0000,0,0,多换,B,7286.0000,0.0000,0.0000,0.0000,0.0000,7296.0000,0.0000,0.0000,0.0000,0.0000,2,0,0,0,0,1,0,0,0,0
zc,TA305,2012-06-15 09:11:30.793,7294.0000,1378,0,0.0000,0.0000,0,0,多换,B,7286.0000,0.0000,0.0000,0.0000,0.0000,7294.0000,0.0000,0.0000,0.0000,0.0000,1,0,0,0,0,1,0,0,0,0
zc,TA305,2012-06-15 09:11:33.543,7294.0000,1378,0,0.0000,0.0000,0,0,多换,B,7286.0000,0.0000,0.0000,0.0000,0.0000,7296.0000,0.0000,0.0000,0.0000,0.0000,4,0,0,0,0,1,0,0,0,0
zc,TA305,2012-06-15 09:11:34.777,7294.0000,1378,0,0.0000,0.0000,0,0,多换,B,7286.0000,0.0000,0.0000,0.0000,0.0000,7296.0000,0.0000,0.0000,0.0000,0.0000,5,0,0,0,0,1,0,0,0,0
zc,TA305,2012-06-15 09:11:38.510,7294.0000,1378,0,0.0000,0.0000,0,0,多换,B,7286.0000,0.0000,0.0000,0.0000,0.0000,7296.0000,0.0000,0.0000,0.0000,0.0000,4,0,0,0,0,1,0,0,0,0
zc,TA305,2012-06-15 09:11:43.293,7294.0000,1378,0,0.0000,0.0000,0,0,多换,B,7286.0000,0.0000,0.0000,0.0000,0.0000,7296.0000,0.0000,0.0000,0.0000,0.0000,2,0,0,0,0,1,0,0,0,0
zc,TA305,2012-06-15 09:11:43.840,7294.0000,1378,0,0.0000,0.0000,0,0,多换,B,7286.0000,0.0000,0.0000,0.0000,0.0000,7294.0000,0.0000,0.0000,0.0000,0.0000,2,0,0,0,0,1,0,0,0,0
zc,TA305,2012-06-15 09:11:44.293,7294.0000,1378,0,0.0000,0.0000,0,0,多换,B,7286.0000,0.0000,0.0000,0.0000,0.0000,7294.0000,0.0000,0.0000,0.0000,0.0000,1,0,0,0,0,1,0,0,0,0
zc,TA305,2012-06-15 09:11:56.293,7294.0000,1378,0,0.0000,0.0000,0,0,多换,B,7286.0000,0.0000,0.0000,0.0000,0.0000,7292.0000,0.0000,0.0000,0.0000,0.0000,1,0,0,0,0,1,0,0,0,0
zc,TA305,2012-06-15 09:12:00.807,7294.0000,1378,0,0.0000,0.0000,0,0,多换,B,7286.0000,0.0000,0.0000,0.0000,0.0000,7294.0000,0.0000,0.0000,0.0000,0.0000,1,0,0,0,0,1,0,0,0,0
zc,TA305,2012-06-15 09:12:02.527,7294.0000,1378,0,0.0000,0.0000,0,0,多换,B,7286.0000,0.0000,0.0000,0.0000,0.0000,7296.0000,0.0000,0.0000,0.0000,0.0000,1,0,0,0,0,1,0,0,0,0
zc,TA305,2012-06-15 09:12:03.807,7294.0000,1378,0,0.0000,0.0000,0,0,多换,B,7286.0000,0.0000,0.0000,0.0000,0.0000,7294.0000,0.0000,0.0000,0.0000,0.0000,1,0,0,0,0,1,0,0,0,0
zc,TA305,2012-06-15 09:12:04.777,7294.0000,1378,0,0.0000,0.0000,0,0,多换,B,7286.0000,0.0000,0.0000,0.0000,0.0000,7296.0000,0.0000,0.0000,0.0000,0.0000,1,0,0,0,0,1,0,0,0,0
zc,TA305,2012-06-15 09:12:05.293,7294.0000,1378,0,0.0000,0.0000,0,0,多换,B,7286.0000,0.0000,0.0000,0.0000,0.0000,7296.0000,0.0000,0.0000,0.0000,0.0000,4,0,0,0,0,1,0,0,0,0
zc,TA305,2012-06-15 09:12:05.760,7294.0000,1378,0,0.0000,0.0000,0,0,多换,B,7286.0000,0.0000,0.0000,0.0000,0.0000,7296.0000,0.0000,0.0000,0.0000,0.0000,3,0,0,0,0,1,0,0,0,0
zc,TA305,2012-06-15 09:12:06.260,7294.0000,1378,0,0.0000,0.0000,0,0,多换,B,7286.0000,0.0000,0.0000,0.0000,0.0000,7296.0000,0.0000,0.0000,0.0000,0.0000,2,0,0,0,0,1,0,0,0,0
zc,TA305,2012-06-15 09:12:07.480,7294.0000,1378,0,0.0000,0.0000,0,0,多换,B,7286.0000,0.0000,0.0000,0.0000,0.0000,7296.0000,0.0000,0.0000,0.0000,0.0000,1,0,0,0,0,1,0,0,0,0
zc,TA305,2012-06-15 09:12:09.840,7294.0000,1378,0,0.0000,0.0000,0,0,多换,B,7286.0000,0.0000,0.0000,0.0000,0.0000,7294.0000,0.0000,0.0000,0.0000,0.0000,2,0,0,0,0,1,0,0,0,0
zc,TA305,2012-06-15 09:12:15.760,7294.0000,1378,0,0.0000,0.0000,0,0,多换,B,7286.0000,0.0000,0.0000,0.0000,0.0000,7296.0000,0.0000,0.0000,0.0000,0.0000,4,0,0,0,0,1,0,0,0,0
zc,TA305,2012-06-15 09:12:16.230,7294.0000,1378,0,0.0000,0.0000,0,0,多换,B,7286.0000,0.0000,0.0000,0.0000,0.0000,7296.0000,0.0000,0.0000,0.0000,0.0000,5,0,0,0,0,1,0,0,0,0
zc,TA305,2012-06-15 09:12:31.027,7294.0000,1378,0,0.0000,0.0000,0,0,多换,B,7286.0000,0.0000,0.0000,0.0000,0.0000,7296.0000,0.0000,0.0000,0.0000,0.0000,4,0,0,0,0,1,0,0,0,0
zc,TA305,2012-06-15 09:12:32.230,7294.0000,1378,0,0.0000,0.0000,0,0,多换,B,7286.0000,0.0000,0.0000,0.0000,0.0000,7296.0000,0.0000,0.0000,0.0000,0.0000,5,0,0,0,0,1,0,0,0,0
zc,TA305,2012-06-15 09:12:35.277,7294.0000,1378,0,0.0000,0.0000,0,0,多换,B,7288.0000,0.0000,0.0000,0.0000,0.0000,7296.0000,0.0000,0.0000,0.0000,0.0000,1,0,0,0,0,1,0,0,0,0
zc,TA305,2012-06-15 09:12:40.057,7294.0000,1378,0,0.0000,0.0000,0,0,多换,B,7288.0000,0.0000,0.0000,0.0000,0.0000,7298.0000,0.0000,0.0000,0.0000,0.0000,1,0,0,0,0,1,0,0,0,0
zc,TA305,2012-06-15 09:12:40.573,7294.0000,1378,0,0.0000,0.0000,0,0,多换,B,7288.0000,0.0000,0.0000,0.0000,0.0000,7298.0000,0.0000,0.0000,0.0000,0.0000,3,0,0,0,0,1,0,0,0,0
zc,TA305,2012-06-15 09:12:41.027,7294.0000,1378,0,0.0000,0.0000,0,0,多换,B,7288.0000,0.0000,0.0000,0.0000,0.0000,7298.0000,0.0000,0.0000,0.0000,0.0000,4,0,0,0,0,1,0,0,0,0
zc,TA305,2012-06-15 09:12:41.807,7294.0000,1378,0,0.0000,0.0000,0,0,多换,B,7290.0000,0.0000,0.0000,0.0000,0.0000,7298.0000,0.0000,0.0000,0.0000,0.0000,1,0,0,0,0,1,0,0,0,0
zc,TA305,2012-06-15 09:12:48.057,7294.0000,1378,0,0.0000,0.0000,0,0,多换,B,7292.0000,0.0000,0.0000,0.0000,0.0000,7298.0000,0.0000,0.0000,0.0000,0.0000,1,0,0,0,0,1,0,0,0,0
zc,TA305,2012-06-15 09:12:49.543,7294.0000,1378,0,0.0000,0.0000,0,0,多换,B,7292.0000,0.0000,0.0000,0.0000,0.0000,7300.0000,0.0000,0.0000,0.0000,0.0000,1,0,0,0,0,1,0,0,0,0
zc,TA305,2012-06-15 09:12:52.510,7294.0000,1378,0,0.0000,0.0000,0,0,多换,B,7294.0000,0.0000,0.0000,0.0000,0.0000,7300.0000,0.0000,0.0000,0.0000,0.0000,1,0,0,0,0,1,0,0,0,0
zc,TA305,2012-06-15 09:12:54.823,7294.0000,1378,0,0.0000,0.0000,0,0,多换,B,7294.0000,0.0000,0.0000,0.0000,0.0000,7306.0000,0.0000,0.0000,0.0000,0.0000,1,0,0,0,0,1,0,0,0,0
zc,TA305,2012-06-15 09:12:56.027,7294.0000,1378,0,0.0000,0.0000,0,0,多换,B,7294.0000,0.0000,0.0000,0.0000,0.0000,7306.0000,0.0000,0.0000,0.0000,0.0000,2,0,0,0,0,1,0,0,0,0
zc,TA305,2012-06-15 09:12:56.793,7294.0000,1378,0,0.0000,0.0000,0,0,多换,B,7294.0000,0.0000,0.0000,0.0000,0.0000,7306.0000,0.0000,0.0000,0.0000,0.0000,4,0,0,0,0,1,0,0,0,0
zc,TA305,2012-06-15 09:12:59.277,7294.0000,1378,0,0.0000,0.0000,0,0,多换,B,7294.0000,0.0000,0.0000,0.0000,0.0000,7306.0000,0.0000,0.0000,0.0000,0.0000,3,0,0,0,0,1,0,0,0,0
zc,TA305,2012-06-15 09:13:00.027,7294.0000,1378,0,0.0000,0.0000,0,0,多换,B,7294.0000,0.0000,0.0000,0.0000,0.0000,7306.0000,0.0000,0.0000,0.0000,0.0000,4,0,0,0,0,1,0,0,0,0
zc,TA305,2012-06-15 09:13:00.260,7294.0000,1378,0,0.0000,0.0000,0,0,多换,B,7294.0000,0.0000,0.0000,0.0000,0.0000,7306.0000,0.0000,0.0000,0.0000,0.0000,2,0,0,0,0,1,0,0,0,0
zc,TA305,2012-06-15 09:13:01.010,7294.0000,1378,0,0.0000,0.0000,0,0,多换,B,7294.0000,0.0000,0.0000,0.0000,0.0000,7306.0000,0.0000,0.0000,0.0000,0.0000,3,0,0,0,0,1,0,0,0,0
zc,TA305,2012-06-15 09:13:01.543,7294.0000,1378,0,0.0000,0.0000,0,0,多换,B,7296.0000,0.0000,0.0000,0.0000,0.0000,7306.0000,0.0000,0.0000,0.0000,0.0000,1,0,0,0,0,1,0,0,0,0
zc,TA305,2012-06-15 09:13:02.293,7294.0000,1378,0,0.0000,0.0000,0,0,多换,B,7296.0000,0.0000,0.0000,0.0000,0.0000,7304.0000,0.0000,0.0000,0.0000,0.0000,1,0,0,0,0,1,0,0,0,0
zc,TA305,2012-06-15 09:13:04.010,7294.0000,1378,0,0.0000,0.0000,0,0,多换,B,7296.0000,0.0000,0.0000,0.0000,0.0000,7306.0000,0.0000,0.0000,0.0000,0.0000,1,0,0,0,0,1,0,0,0,0
zc,TA305,2012-06-15 09:13:04.747,7294.0000,1378,0,0.0000,0.0000,0,0,多换,B,7294.0000,0.0000,0.0000,0.0000,0.0000,7306.0000,0.0000,0.0000,0.0000,0.0000,3,0,0,0,0,1,0,0,0,0
zc,TA305,2012-06-15 09:13:05.247,7294.0000,1378,0,0.0000,0.0000,0,0,多换,B,7296.0000,0.0000,0.0000,0.0000,0.0000,7306.0000,0.0000,0.0000,0.0000,0.0000,2,0,0,0,0,1,0,0,0,0
zc,TA305,2012-06-15 09:13:05.777,7294.0000,1378,0,0.0000,0.0000,0,0,多换,B,7294.0000,0.0000,0.0000,0.0000,0.0000,7304.0000,0.0000,0.0000,0.0000,0.0000,4,0,0,0,0,1,0,0,0,0
zc,TA305,2012-06-15 09:13:07.730,7294.0000,1378,0,0.0000,0.0000,0,0,多换,B,7294.0000,0.0000,0.0000,0.0000,0.0000,7306.0000,0.0000,0.0000,0.0000,0.0000,4,0,0,0,0,1,0,0,0,0
zc,TA305,2012-06-15 09:13:08.247,7294.0000,1378,0,0.0000,0.0000,0,0,多换,B,7294.0000,0.0000,0.0000,0.0000,0.0000,7304.0000,0.0000,0.0000,0.0000,0.0000,4,0,0,0,0,1,0,0,0,0
zc,TA305,2012-06-15 09:13:09.043,7294.0000,1378,0,0.0000,0.0000,0,0,多换,B,7296.0000,0.0000,0.0000,0.0000,0.0000,7306.0000,0.0000,0.0000,0.0000,0.0000,2,0,0,0,0,1,0,0,0,0
zc,TA305,2012-06-15 09:13:09.527,7294.0000,1378,0,0.0000,0.0000,0,0,多换,B,7294.0000,0.0000,0.0000,0.0000,0.0000,7306.0000,0.0000,0.0000,0.0000,0.0000,4,0,0,0,0,1,0,0,0,0
zc,TA305,2012-06-15 09:13:10.247,7294.0000,1378,0,0.0000,0.0000,0,0,多换,B,7294.0000,0.0000,0.0000,0.0000,0.0000,7304.0000,0.0000,0.0000,0.0000,0.0000,4,0,0,0,0,1,0,0,0,0
zc,TA305,2012-06-15 09:13:16.323,7294.0000,1378,0,0.0000,0.0000,0,0,多换,B,7294.0000,0.0000,0.0000,0.0000,0.0000,7302.0000,0.0000,0.0000,0.0000,0.0000,2,0,0,0,0,1,0,0,0,0
zc,TA305,2012-06-15 09:13:17.277,7294.0000,1378,0,0.0000,0.0000,0,0,多换,B,7294.0000,0.0000,0.0000,0.0000,0.0000,7302.0000,0.0000,0.0000,0.0000,0.0000,1,0,0,0,0,1,0,0,0,0
zc,TA305,2012-06-15 09:13:18.527,7294.0000,1378,0,0.0000,0.0000,0,0,多换,B,7292.0000,0.0000,0.0000,0.0000,0.0000,7302.0000,0.0000,0.0000,0.0000,0.0000,3,0,0,0,0,1,0,0,0,0
zc,TA305,2012-06-15 09:13:18.997,7294.0000,1378,0,0.0000,0.0000,0,0,多换,B,7292.0000,0.0000,0.0000,0.0000,0.0000,7302.0000,0.0000,0.0000,0.0000,0.0000,4,0,0,0,0,1,0,0,0,0
zc,TA305,2012-06-15 09:13:21.010,7294.0000,1378,0,0.0000,0.0000,0,0,多换,B,7294.0000,0.0000,0.0000,0.0000,0.0000,7302.0000,0.0000,0.0000,0.0000,0.0000,1,0,0,0,0,1,0,0,0,0
zc,TA305,2012-06-15 09:13:21.527,7294.0000,1378,0,0.0000,0.0000,0,0,多换,B,7294.0000,0.0000,0.0000,0.0000,0.0000,7300.0000,0.0000,0.0000,0.0000,0.0000,1,0,0,0,0,1,0,0,0,0
zc,TA305,2012-06-15 09:13:23.260,7294.0000,1378,0,0.0000,0.0000,0,0,多换,B,7292.0000,0.0000,0.0000,0.0000,0.0000,7302.0000,0.0000,0.0000,0.0000,0.0000,1,0,0,0,0,1,0,0,0,0
zc,TA305,2012-06-15 09:13:23.760,7294.0000,1378,0,0.0000,0.0000,0,0,多换,B,7294.0000,0.0000,0.0000,0.0000,0.0000,7302.0000,0.0000,0.0000,0.0000,0.0000,1,0,0,0,0,1,0,0,0,0
zc,TA305,2012-06-15 09:13:24.823,7294.0000,1378,0,0.0000,0.0000,0,0,多换,B,7294.0000,0.0000,0.0000,0.0000,0.0000,7300.0000,0.0000,0.0000,0.0000,0.0000,1,0,0,0,0,1,0,0,0,0
zc,TA305,2012-06-15 09:13:26.527,7294.0000,1378,0,0.0000,0.0000,0,0,多换,B,7294.0000,0.0000,0.0000,0.0000,0.0000,7302.0000,0.0000,0.0000,0.0000,0.0000,1,0,0,0,0,1,0,0,0,0
zc,TA305,2012-06-15 09:13:29.027,7294.0000,1378,0,0.0000,0.0000,0,0,多换,B,7294.0000,0.0000,0.0000,0.0000,0.0000,7300.0000,0.0000,0.0000,0.0000,0.0000,1,0,0,0,0,1,0,0,0,0
zc,TA305,2012-06-15 09:13:29.543,7294.0000,1378,0,0.0000,0.0000,0,0,多换,B,7294.0000,0.0000,0.0000,0.0000,0.0000,7302.0000,0.0000,0.0000,0.0000,0.0000,1,0,0,0,0,1,0,0,0,0
zc,TA305,2012-06-15 09:13:30.293,7294.0000,1378,0,0.0000,0.0000,0,0,多换,B,7296.0000,0.0000,0.0000,0.0000,0.0000,7302.0000,0.0000,0.0000,0.0000,0.0000,1,0,0,0,0,1,0,0,0,0
zc,TA305,2012-06-15 09:13:30.747,7294.0000,1378,0,0.0000,0.0000,0,0,多换,B,7294.0000,0.0000,0.0000,0.0000,0.0000,7302.0000,0.0000,0.0000,0.0000,0.0000,1,0,0,0,0,1,0,0,0,0
zc,TA305,2012-06-15 09:13:38.307,7294.0000,1378,0,0.0000,0.0000,0,0,多换,B,7292.0000,0.0000,0.0000,0.0000,0.0000,7302.0000,0.0000,0.0000,0.0000,0.0000,1,0,0,0,0,1,0,0,0,0
zc,TA305,2012-06-15 09:13:40.247,7294.0000,1378,0,0.0000,0.0000,0,0,多换,B,7292.0000,0.0000,0.0000,0.0000,0.0000,7300.0000,0.0000,0.0000,0.0000,0.0000,1,0,0,0,0,1,0,0,0,0
zc,TA305,2012-06-15 09:13:43.793,7294.0000,1378,0,0.0000,0.0000,0,0,多换,B,7294.0000,0.0000,0.0000,0.0000,0.0000,7300.0000,0.0000,0.0000,0.0000,0.0000,1,0,0,0,0,1,0,0,0,0
zc,TA305,2012-06-15 09:13:44.777,7294.0000,1378,0,0.0000,0.0000,0,0,多换,B,7292.0000,0.0000,0.0000,0.0000,0.0000,7302.0000,0.0000,0.0000,0.0000,0.0000,4,0,0,0,0,1,0,0,0,0
zc,TA305,2012-06-15 09:13:45.277,7294.0000,1378,0,0.0000,0.0000,0,0,多换,B,7294.0000,0.0000,0.0000,0.0000,0.0000,7302.0000,0.0000,0.0000,0.0000,0.0000,1,0,0,0,0,1,0,0,0,0
zc,TA305,2012-06-15 09:13:46.543,7294.0000,1378,0,0.0000,0.0000,0,0,多换,B,7292.0000,0.0000,0.0000,0.0000,0.0000,7300.0000,0.0000,0.0000,0.0000,0.0000,2,0,0,0,0,1,0,0,0,0
zc,TA305,2012-06-15 09:13:47.510,7294.0000,1378,0,0.0000,0.0000,0,0,多换,B,7292.0000,0.0000,0.0000,0.0000,0.0000,7300.0000,0.0000,0.0000,0.0000,0.0000,1,0,0,0,0,1,0,0,0,0
zc,TA305,2012-06-15 09:13:48.260,7294.0000,1378,0,0.0000,0.0000,0,0,多换,B,7294.0000,0.0000,0.0000,0.0000,0.0000,7300.0000,0.0000,0.0000,0.0000,0.0000,1,0,0,0,0,1,0,0,0,0
zc,TA305,2012-06-15 09:13:53.043,7294.0000,1378,0,0.0000,0.0000,0,0,多换,B,7292.0000,0.0000,0.0000,0.0000,0.0000,7300.0000,0.0000,0.0000,0.0000,0.0000,1,0,0,0,0,1,0,0,0,0
zc,TA305,2012-06-15 09:13:59.510,7294.0000,1378,0,0.0000,0.0000,0,0,多换,B,7294.0000,0.0000,0.0000,0.0000,0.0000,7300.0000,0.0000,0.0000,0.0000,0.0000,1,0,0,0,0,1,0,0,0,0
zc,TA305,2012-06-15 09:14:00.277,7294.0000,1378,0,0.0000,0.0000,0,0,多换,B,7292.0000,0.0000,0.0000,0.0000,0.0000,7300.0000,0.0000,0.0000,0.0000,0.0000,1,0,0,0,0,1,0,0,0,0
zc,TA305,2012-06-15 09:14:01.793,7294.0000,1378,0,0.0000,0.0000,0,0,多换,B,7294.0000,0.0000,0.0000,0.0000,0.0000,7300.0000,0.0000,0.0000,0.0000,0.0000,1,0,0,0,0,1,0,0,0,0
zc,TA305,2012-06-15 09:14:02.043,7294.0000,1378,0,0.0000,0.0000,0,0,多换,B,7294.0000,0.0000,0.0000,0.0000,0.0000,7302.0000,0.0000,0.0000,0.0000,0.0000,1,0,0,0,0,1,0,0,0,0
zc,TA305,2012-06-15 09:14:03.057,7294.0000,1378,0,0.0000,0.0000,0,0,多换,B,7292.0000,0.0000,0.0000,0.0000,0.0000,7302.0000,0.0000,0.0000,0.0000,0.0000,3,0,0,0,0,1,0,0,0,0
zc,TA305,2012-06-15 09:14:03.260,7294.0000,1378,0,0.0000,0.0000,0,0,多换,B,7292.0000,0.0000,0.0000,0.0000,0.0000,7302.0000,0.0000,0.0000,0.0000,0.0000,4,0,0,0,0,1,0,0,0,0
zc,TA305,2012-06-15 09:14:18.747,7294.0000,1378,0,0.0000,0.0000,0,0,多换,B,7292.0000,0.0000,0.0000,0.0000,0.0000,7302.0000,0.0000,0.0000,0.0000,0.0000,3,0,0,0,0,1,0,0,0,0
zc,TA305,2012-06-15 09:14:19.980,7294.0000,1378,0,0.0000,0.0000,0,0,多换,B,7292.0000,0.0000,0.0000,0.0000,0.0000,7302.0000,0.0000,0.0000,0.0000,0.0000,4,0,0,0,0,1,0,0,0,0
zc,TA305,2012-06-15 09:14:24.793,7294.0000,1378,0,0.0000,0.0000,0,0,多换,B,7292.0000,0.0000,0.0000,0.0000,0.0000,7302.0000,0.0000,0.0000,0.0000,0.0000,2,0,0,0,0,1,0,0,0,0
zc,TA305,2012-06-15 09:14:25.277,7294.0000,1378,0,0.0000,0.0000,0,0,多换,B,7292.0000,0.0000,0.0000,0.0000,0.0000,7300.0000,0.0000,0.0000,0.0000,0.0000,1,0,0,0,0,1,0,0,0,0
zc,TA305,2012-06-15 09:14:30.183,7294.0000,1378,0,0.0000,0.0000,0,0,多换,B,7292.0000,0.0000,0.0000,0.0000,0.0000,7300.0000,0.0000,0.0000,0.0000,0.0000,1,0,0,0,0,1,0,0,0,0
zc,TA305,2012-06-15 09:14:31.043,7294.0000,1378,0,0.0000,0.0000,0,0,多换,B,7290.0000,0.0000,0.0000,0.0000,0.0000,7300.0000,0.0000,0.0000,0.0000,0.0000,3,0,0,0,0,1,0,0,0,0
zc,TA305,2012-06-15 09:14:31.747,7294.0000,1378,0,0.0000,0.0000,0,0,多换,B,7290.0000,0.0000,0.0000,0.0000,0.0000,7300.0000,0.0000,0.0000,0.0000,0.0000,4,0,0,0,0,1,0,0,0,0
zc,TA305,2012-06-15 09:14:36.027,7294.0000,1378,0,0.0000,0.0000,0,0,多换,B,7292.0000,0.0000,0.0000,0.0000,0.0000,7300.0000,0.0000,0.0000,0.0000,0.0000,1,0,0,0,0,1,0,0,0,0
zc,TA305,2012-06-15 09:14:39.260,7294.0000,1378,0,0.0000,0.0000,0,0,多换,B,7292.0000,0.0000,0.0000,0.0000,0.0000,7302.0000,0.0000,0.0000,0.0000,0.0000,1,0,0,0,0,1,0,0,0,0
zc,TA305,2012-06-15 09:14:39.823,7294.0000,1378,0,0.0000,0.0000,0,0,多换,B,7292.0000,0.0000,0.0000,0.0000,0.0000,7300.0000,0.0000,0.0000,0.0000,0.0000,1,0,0,0,0,1,0,0,0,0
zc,TA305,2012-06-15 09:14:46.057,7294.0000,1378,0,0.0000,0.0000,0,0,多换,B,7292.0000,0.0000,0.0000,0.0000,0.0000,7298.0000,0.0000,0.0000,0.0000,0.0000,1,0,0,0,0,1,0,0,0,0
zc,TA305,2012-06-15 09:14:46.527,7294.0000,1378,0,0.0000,0.0000,0,0,多换,B,7292.0000,0.0000,0.0000,0.0000,0.0000,7300.0000,0.0000,0.0000,0.0000,0.0000,1,0,0,0,0,1,0,0,0,0
zc,TA305,2012-06-15 09:14:58.573,7294.0000,1378,0,0.0000,0.0000,0,0,多换,B,7294.0000,0.0000,0.0000,0.0000,0.0000,7302.0000,0.0000,0.0000,0.0000,0.0000,1,0,0,0,0,1,0,0,0,0
zc,TA305,2012-06-15 09:15:02.057,7294.0000,1378,0,0.0000,0.0000,0,0,多换,B,7292.0000,0.0000,0.0000,0.0000,0.0000,7302.0000,0.0000,0.0000,0.0000,0.0000,4,0,0,0,0,1,0,0,0,0
zc,TA305,2012-06-15 09:15:03.323,7294.0000,1378,0,0.0000,0.0000,0,0,多换,B,7294.0000,0.0000,0.0000,0.0000,0.0000,7302.0000,0.0000,0.0000,0.0000,0.0000,1,0,0,0,0,1,0,0,0,0
zc,TA305,2012-06-15 09:15:07.090,7294.0000,1378,0,0.0000,0.0000,0,0,多换,B,7294.0000,0.0000,0.0000,0.0000,0.0000,7300.0000,0.0000,0.0000,0.0000,0.0000,1,0,0,0,0,1,0,0,0,0
zc,TA305,2012-06-15 09:15:07.543,7294.0000,1378,0,0.0000,0.0000,0,0,多换,B,7294.0000,0.0000,0.0000,0.0000,0.0000,7302.0000,0.0000,0.0000,0.0000,0.0000,1,0,0,0,0,1,0,0,0,0
zc,TA305,2012-06-15 09:15:13.807,7294.0000,1378,0,0.0000,0.0000,0,0,多换,B,7294.0000,0.0000,0.0000,0.0000,0.0000,7300.0000,0.0000,0.0000,0.0000,0.0000,1,0,0,0,0,1,0,0,0,0
zc,TA305,2012-06-15 09:15:16.277,7294.0000,1378,0,0.0000,0.0000,0,0,多换,B,7294.0000,0.0000,0.0000,0.0000,0.0000,7302.0000,0.0000,0.0000,0.0000,0.0000,1,0,0,0,0,1,0,0,0,0
zc,TA305,2012-06-15 09:15:16.760,7294.0000,1378,0,0.0000,0.0000,0,0,多换,B,7294.0000,0.0000,0.0000,0.0000,0.0000,7300.0000,0.0000,0.0000,0.0000,0.0000,1,0,0,0,0,1,0,0,0,0
zc,TA305,2012-06-15 09:15:17.277,7294.0000,1378,0,0.0000,0.0000,0,0,多换,B,7292.0000,0.0000,0.0000,0.0000,0.0000,7300.0000,0.0000,0.0000,0.0000,0.0000,1,0,0,0,0,1,0,0,0,0
zc,TA305,2012-06-15 09:15:27.543,7294.0000,1378,0,0.0000,0.0000,0,0,多换,B,7292.0000,0.0000,0.0000,0.0000,0.0000,7298.0000,0.0000,0.0000,0.0000,0.0000,1,0,0,0,0,1,0,0,0,0
zc,TA305,2012-06-15 09:15:28.527,7294.0000,1378,0,0.0000,0.0000,0,0,多换,B,7292.0000,0.0000,0.0000,0.0000,0.0000,7300.0000,0.0000,0.0000,0.0000,0.0000,1,0,0,0,0,1,0,0,0,0
zc,TA305,2012-06-15 09:15:35.293,7294.0000,1378,0,0.0000,0.0000,0,0,多换,B,7294.0000,0.0000,0.0000,0.0000,0.0000,7300.0000,0.0000,0.0000,0.0000,0.0000,1,0,0,0,0,1,0,0,0,0
zc,TA305,2012-06-15 09:15:35.807,7294.0000,1378,0,0.0000,0.0000,0,0,多换,B,7292.0000,0.0000,0.0000,0.0000,0.0000,7300.0000,0.0000,0.0000,0.0000,0.0000,1,0,0,0,0,1,0,0,0,0
zc,TA305,2012-06-15 09:15:40.027,7294.0000,1378,0,0.0000,0.0000,0,0,多换,B,7290.0000,0.0000,0.0000,0.0000,0.0000,7300.0000,0.0000,0.0000,0.0000,0.0000,3,0,0,0,0,1,0,0,0,0
zc,TA305,2012-06-15 09:15:40.497,7294.0000,1378,0,0.0000,0.0000,0,0,多换,B,7290.0000,0.0000,0.0000,0.0000,0.0000,7300.0000,0.0000,0.0000,0.0000,0.0000,4,0,0,0,0,1,0,0,0,0
zc,TA305,2012-06-15 09:15:41.807,7294.0000,1378,0,0.0000,0.0000,0,0,多换,B,7290.0000,0.0000,0.0000,0.0000,0.0000,7298.0000,0.0000,0.0000,0.0000,0.0000,2,0,0,0,0,1,0,0,0,0
zc,TA305,2012-06-15 09:15:43.057,7294.0000,1378,0,0.0000,0.0000,0,0,多换,B,7292.0000,0.0000,0.0000,0.0000,0.0000,7298.0000,0.0000,0.0000,0.0000,0.0000,1,0,0,0,0,1,0,0,0,0
zc,TA305,2012-06-15 09:15:43.527,7294.0000,1378,0,0.0000,0.0000,0,0,多换,B,7290.0000,0.0000,0.0000,0.0000,0.0000,7298.0000,0.0000,0.0000,0.0000,0.0000,1,0,0,0,0,1,0,0,0,0
zc,TA305,2012-06-15 09:15:48.260,7294.0000,1378,0,0.0000,0.0000,0,0,多换,B,7288.0000,0.0000,0.0000,0.0000,0.0000,7298.0000,0.0000,0.0000,0.0000,0.0000,3,0,0,0,0,1,0,0,0,0
zc,TA305,2012-06-15 09:15:49.527,7294.0000,1378,0,0.0000,0.0000,0,0,多换,B,7288.0000,0.0000,0.0000,0.0000,0.0000,7296.0000,0.0000,0.0000,0.0000,0.0000,2,0,0,0,0,1,0,0,0,0
zc,TA305,2012-06-15 09:15:51.247,7294.0000,1378,0,0.0000,0.0000,0,0,多换,B,7288.0000,0.0000,0.0000,0.0000,0.0000,7296.0000,0.0000,0.0000,0.0000,0.0000,1,0,0,0,0,1,0,0,0,0
zc,TA305,2012-06-15 09:15:52.043,7294.0000,1378,0,0.0000,0.0000,0,0,多换,B,7286.0000,0.0000,0.0000,0.0000,0.0000,7296.0000,0.0000,0.0000,0.0000,0.0000,5,0,0,0,0,1,0,0,0,0
zc,TA305,2012-06-15 09:15:54.543,7294.0000,1378,0,0.0000,0.0000,0,0,多换,B,7288.0000,0.0000,0.0000,0.0000,0.0000,7298.0000,0.0000,0.0000,0.0000,0.0000,2,0,0,0,0,1,0,0,0,0
zc,TA305,2012-06-15 09:15:58.027,7294.0000,1378,0,0.0000,0.0000,0,0,多换,B,7286.0000,0.0000,0.0000,0.0000,0.0000,7298.0000,0.0000,0.0000,0.0000,0.0000,5,0,0,0,0,1,0,0,0,0
zc,TA305,2012-06-15 09:15:59.777,7294.0000,1378,0,0.0000,0.0000,0,0,多换,B,7286.0000,0.0000,0.0000,0.0000,0.0000,7298.0000,0.0000,0.0000,0.0000,0.0000,4,0,0,0,0,1,0,0,0,0
zc,TA305,2012-06-15 09:16:00.307,7294.0000,1378,0,0.0000,0.0000,0,0,多换,B,7286.0000,0.0000,0.0000,0.0000,0.0000,7294.0000,0.0000,0.0000,0.0000,0.0000,2,0,0,0,0,1,0,0,0,0
zc,TA305,2012-06-15 09:16:01.323,7294.0000,1378,0,0.0000,0.0000,0,0,多换,B,7286.0000,0.0000,0.0000,0.0000,0.0000,7296.0000,0.0000,0.0000,0.0000,0.0000,4,0,0,0,0,1,0,0,0,0
zc,TA305,2012-06-15 09:16:02.557,7294.0000,1378,0,0.0000,0.0000,0,0,多换,B,7286.0000,0.0000,0.0000,0.0000,0.0000,7294.0000,0.0000,0.0000,0.0000,0.0000,2,0,0,0,0,1,0,0,0,0
zc,TA305,2012-06-15 09:16:03.747,7294.0000,1378,0,0.0000,0.0000,0,0,多换,B,7286.0000,0.0000,0.0000,0.0000,0.0000,7296.0000,0.0000,0.0000,0.0000,0.0000,2,0,0,0,0,1,0,0,0,0
zc,TA305,2012-06-15 09:16:04.307,7294.0000,1378,0,0.0000,0.0000,0,0,多换,B,7286.0000,0.0000,0.0000,0.0000,0.0000,7294.0000,0.0000,0.0000,0.0000,0.0000,1,0,0,0,0,1,0,0,0,0
zc,TA305,2012-06-15 09:16:09.107,7294.0000,1378,0,0.0000,0.0000,0,0,多换,B,7286.0000,0.0000,0.0000,0.0000,0.0000,7292.0000,0.0000,0.0000,0.0000,0.0000,1,0,0,0,0,1,0,0,0,0
zc,TA305,2012-06-15 09:16:15.777,7294.0000,1378,0,0.0000,0.0000,0,0,多换,B,7286.0000,0.0000,0.0000,0.0000,0.0000,7290.0000,0.0000,0.0000,0.0000,0.0000,1,0,0,0,0,1,0,0,0,0
zc,TA305,2012-06-15 09:16:17.043,7294.0000,1378,0,0.0000,0.0000,0,0,多换,B,7286.0000,0.0000,0.0000,0.0000,0.0000,7292.0000,0.0000,0.0000,0.0000,0.0000,1,0,0,0,0,1,0,0,0,0
zc,TA305,2012-06-15 09:16:20.010,7294.0000,1378,0,0.0000,0.0000,0,0,多换,B,7286.0000,0.0000,0.0000,0.0000,0.0000,7290.0000,0.0000,0.0000,0.0000,0.0000,1,0,0,0,0,1,0,0,0,0
zc,TA305,2012-06-15 09:16:20.543,7294.0000,1378,0,0.0000,0.0000,0,0,多换,B,7286.0000,0.0000,0.0000,0.0000,0.0000,7292.0000,0.0000,0.0000,0.0000,0.0000,1,0,0,0,0,1,0,0,0,0
zc,TA305,2012-06-15 09:16:21.010,7294.0000,1378,0,0.0000,0.0000,0,0,多换,B,7286.0000,0.0000,0.0000,0.0000,0.0000,7290.0000,0.0000,0.0000,0.0000,0.0000,1,0,0,0,0,1,0,0,0,0
zc,TA305,2012-06-15 09:16:24.027,7294.0000,1378,0,0.0000,0.0000,0,0,多换,B,7286.0000,0.0000,0.0000,0.0000,0.0000,7292.0000,0.0000,0.0000,0.0000,0.0000,1,0,0,0,0,1,0,0,0,0
zc,TA305,2012-06-15 09:16:26.543,7294.0000,1378,0,0.0000,0.0000,0,0,多换,B,7286.0000,0.0000,0.0000,0.0000,0.0000,7290.0000,0.0000,0.0000,0.0000,0.0000,2,0,0,0,0,1,0,0,0,0
zc,TA305,2012-06-15 09:16:27.543,7294.0000,1378,0,0.0000,0.0000,0,0,多换,B,7286.0000,0.0000,0.0000,0.0000,0.0000,7292.0000,0.0000,0.0000,0.0000,0.0000,2,0,0,0,0,1,0,0,0,0
zc,TA305,2012-06-15 09:16:31.823,7294.0000,1378,0,0.0000,0.0000,0,0,多换,B,7286.0000,0.0000,0.0000,0.0000,0.0000,7290.0000,0.0000,0.0000,0.0000,0.0000,2,0,0,0,0,1,0,0,0,0
zc,TA305,2012-06-15 09:16:32.557,7294.0000,1378,0,0.0000,0.0000,0,0,多换,B,7286.0000,0.0000,0.0000,0.0000,0.0000,7292.0000,0.0000,0.0000,0.0000,0.0000,2,0,0,0,0,1,0,0,0,0
zc,TA305,2012-06-15 09:16:34.357,7294.0000,1378,0,0.0000,0.0000,0,0,多换,B,7286.0000,0.0000,0.0000,0.0000,0.0000,7290.0000,0.0000,0.0000,0.0000,0.0000,2,0,0,0,0,1,0,0,0,0
zc,TA305,2012-06-15 09:16:46.043,7294.0000,1378,0,0.0000,0.0000,0,0,多换,B,7286.0000,0.0000,0.0000,0.0000,0.0000,7288.0000,0.0000,0.0000,0.0000,0.0000,2,0,0,0,0,1,0,0,0,0
zc,TA305,2012-06-15 09:16:47.260,7286.0000,1380,2,0.0000,2.0000,2,0,双开,S,7286.0000,0.0000,0.0000,0.0000,0.0000,7290.0000,0.0000,0.0000,0.0000,0.0000,1,0,0,0,0,1,0,0,0,0
zc,TA305,2012-06-15 09:16:51.293,7286.0000,1380,0,0.0000,0.0000,0,0,空换,S,7286.0000,0.0000,0.0000,0.0000,0.0000,7292.0000,0.0000,0.0000,0.0000,0.0000,1,0,0,0,0,1,0,0,0,0
zc,TA305,2012-06-15 09:16:54.793,7286.0000,1380,0,0.0000,0.0000,0,0,空换,S,7286.0000,0.0000,0.0000,0.0000,0.0000,7290.0000,0.0000,0.0000,0.0000,0.0000,1,0,0,0,0,1,0,0,0,0
zc,TA305,2012-06-15 09:16:55.323,7286.0000,1380,0,0.0000,0.0000,0,0,空换,S,7286.0000,0.0000,0.0000,0.0000,0.0000,7292.0000,0.0000,0.0000,0.0000,0.0000,1,0,0,0,0,1,0,0,0,0
zc,TA305,2012-06-15 09:16:56.010,7286.0000,1380,0,0.0000,0.0000,0,0,空换,S,7286.0000,0.0000,0.0000,0.0000,0.0000,7290.0000,0.0000,0.0000,0.0000,0.0000,1,0,0,0,0,1,0,0,0,0
zc,TA305,2012-06-15 09:16:57.497,7286.0000,1380,0,0.0000,0.0000,0,0,空换,S,7286.0000,0.0000,0.0000,0.0000,0.0000,7292.0000,0.0000,0.0000,0.0000,0.0000,1,0,0,0,0,1,0,0,0,0
zc,TA305,2012-06-15 09:16:58.260,7286.0000,1380,0,0.0000,0.0000,0,0,空换,S,7286.0000,0.0000,0.0000,0.0000,0.0000,7290.0000,0.0000,0.0000,0.0000,0.0000,1,0,0,0,0,1,0,0,0,0
zc,TA305,2012-06-15 09:16:59.260,7286.0000,1380,0,0.0000,0.0000,0,0,空换,S,7286.0000,0.0000,0.0000,0.0000,0.0000,7292.0000,0.0000,0.0000,0.0000,0.0000,1,0,0,0,0,1,0,0,0,0
zc,TA305,2012-06-15 09:17:00.027,7286.0000,1380,0,0.0000,0.0000,0,0,空换,S,7286.0000,0.0000,0.0000,0.0000,0.0000,7290.0000,0.0000,0.0000,0.0000,0.0000,1,0,0,0,0,1,0,0,0,0
zc,TA305,2012-06-15 09:17:09.307,7286.0000,1380,0,0.0000,0.0000,0,0,空换,S,7286.0000,0.0000,0.0000,0.0000,0.0000,7292.0000,0.0000,0.0000,0.0000,0.0000,1,0,0,0,0,1,0,0,0,0
zc,TA305,2012-06-15 09:17:29.260,7286.0000,1380,0,0.0000,0.0000,0,0,空换,S,7286.0000,0.0000,0.0000,0.0000,0.0000,7290.0000,0.0000,0.0000,0.0000,0.0000,1,0,0,0,0,1,0,0,0,0
zc,TA305,2012-06-15 09:18:39.043,7286.0000,1380,0,0.0000,0.0000,0,0,空换,S,7286.0000,0.0000,0.0000,0.0000,0.0000,7288.0000,0.0000,0.0000,0.0000,0.0000,1,0,0,0,0,1,0,0,0,0
zc,TA305,2012-06-15 09:18:40.027,7286.0000,1380,0,0.0000,0.0000,0,0,空换,S,7286.0000,0.0000,0.0000,0.0000,0.0000,7290.0000,0.0000,0.0000,0.0000,0.0000,1,0,0,0,0,1,0,0,0,0
zc,TA305,2012-06-15 09:18:41.980,7286.0000,1380,0,0.0000,0.0000,0,0,空换,S,7286.0000,0.0000,0.0000,0.0000,0.0000,7288.0000,0.0000,0.0000,0.0000,0.0000,1,0,0,0,0,1,0,0,0,0
zc,TA305,2012-06-15 09:18:44.777,7286.0000,1382,2,0.0000,2.0000,2,0,双开,S,7280.0000,0.0000,0.0000,0.0000,0.0000,7288.0000,0.0000,0.0000,0.0000,0.0000,1,0,0,0,0,1,0,0,0,0
zc,TA305,2012-06-15 09:18:46.027,7286.0000,1382,0,0.0000,0.0000,0,0,空换,S,7280.0000,0.0000,0.0000,0.0000,0.0000,7290.0000,0.0000,0.0000,0.0000,0.0000,1,0,0,0,0,1,0,0,0,0
zc,TA305,2012-06-15 09:18:46.510,7286.0000,1382,0,0.0000,0.0000,0,0,空换,S,7280.0000,0.0000,0.0000,0.0000,0.0000,7288.0000,0.0000,0.0000,0.0000,0.0000,1,0,0,0,0,1,0,0,0,0
zc,TA305,2012-06-15 09:18:49.230,7288.0000,1384,2,0.0000,2.0000,2,0,双开,B,7280.0000,0.0000,0.0000,0.0000,0.0000,7290.0000,0.0000,0.0000,0.0000,0.0000,1,0,0,0,0,1,0,0,0,0
zc,TA305,2012-06-15 09:18:50.510,7288.0000,1384,0,0.0000,0.0000,0,0,多换,B,7278.0000,0.0000,0.0000,0.0000,0.0000,7290.0000,0.0000,0.0000,0.0000,0.0000,3,0,0,0,0,1,0,0,0,0
zc,TA305,2012-06-15 09:18:51.010,7288.0000,1384,0,0.0000,0.0000,0,0,多换,B,7278.0000,0.0000,0.0000,0.0000,0.0000,7288.0000,0.0000,0.0000,0.0000,0.0000,4,0,0,0,0,1,0,0,0,0
zc,TA305,2012-06-15 09:18:51.760,7288.0000,1384,0,0.0000,0.0000,0,0,多换,B,7280.0000,0.0000,0.0000,0.0000,0.0000,7288.0000,0.0000,0.0000,0.0000,0.0000,1,0,0,0,0,1,0,0,0,0
zc,TA305,2012-06-15 09:18:52.247,7288.0000,1384,0,0.0000,0.0000,0,0,多换,B,7278.0000,0.0000,0.0000,0.0000,0.0000,7288.0000,0.0000,0.0000,0.0000,0.0000,4,0,0,0,0,1,0,0,0,0
zc,TA305,2012-06-15 09:18:53.260,7288.0000,1384,0,0.0000,0.0000,0,0,多换,B,7280.0000,0.0000,0.0000,0.0000,0.0000,7288.0000,0.0000,0.0000,0.0000,0.0000,1,0,0,0,0,1,0,0,0,0
zc,TA305,2012-06-15 09:18:55.760,7288.0000,1384,0,0.0000,0.0000,0,0,多换,B,7278.0000,0.0000,0.0000,0.0000,0.0000,7288.0000,0.0000,0.0000,0.0000,0.0000,4,0,0,0,0,1,0,0,0,0
zc,TA305,2012-06-15 09:19:05.760,7288.0000,1384,0,0.0000,0.0000,0,0,多换,B,7280.0000,0.0000,0.0000,0.0000,0.0000,7288.0000,0.0000,0.0000,0.0000,0.0000,10,0,0,0,0,1,0,0,0,0
zc,TA305,2012-06-15 09:19:24.777,7288.0000,1384,0,0.0000,0.0000,0,0,多换,B,7280.0000,0.0000,0.0000,0.0000,0.0000,7288.0000,0.0000,0.0000,0.0000,0.0000,4,0,0,0,0,1,0,0,0,0
zc,TA305,2012-06-15 09:19:25.277,7288.0000,1384,0,0.0000,0.0000,0,0,多换,B,7280.0000,0.0000,0.0000,0.0000,0.0000,7288.0000,0.0000,0.0000,0.0000,0.0000,10,0,0,0,0,1,0,0,0,0
zc,TA305,2012-06-15 09:19:25.997,7288.0000,1384,0,0.0000,0.0000,0,0,多换,B,7280.0000,0.0000,0.0000,0.0000,0.0000,7288.0000,0.0000,0.0000,0.0000,0.0000,7,0,0,0,0,1,0,0,0,0
zc,TA305,2012-06-15 09:19:27.010,7288.0000,1384,0,0.0000,0.0000,0,0,多换,B,7280.0000,0.0000,0.0000,0.0000,0.0000,7288.0000,0.0000,0.0000,0.0000,0.0000,4,0,0,0,0,1,0,0,0,0
zc,TA305,2012-06-15 09:19:27.510,7288.0000,1384,0,0.0000,0.0000,0,0,多换,B,7278.0000,0.0000,0.0000,0.0000,0.0000,7288.0000,0.0000,0.0000,0.0000,0.0000,11,0,0,0,0,1,0,0,0,0
zc,TA305,2012-06-15 09:19:28.260,7288.0000,1384,0,0.0000,0.0000,0,0,多换,B,7278.0000,0.0000,0.0000,0.0000,0.0000,7288.0000,0.0000,0.0000,0.0000,0.0000,10,0,0,0,0,1,0,0,0,0
zc,TA305,2012-06-15 09:19:28.807,7288.0000,1384,0,0.0000,0.0000,0,0,多换,B,7278.0000,0.0000,0.0000,0.0000,0.0000,7288.0000,0.0000,0.0000,0.0000,0.0000,11,0,0,0,0,1,0,0,0,0
zc,TA305,2012-06-15 09:19:30.510,7288.0000,1384,0,0.0000,0.0000,0,0,多换,B,7280.0000,0.0000,0.0000,0.0000,0.0000,7288.0000,0.0000,0.0000,0.0000,0.0000,9,0,0,0,0,1,0,0,0,0
zc,TA305,2012-06-15 09:19:31.260,7288.0000,1384,0,0.0000,0.0000,0,0,多换,B,7278.0000,0.0000,0.0000,0.0000,0.0000,7286.0000,0.0000,0.0000,0.0000,0.0000,14,0,0,0,0,1,0,0,0,0
zc,TA305,2012-06-15 09:19:31.543,7288.0000,1384,0,0.0000,0.0000,0,0,多换,B,7278.0000,0.0000,0.0000,0.0000,0.0000,7288.0000,0.0000,0.0000,0.0000,0.0000,14,0,0,0,0,1,0,0,0,0
zc,TA305,2012-06-15 09:19:32.807,7288.0000,1384,0,0.0000,0.0000,0,0,多换,B,7278.0000,0.0000,0.0000,0.0000,0.0000,7286.0000,0.0000,0.0000,0.0000,0.0000,14,0,0,0,0,1,0,0,0,0
zc,TA305,2012-06-15 09:19:33.497,7288.0000,1384,0,0.0000,0.0000,0,0,多换,B,7278.0000,0.0000,0.0000,0.0000,0.0000,7286.0000,0.0000,0.0000,0.0000,0.0000,13,0,0,0,0,1,0,0,0,0
zc,TA305,2012-06-15 09:19:35.793,7288.0000,1384,0,0.0000,0.0000,0,0,多换,B,7280.0000,0.0000,0.0000,0.0000,0.0000,7288.0000,0.0000,0.0000,0.0000,0.0000,5,0,0,0,0,1,0,0,0,0
zc,TA305,2012-06-15 09:19:36.777,7288.0000,1384,0,0.0000,0.0000,0,0,多换,B,7280.0000,0.0000,0.0000,0.0000,0.0000,7288.0000,0.0000,0.0000,0.0000,0.0000,1,0,0,0,0,1,0,0,0,0
zc,TA305,2012-06-15 09:19:38.057,7288.0000,1384,0,0.0000,0.0000,0,0,多换,B,7278.0000,0.0000,0.0000,0.0000,0.0000,7288.0000,0.0000,0.0000,0.0000,0.0000,14,0,0,0,0,1,0,0,0,0
zc,TA305,2012-06-15 09:19:38.497,7288.0000,1384,0,0.0000,0.0000,0,0,多换,B,7278.0000,0.0000,0.0000,0.0000,0.0000,7286.0000,0.0000,0.0000,0.0000,0.0000,14,0,0,0,0,1,0,0,0,0
zc,TA305,2012-06-15 09:19:39.260,7288.0000,1384,0,0.0000,0.0000,0,0,多换,B,7278.0000,0.0000,0.0000,0.0000,0.0000,7286.0000,0.0000,0.0000,0.0000,0.0000,13,0,0,0,0,1,0,0,0,0
zc,TA305,2012-06-15 09:20:00.010,7288.0000,1384,0,0.0000,0.0000,0,0,多换,B,7280.0000,0.0000,0.0000,0.0000,0.0000,7288.0000,0.0000,0.0000,0.0000,0.0000,6,0,0,0,0,1,0,0,0,0
zc,TA305,2012-06-15 09:20:00.527,7288.0000,1384,0,0.0000,0.0000,0,0,多换,B,7280.0000,0.0000,0.0000,0.0000,0.0000,7288.0000,0.0000,0.0000,0.0000,0.0000,4,0,0,0,0,1,0,0,0,0
zc,TA305,2012-06-15 09:20:01.260,7288.0000,1384,0,0.0000,0.0000,0,0,多换,B,7280.0000,0.0000,0.0000,0.0000,0.0000,7288.0000,0.0000,0.0000,0.0000,0.0000,1,0,0,0,0,1,0,0,0,0
zc,TA305,2012-06-15 09:20:02.527,7288.0000,1384,0,0.0000,0.0000,0,0,多换,B,7278.0000,0.0000,0.0000,0.0000,0.0000,7286.0000,0.0000,0.0000,0.0000,0.0000,14,0,0,0,0,1,0,0,0,0
zc,TA305,2012-06-15 09:20:03.497,7288.0000,1384,0,0.0000,0.0000,0,0,多换,B,7282.0000,0.0000,0.0000,0.0000,0.0000,7286.0000,0.0000,0.0000,0.0000,0.0000,1,0,0,0,0,1,0,0,0,0
zc,TA305,2012-06-15 09:20:27.027,7288.0000,1384,0,0.0000,0.0000,0,0,多换,B,7282.0000,0.0000,0.0000,0.0000,0.0000,7288.0000,0.0000,0.0000,0.0000,0.0000,1,0,0,0,0,1,0,0,0,0
zc,TA305,2012-06-15 09:20:30.213,7288.0000,1384,0,0.0000,0.0000,0,0,多换,B,7282.0000,0.0000,0.0000,0.0000,0.0000,7288.0000,0.0000,0.0000,0.0000,0.0000,1,0,0,0,0,1,0,0,0,0
zc,TA305,2012-06-15 09:20:42.213,7288.0000,1386,2,0.0000,2.0000,2,0,双开,B,7282.0000,0.0000,0.0000,0.0000,0.0000,7290.0000,0.0000,0.0000,0.0000,0.0000,1,0,0,0,0,1,0,0,0,0
zc,TA305,2012-06-15 09:21:09.760,7288.0000,1386,0,0.0000,0.0000,0,0,多换,B,7282.0000,0.0000,0.0000,0.0000,0.0000,7290.0000,0.0000,0.0000,0.0000,0.0000,2,0,0,0,0,1,0,0,0,0
zc,TA305,2012-06-15 09:21:11.027,7288.0000,1386,0,0.0000,0.0000,0,0,多换,B,7282.0000,0.0000,0.0000,0.0000,0.0000,7290.0000,0.0000,0.0000,0.0000,0.0000,1,0,0,0,0,1,0,0,0,0
zc,TA305,2012-06-15 09:21:11.510,7288.0000,1386,0,0.0000,0.0000,0,0,多换,B,7282.0000,0.0000,0.0000,0.0000,0.0000,7290.0000,0.0000,0.0000,0.0000,0.0000,2,0,0,0,0,1,0,0,0,0
zc,TA305,2012-06-15 09:21:12.307,7288.0000,1386,0,0.0000,0.0000,0,0,多换,B,7282.0000,0.0000,0.0000,0.0000,0.0000,7290.0000,0.0000,0.0000,0.0000,0.0000,1,0,0,0,0,1,0,0,0,0
zc,TA305,2012-06-15 09:21:13.777,7288.0000,1386,0,0.0000,0.0000,0,0,多换,B,7282.0000,0.0000,0.0000,0.0000,0.0000,7292.0000,0.0000,0.0000,0.0000,0.0000,4,0,0,0,0,1,0,0,0,0
zc,TA305,2012-06-15 09:21:14.497,7288.0000,1386,0,0.0000,0.0000,0,0,多换,B,7282.0000,0.0000,0.0000,0.0000,0.0000,7292.0000,0.0000,0.0000,0.0000,0.0000,5,0,0,0,0,1,0,0,0,0
zc,TA305,2012-06-15 09:21:15.497,7288.0000,1386,0,0.0000,0.0000,0,0,多换,B,7282.0000,0.0000,0.0000,0.0000,0.0000,7292.0000,0.0000,0.0000,0.0000,0.0000,6,0,0,0,0,1,0,0,0,0
zc,TA305,2012-06-15 09:21:15.980,7288.0000,1386,0,0.0000,0.0000,0,0,多换,B,7282.0000,0.0000,0.0000,0.0000,0.0000,7292.0000,0.0000,0.0000,0.0000,0.0000,5,0,0,0,0,1,0,0,0,0
zc,TA305,2012-06-15 09:21:17.277,7288.0000,1386,0,0.0000,0.0000,0,0,多换,B,7282.0000,0.0000,0.0000,0.0000,0.0000,7290.0000,0.0000,0.0000,0.0000,0.0000,1,0,0,0,0,1,0,0,0,0
zc,TA305,2012-06-15 09:21:18.293,7288.0000,1386,0,0.0000,0.0000,0,0,多换,B,7282.0000,0.0000,0.0000,0.0000,0.0000,7292.0000,0.0000,0.0000,0.0000,0.0000,1,0,0,0,0,1,0,0,0,0
zc,TA305,2012-06-15 09:21:19.260,7288.0000,1386,0,0.0000,0.0000,0,0,多换,B,7282.0000,0.0000,0.0000,0.0000,0.0000,7290.0000,0.0000,0.0000,0.0000,0.0000,1,0,0,0,0,1,0,0,0,0
zc,TA305,2012-06-15 09:21:20.043,7288.0000,1386,0,0.0000,0.0000,0,0,多换,B,7282.0000,0.0000,0.0000,0.0000,0.0000,7290.0000,0.0000,0.0000,0.0000,0.0000,2,0,0,0,0,1,0,0,0,0
zc,TA305,2012-06-15 09:21:20.527,7288.0000,1386,0,0.0000,0.0000,0,0,多换,B,7282.0000,0.0000,0.0000,0.0000,0.0000,7290.0000,0.0000,0.0000,0.0000,0.0000,1,0,0,0,0,1,0,0,0,0
zc,TA305,2012-06-15 09:21:23.010,7288.0000,1386,0,0.0000,0.0000,0,0,多换,B,7282.0000,0.0000,0.0000,0.0000,0.0000,7290.0000,0.0000,0.0000,0.0000,0.0000,2,0,0,0,0,1,0,0,0,0
zc,TA305,2012-06-15 09:21:26.293,7288.0000,1386,0,0.0000,0.0000,0,0,多换,B,7282.0000,0.0000,0.0000,0.0000,0.0000,7292.0000,0.0000,0.0000,0.0000,0.0000,3,0,0,0,0,1,0,0,0,0
zc,TA305,2012-06-15 09:21:26.777,7288.0000,1386,0,0.0000,0.0000,0,0,多换,B,7282.0000,0.0000,0.0000,0.0000,0.0000,7292.0000,0.0000,0.0000,0.0000,0.0000,12,0,0,0,0,1,0,0,0,0
zc,TA305,2012-06-15 09:21:29.950,7288.0000,1386,0,0.0000,0.0000,0,0,多换,B,7282.0000,0.0000,0.0000,0.0000,0.0000,7292.0000,0.0000,0.0000,0.0000,0.0000,12,0,0,0,0,1,0,0,0,0
zc,TA305,2012-06-15 09:21:52.543,7288.0000,1386,0,0.0000,0.0000,0,0,多换,B,7284.0000,0.0000,0.0000,0.0000,0.0000,7294.0000,0.0000,0.0000,0.0000,0.0000,10,0,0,0,0,2,0,0,0,0
zc,TA305,2012-06-15 09:22:02.230,7288.0000,1386,0,0.0000,0.0000,0,0,多换,B,7284.0000,0.0000,0.0000,0.0000,0.0000,7294.0000,0.0000,0.0000,0.0000,0.0000,10,0,0,0,0,1,0,0,0,0
zc,TA305,2012-06-15 09:22:03.510,7288.0000,1386,0,0.0000,0.0000,0,0,多换,B,7284.0000,0.0000,0.0000,0.0000,0.0000,7294.0000,0.0000,0.0000,0.0000,0.0000,10,0,0,0,0,2,0,0,0,0
zc,TA305,2012-06-15 09:22:03.963,7288.0000,1386,0,0.0000,0.0000,0,0,多换,B,7284.0000,0.0000,0.0000,0.0000,0.0000,7294.0000,0.0000,0.0000,0.0000,0.0000,11,0,0,0,0,2,0,0,0,0
zc,TA305,2012-06-15 09:22:04.510,7288.0000,1386,0,0.0000,0.0000,0,0,多换,B,7284.0000,0.0000,0.0000,0.0000,0.0000,7294.0000,0.0000,0.0000,0.0000,0.0000,11,0,0,0,0,1,0,0,0,0
zc,TA305,2012-06-15 09:22:06.213,7288.0000,1386,0,0.0000,0.0000,0,0,多换,B,7284.0000,0.0000,0.0000,0.0000,0.0000,7294.0000,0.0000,0.0000,0.0000,0.0000,10,0,0,0,0,1,0,0,0,0
zc,TA305,2012-06-15 09:22:08.510,7288.0000,1386,0,0.0000,0.0000,0,0,多换,B,7284.0000,0.0000,0.0000,0.0000,0.0000,7294.0000,0.0000,0.0000,0.0000,0.0000,11,0,0,0,0,1,0,0,0,0
zc,TA305,2012-06-15 09:22:09.463,7288.0000,1386,0,0.0000,0.0000,0,0,多换,B,7284.0000,0.0000,0.0000,0.0000,0.0000,7294.0000,0.0000,0.0000,0.0000,0.0000,11,0,0,0,0,2,0,0,0,0
zc,TA305,2012-06-15 09:22:10.480,7288.0000,1386,0,0.0000,0.0000,0,0,多换,B,7284.0000,0.0000,0.0000,0.0000,0.0000,7294.0000,0.0000,0.0000,0.0000,0.0000,10,0,0,0,0,2,0,0,0,0
zc,TA305,2012-06-15 09:22:29.950,7288.0000,1386,0,0.0000,0.0000,0,0,多换,B,7284.0000,0.0000,0.0000,0.0000,0.0000,7294.0000,0.0000,0.0000,0.0000,0.0000,10,0,0,0,0,2,0,0,0,0
zc,TA305,2012-06-15 09:22:32.010,7288.0000,1386,0,0.0000,0.0000,0,0,多换,B,7282.0000,0.0000,0.0000,0.0000,0.0000,7292.0000,0.0000,0.0000,0.0000,0.0000,11,0,0,0,0,1,0,0,0,0
zc,TA305,2012-06-15 09:22:52.497,7288.0000,1386,0,0.0000,0.0000,0,0,多换,B,7282.0000,0.0000,0.0000,0.0000,0.0000,7290.0000,0.0000,0.0000,0.0000,0.0000,1,0,0,0,0,1,0,0,0,0
zc,TA305,2012-06-15 09:23:02.747,7288.0000,1386,0,0.0000,0.0000,0,0,多换,B,7282.0000,0.0000,0.0000,0.0000,0.0000,7292.0000,0.0000,0.0000,0.0000,0.0000,11,0,0,0,0,1,0,0,0,0
zc,TA305,2012-06-15 09:23:14.073,7288.0000,1386,0,0.0000,0.0000,0,0,多换,B,7282.0000,0.0000,0.0000,0.0000,0.0000,7292.0000,0.0000,0.0000,0.0000,0.0000,7,0,0,0,0,1,0,0,0,0
zc,TA305,2012-06-15 09:23:15.247,7288.0000,1386,0,0.0000,0.0000,0,0,多换,B,7282.0000,0.0000,0.0000,0.0000,0.0000,7292.0000,0.0000,0.0000,0.0000,0.0000,8,0,0,0,0,1,0,0,0,0
zc,TA305,2012-06-15 09:23:16.997,7288.0000,1386,0,0.0000,0.0000,0,0,多换,B,7282.0000,0.0000,0.0000,0.0000,0.0000,7292.0000,0.0000,0.0000,0.0000,0.0000,10,0,0,0,0,1,0,0,0,0
zc,TA305,2012-06-15 09:23:17.980,7288.0000,1386,0,0.0000,0.0000,0,0,多换,B,7282.0000,0.0000,0.0000,0.0000,0.0000,7292.0000,0.0000,0.0000,0.0000,0.0000,11,0,0,0,0,1,0,0,0,0
zc,TA305,2012-06-15 09:23:18.497,7288.0000,1386,0,0.0000,0.0000,0,0,多换,B,7288.0000,0.0000,0.0000,0.0000,0.0000,7292.0000,0.0000,0.0000,0.0000,0.0000,10,0,0,0,0,1,0,0,0,0
zc,TA305,2012-06-15 09:23:24.760,7288.0000,1386,0,0.0000,0.0000,0,0,多换,B,7288.0000,0.0000,0.0000,0.0000,0.0000,7290.0000,0.0000,0.0000,0.0000,0.0000,10,0,0,0,0,1,0,0,0,0
zc,TA305,2012-06-15 09:23:48.713,7288.0000,1388,2,0.0000,2.0000,2,0,双开,B,7288.0000,0.0000,0.0000,0.0000,0.0000,7290.0000,0.0000,0.0000,0.0000,0.0000,9,0,0,0,0,1,0,0,0,0
zc,TA305,2012-06-15 09:23:51.730,7288.0000,1390,2,0.0000,2.0000,2,0,双开,B,7288.0000,0.0000,0.0000,0.0000,0.0000,7290.0000,0.0000,0.0000,0.0000,0.0000,8,0,0,0,0,1,0,0,0,0
zc,TA305,2012-06-15 09:23:53.497,7288.0000,1394,4,0.0000,4.0000,4,0,双开,B,7288.0000,0.0000,0.0000,0.0000,0.0000,7292.0000,0.0000,0.0000,0.0000,0.0000,6,0,0,0,0,1,0,0,0,0
zc,TA305,2012-06-15 09:24:20.793,7288.0000,1394,0,0.0000,0.0000,0,0,多换,B,7288.0000,0.0000,0.0000,0.0000,0.0000,7292.0000,0.0000,0.0000,0.0000,0.0000,6,0,0,0,0,2,0,0,0,0
zc,TA305,2012-06-15 09:24:21.557,7288.0000,1394,0,0.0000,0.0000,0,0,多换,B,7288.0000,0.0000,0.0000,0.0000,0.0000,7292.0000,0.0000,0.0000,0.0000,0.0000,6,0,0,0,0,1,0,0,0,0
zc,TA305,2012-06-15 09:24:37.293,7288.0000,1394,0,0.0000,0.0000,0,0,多换,B,7288.0000,0.0000,0.0000,0.0000,0.0000,7294.0000,0.0000,0.0000,0.0000,0.0000,6,0,0,0,0,2,0,0,0,0
zc,TA305,2012-06-15 09:24:42.497,7288.0000,1394,0,0.0000,0.0000,0,0,多换,B,7288.0000,0.0000,0.0000,0.0000,0.0000,7294.0000,0.0000,0.0000,0.0000,0.0000,6,0,0,0,0,1,0,0,0,0
zc,TA305,2012-06-15 09:25:20.747,7288.0000,1394,0,0.0000,0.0000,0,0,多换,B,7288.0000,0.0000,0.0000,0.0000,0.0000,7294.0000,0.0000,0.0000,0.0000,0.0000,6,0,0,0,0,2,0,0,0,0
zc,TA305,2012-06-15 09:25:21.293,7288.0000,1394,0,0.0000,0.0000,0,0,多换,B,7288.0000,0.0000,0.0000,0.0000,0.0000,7294.0000,0.0000,0.0000,0.0000,0.0000,6,0,0,0,0,3,0,0,0,0
zc,TA305,2012-06-15 09:25:22.277,7288.0000,1394,0,0.0000,0.0000,0,0,多换,B,7288.0000,0.0000,0.0000,0.0000,0.0000,7294.0000,0.0000,0.0000,0.0000,0.0000,6,0,0,0,0,2,0,0,0,0
zc,TA305,2012-06-15 09:25:23.010,7288.0000,1394,0,0.0000,0.0000,0,0,多换,B,7288.0000,0.0000,0.0000,0.0000,0.0000,7294.0000,0.0000,0.0000,0.0000,0.0000,7,0,0,0,0,2,0,0,0,0
zc,TA305,2012-06-15 09:25:25.747,7288.0000,1394,0,0.0000,0.0000,0,0,多换,B,7288.0000,0.0000,0.0000,0.0000,0.0000,7294.0000,0.0000,0.0000,0.0000,0.0000,7,0,0,0,0,3,0,0,0,0
zc,TA305,2012-06-15 09:25:28.510,7288.0000,1394,0,0.0000,0.0000,0,0,多换,B,7288.0000,0.0000,0.0000,0.0000,0.0000,7294.0000,0.0000,0.0000,0.0000,0.0000,7,0,0,0,0,2,0,0,0,0
