市场代码,合约代码,时间,最新,持仓,增仓,成交额,成交量,开仓,平仓,成交类型,方向,买一价,买二价,买三价,买四价,买五价,卖一价,卖二价,卖三价,卖四价,卖五价,买一量,买二量,买三量,买四量,买五量,卖一量,卖二量,卖三量,卖四量,卖五量
zc,WS209,2012-06-15 07:59:28.167,0.0000,215966,0,0.0000,0.0000,0,0,空换,S,0.0000,0.0000,0.0000,0.0000,0.0000,0.0000,0.0000,0.0000,0.0000,0.0000,0,0,0,0,0,0,0,0,0,0
zc,WS209,2012-06-15 08:10:30.200,0.0000,215966,0,0.0000,0.0000,0,0,空换,S,0.0000,0.0000,0.0000,0.0000,0.0000,0.0000,0.0000,0.0000,0.0000,0.0000,0,0,0,0,0,0,0,0,0,0
zc,WS209,2012-06-15 08:11:30.200,0.0000,215966,0,0.0000,0.0000,0,0,空换,S,0.0000,0.0000,0.0000,0.0000,0.0000,0.0000,0.0000,0.0000,0.0000,0.0000,0,0,0,0,0,0,0,0,0,0
zc,WS209,2012-06-15 08:19:30.183,0.0000,215966,0,0.0000,0.0000,0,0,空换,S,0.0000,0.0000,0.0000,0.0000,0.0000,0.0000,0.0000,0.0000,0.0000,0.0000,0,0,0,0,0,0,0,0,0,0
zc,WS209,2012-06-15 08:20:30.183,0.0000,215966,0,0.0000,0.0000,0,0,空换,S,0.0000,0.0000,0.0000,0.0000,0.0000,0.0000,0.0000,0.0000,0.0000,0.0000,0,0,0,0,0,0,0,0,0,0
zc,WS209,2012-06-15 08:25:30.200,0.0000,215966,0,0.0000,0.0000,0,0,空换,S,0.0000,0.0000,0.0000,0.0000,0.0000,0.0000,0.0000,0.0000,0.0000,0.0000,0,0,0,0,0,0,0,0,0,0
zc,WS209,2012-06-15 08:42:30.200,0.0000,215966,0,0.0000,0.0000,0,0,空换,S,0.0000,0.0000,0.0000,0.0000,0.0000,0.0000,0.0000,0.0000,0.0000,0.0000,0,0,0,0,0,0,0,0,0,0
zc,WS209,2012-06-15 08:55:02.480,0.0000,215966,0,0.0000,0.0000,0,0,空换,S,0.0000,0.0000,0.0000,0.0000,0.0000,0.0000,0.0000,0.0000,0.0000,0.0000,0,0,0,0,0,0,0,0,0,0
zc,WS209,2012-06-15 08:56:33.200,0.0000,215966,0,0.0000,0.0000,0,0,空换,S,0.0000,0.0000,0.0000,0.0000,0.0000,0.0000,0.0000,0.0000,0.0000,0.0000,0,0,0,0,0,0,0,0,0,0
zc,WS209,2012-06-15 08:57:12.700,0.0000,215966,0,0.0000,0.0000,0,0,空换,S,0.0000,0.0000,0.0000,0.0000,0.0000,0.0000,0.0000,0.0000,0.0000,0.0000,0,0,0,0,0,0,0,0,0,0
zc,WS209,2012-06-15 08:57:46.200,0.0000,215966,0,0.0000,0.0000,0,0,空换,S,0.0000,0.0000,0.0000,0.0000,0.0000,0.0000,0.0000,0.0000,0.0000,0.0000,0,0,0,0,0,0,0,0,0,0
zc,WS209,2012-06-15 08:57:50.700,0.0000,215966,0,0.0000,0.0000,0,0,空换,S,0.0000,0.0000,0.0000,0.0000,0.0000,0.0000,0.0000,0.0000,0.0000,0.0000,0,0,0,0,0,0,0,0,0,0
zc,WS209,2012-06-15 08:58:00.700,0.0000,215966,0,0.0000,0.0000,0,0,空换,S,0.0000,0.0000,0.0000,0.0000,0.0000,0.0000,0.0000,0.0000,0.0000,0.0000,0,0,0,0,0,0,0,0,0,0
zc,WS209,2012-06-15 08:58:04.200,0.0000,215966,0,0.0000,0.0000,0,0,空换,S,0.0000,0.0000,0.0000,0.0000,0.0000,0.0000,0.0000,0.0000,0.0000,0.0000,0,0,0,0,0,0,0,0,0,0
zc,WS209,2012-06-15 08:58:22.950,0.0000,215966,0,0.0000,0.0000,0,0,空换,S,0.0000,0.0000,0.0000,0.0000,0.0000,0.0000,0.0000,0.0000,0.0000,0.0000,0,0,0,0,0,0,0,0,0,0
zc,WS209,2012-06-15 08:58:38.700,0.0000,215966,0,0.0000,0.0000,0,0,空换,S,0.0000,0.0000,0.0000,0.0000,0.0000,0.0000,0.0000,0.0000,0.0000,0.0000,0,0,0,0,0,0,0,0,0,0
zc,WS209,2012-06-15 08:58:45.450,0.0000,215966,0,0.0000,0.0000,0,0,空换,S,0.0000,0.0000,0.0000,0.0000,0.0000,0.0000,0.0000,0.0000,0.0000,0.0000,0,0,0,0,0,0,0,0,0,0
zc,WS209,2012-06-15 09:00:01.917,2427.0000,215978,12,0.0000,40.0000,26,14,多开,B,2425.0000,0.0000,0.0000,0.0000,0.0000,2428.0000,0.0000,0.0000,0.0000,0.0000,5,0,0,0,0,11,0,0,0,0
zc,WS209,2012-06-15 09:00:02.933,2427.0000,215978,0,0.0000,8.0000,4,4,多换,B,2425.0000,0.0000,0.0000,0.0000,0.0000,2427.0000,0.0000,0.0000,0.0000,0.0000,9,0,0,0,0,1,0,0,0,0
zc,WS209,2012-06-15 09:00:03.917,2425.0000,215978,0,0.0000,2.0000,1,1,空换,S,2425.0000,0.0000,0.0000,0.0000,0.0000,2427.0000,0.0000,0.0000,0.0000,0.0000,10,0,0,0,0,2,0,0,0,0
zc,WS209,2012-06-15 09:00:04.653,2425.0000,215978,0,0.0000,2.0000,1,1,空换,S,2425.0000,0.0000,0.0000,0.0000,0.0000,2427.0000,0.0000,0.0000,0.0000,0.0000,9,0,0,0,0,4,0,0,0,0
zc,WS209,2012-06-15 09:00:05.387,2425.0000,215978,0,0.0000,2.0000,1,1,空换,S,2425.0000,0.0000,0.0000,0.0000,0.0000,2427.0000,0.0000,0.0000,0.0000,0.0000,9,0,0,0,0,4,0,0,0,0
zc,WS209,2012-06-15 09:00:06.120,2425.0000,215978,0,0.0000,0.0000,0,0,空换,S,2425.0000,0.0000,0.0000,0.0000,0.0000,2427.0000,0.0000,0.0000,0.0000,0.0000,9,0,0,0,0,5,0,0,0,0
zc,WS209,2012-06-15 09:00:06.857,2425.0000,215996,18,0.0000,26.0000,22,4,空开,S,2425.0000,0.0000,0.0000,0.0000,0.0000,2426.0000,0.0000,0.0000,0.0000,0.0000,6,0,0,0,0,1,0,0,0,0
zc,WS209,2012-06-15 09:00:07.307,2425.0000,215996,0,0.0000,0.0000,0,0,空换,S,2425.0000,0.0000,0.0000,0.0000,0.0000,2426.0000,0.0000,0.0000,0.0000,0.0000,8,0,0,0,0,1,0,0,0,0
zc,WS209,2012-06-15 09:00:08.137,2425.0000,215996,0,0.0000,0.0000,0,0,空换,S,2425.0000,0.0000,0.0000,0.0000,0.0000,2426.0000,0.0000,0.0000,0.0000,0.0000,7,0,0,0,0,1,0,0,0,0
zc,WS209,2012-06-15 09:00:08.653,2426.0000,215998,2,0.0000,4.0000,3,1,多开,B,2425.0000,0.0000,0.0000,0.0000,0.0000,2426.0000,0.0000,0.0000,0.0000,0.0000,4,0,0,0,0,10,0,0,0,0
zc,WS209,2012-06-15 09:00:09.340,2426.0000,215998,0,0.0000,0.0000,0,0,多换,B,2425.0000,0.0000,0.0000,0.0000,0.0000,2426.0000,0.0000,0.0000,0.0000,0.0000,4,0,0,0,0,9,0,0,0,0
zc,WS209,2012-06-15 09:00:10.137,2426.0000,215998,0,0.0000,0.0000,0,0,多换,B,2425.0000,0.0000,0.0000,0.0000,0.0000,2426.0000,0.0000,0.0000,0.0000,0.0000,3,0,0,0,0,10,0,0,0,0
zc,WS209,2012-06-15 09:00:10.903,2426.0000,215998,0,0.0000,0.0000,0,0,多换,B,2425.0000,0.0000,0.0000,0.0000,0.0000,2426.0000,0.0000,0.0000,0.0000,0.0000,8,0,0,0,0,9,0,0,0,0
zc,WS209,2012-06-15 09:00:11.637,2426.0000,215998,0,0.0000,0.0000,0,0,多换,B,2425.0000,0.0000,0.0000,0.0000,0.0000,2426.0000,0.0000,0.0000,0.0000,0.0000,12,0,0,0,0,10,0,0,0,0
zc,WS209,2012-06-15 09:00:12.340,2425.0000,216008,10,0.0000,28.0000,19,9,空开,S,2424.0000,0.0000,0.0000,0.0000,0.0000,2426.0000,0.0000,0.0000,0.0000,0.0000,53,0,0,0,0,13,0,0,0,0
zc,WS209,2012-06-15 09:00:12.823,2425.0000,216008,0,0.0000,0.0000,0,0,空换,S,2425.0000,0.0000,0.0000,0.0000,0.0000,2426.0000,0.0000,0.0000,0.0000,0.0000,34,0,0,0,0,9,0,0,0,0
zc,WS209,2012-06-15 09:00:13.637,2425.0000,216008,0,0.0000,0.0000,0,0,空换,S,2425.0000,0.0000,0.0000,0.0000,0.0000,2426.0000,0.0000,0.0000,0.0000,0.0000,22,0,0,0,0,9,0,0,0,0
zc,WS209,2012-06-15 09:00:14.387,2425.0000,216008,0,0.0000,0.0000,0,0,空换,S,2425.0000,0.0000,0.0000,0.0000,0.0000,2426.0000,0.0000,0.0000,0.0000,0.0000,18,0,0,0,0,9,0,0,0,0
zc,WS209,2012-06-15 09:00:14.870,2426.0000,216010,2,0.0000,2.0000,2,0,双开,B,2425.0000,0.0000,0.0000,0.0000,0.0000,2426.0000,0.0000,0.0000,0.0000,0.0000,17,0,0,0,0,9,0,0,0,0
zc,WS209,2012-06-15 09:00:15.607,2426.0000,216014,4,0.0000,6.0000,5,1,多开,B,2425.0000,0.0000,0.0000,0.0000,0.0000,2426.0000,0.0000,0.0000,0.0000,0.0000,23,0,0,0,0,6,0,0,0,0
zc,WS209,2012-06-15 09:00:16.107,2426.0000,216028,14,0.0000,16.0000,15,1,多开,B,2425.0000,0.0000,0.0000,0.0000,0.0000,2427.0000,0.0000,0.0000,0.0000,0.0000,23,0,0,0,0,13,0,0,0,0
zc,WS209,2012-06-15 09:00:17.153,2424.0000,216128,100,0.0000,100.0000,100,0,双开,S,2426.0000,0.0000,0.0000,0.0000,0.0000,2427.0000,0.0000,0.0000,0.0000,0.0000,1,0,0,0,0,13,0,0,0,0
zc,WS209,2012-06-15 09:00:17.607,2427.0000,216134,6,0.0000,10.0000,8,2,多开,B,2426.0000,0.0000,0.0000,0.0000,0.0000,2427.0000,0.0000,0.0000,0.0000,0.0000,1,0,0,0,0,12,0,0,0,0
zc,WS209,2012-06-15 09:00:18.403,2426.0000,216136,2,0.0000,2.0000,2,0,双开,S,2424.0000,0.0000,0.0000,0.0000,0.0000,2426.0000,0.0000,0.0000,0.0000,0.0000,31,0,0,0,0,1,0,0,0,0
zc,WS209,2012-06-15 09:00:18.857,2426.0000,216136,0,0.0000,0.0000,0,0,空换,S,2424.0000,0.0000,0.0000,0.0000,0.0000,2425.0000,0.0000,0.0000,0.0000,0.0000,34,0,0,0,0,1,0,0,0,0
zc,WS209,2012-06-15 09:00:20.167,2426.0000,216138,2,0.0000,2.0000,2,0,双开,S,2424.0000,0.0000,0.0000,0.0000,0.0000,2426.0000,0.0000,0.0000,0.0000,0.0000,48,0,0,0,0,6,0,0,0,0
zc,WS209,2012-06-15 09:00:21.387,2425.0000,216140,2,0.0000,2.0000,2,0,双开,S,2425.0000,0.0000,0.0000,0.0000,0.0000,2426.0000,0.0000,0.0000,0.0000,0.0000,1,0,0,0,0,8,0,0,0,0
zc,WS209,2012-06-15 09:00:22.557,2425.0000,216142,2,0.0000,2.0000,2,0,双开,S,2424.0000,0.0000,0.0000,0.0000,0.0000,2426.0000,0.0000,0.0000,0.0000,0.0000,47,0,0,0,0,7,0,0,0,0
zc,WS209,2012-06-15 09:00:23.137,2425.0000,216142,0,0.0000,0.0000,0,0,空换,S,2425.0000,0.0000,0.0000,0.0000,0.0000,2426.0000,0.0000,0.0000,0.0000,0.0000,1,0,0,0,0,12,0,0,0,0
zc,WS209,2012-06-15 09:00:23.903,2425.0000,216142,0,0.0000,0.0000,0,0,空换,S,2425.0000,0.0000,0.0000,0.0000,0.0000,2426.0000,0.0000,0.0000,0.0000,0.0000,1,0,0,0,0,11,0,0,0,0
zc,WS209,2012-06-15 09:00:24.607,2425.0000,216142,0,0.0000,0.0000,0,0,空换,S,2425.0000,0.0000,0.0000,0.0000,0.0000,2426.0000,0.0000,0.0000,0.0000,0.0000,1,0,0,0,0,10,0,0,0,0
zc,WS209,2012-06-15 09:00:25.307,2426.0000,216144,2,0.0000,2.0000,2,0,双开,B,2425.0000,0.0000,0.0000,0.0000,0.0000,2426.0000,0.0000,0.0000,0.0000,0.0000,2,0,0,0,0,10,0,0,0,0
zc,WS209,2012-06-15 09:00:25.870,2426.0000,216144,0,0.0000,0.0000,0,0,多换,B,2425.0000,0.0000,0.0000,0.0000,0.0000,2426.0000,0.0000,0.0000,0.0000,0.0000,2,0,0,0,0,8,0,0,0,0
zc,WS209,2012-06-15 09:00:26.620,2425.0000,216148,4,0.0000,4.0000,4,0,双开,S,2425.0000,0.0000,0.0000,0.0000,0.0000,2426.0000,0.0000,0.0000,0.0000,0.0000,4,0,0,0,0,8,0,0,0,0
zc,WS209,2012-06-15 09:00:27.090,2425.0000,216148,0,0.0000,0.0000,0,0,空换,S,2425.0000,0.0000,0.0000,0.0000,0.0000,2426.0000,0.0000,0.0000,0.0000,0.0000,5,0,0,0,0,8,0,0,0,0
zc,WS209,2012-06-15 09:00:27.870,2425.0000,216148,0,0.0000,10.0000,5,5,空换,S,2424.0000,0.0000,0.0000,0.0000,0.0000,2425.0000,0.0000,0.0000,0.0000,0.0000,46,0,0,0,0,11,0,0,0,0
zc,WS209,2012-06-15 09:00:28.323,2425.0000,216148,0,0.0000,18.0000,9,9,空换,S,2424.0000,0.0000,0.0000,0.0000,0.0000,2425.0000,0.0000,0.0000,0.0000,0.0000,37,0,0,0,0,22,0,0,0,0
zc,WS209,2012-06-15 09:00:29.073,2425.0000,216148,0,0.0000,2.0000,1,1,空换,S,2424.0000,0.0000,0.0000,0.0000,0.0000,2425.0000,0.0000,0.0000,0.0000,0.0000,36,0,0,0,0,21,0,0,0,0
zc,WS209,2012-06-15 09:00:29.620,2425.0000,216148,0,0.0000,0.0000,0,0,空换,S,2424.0000,0.0000,0.0000,0.0000,0.0000,2425.0000,0.0000,0.0000,0.0000,0.0000,29,0,0,0,0,21,0,0,0,0
zc,WS209,2012-06-15 09:00:31.323,2425.0000,216150,2,0.0000,6.0000,4,2,空开,S,2424.0000,0.0000,0.0000,0.0000,0.0000,2425.0000,0.0000,0.0000,0.0000,0.0000,24,0,0,0,0,26,0,0,0,0
zc,WS209,2012-06-15 09:00:31.887,2424.0000,216150,0,0.0000,2.0000,1,1,空换,S,2424.0000,0.0000,0.0000,0.0000,0.0000,2425.0000,0.0000,0.0000,0.0000,0.0000,23,0,0,0,0,27,0,0,0,0
zc,WS209,2012-06-15 09:00:32.573,2424.0000,216172,22,0.0000,26.0000,24,2,空开,S,2424.0000,0.0000,0.0000,0.0000,0.0000,2425.0000,0.0000,0.0000,0.0000,0.0000,20,0,0,0,0,40,0,0,0,0
zc,WS209,2012-06-15 09:00:33.417,2424.0000,216172,0,0.0000,4.0000,2,2,空换,S,2424.0000,0.0000,0.0000,0.0000,0.0000,2425.0000,0.0000,0.0000,0.0000,0.0000,18,0,0,0,0,40,0,0,0,0
zc,WS209,2012-06-15 09:00:34.107,2424.0000,216202,30,0.0000,36.0000,33,3,空开,S,2423.0000,0.0000,0.0000,0.0000,0.0000,2424.0000,0.0000,0.0000,0.0000,0.0000,16,0,0,0,0,2,0,0,0,0
zc,WS209,2012-06-15 09:00:34.620,2425.0000,216234,32,0.0000,32.0000,32,0,双开,B,2423.0000,0.0000,0.0000,0.0000,0.0000,2425.0000,0.0000,0.0000,0.0000,0.0000,17,0,0,0,0,23,0,0,0,0
zc,WS209,2012-06-15 09:00:35.120,2425.0000,216234,0,0.0000,0.0000,0,0,多换,B,2424.0000,0.0000,0.0000,0.0000,0.0000,2425.0000,0.0000,0.0000,0.0000,0.0000,2,0,0,0,0,23,0,0,0,0
zc,WS209,2012-06-15 09:00:35.870,2425.0000,216234,0,0.0000,0.0000,0,0,多换,B,2423.0000,0.0000,0.0000,0.0000,0.0000,2425.0000,0.0000,0.0000,0.0000,0.0000,17,0,0,0,0,22,0,0,0,0
zc,WS209,2012-06-15 09:00:36.340,2425.0000,216234,0,0.0000,4.0000,2,2,多换,B,2423.0000,0.0000,0.0000,0.0000,0.0000,2425.0000,0.0000,0.0000,0.0000,0.0000,17,0,0,0,0,37,0,0,0,0
zc,WS209,2012-06-15 09:00:37.057,2425.0000,216234,0,0.0000,10.0000,5,5,多换,B,2423.0000,0.0000,0.0000,0.0000,0.0000,2425.0000,0.0000,0.0000,0.0000,0.0000,16,0,0,0,0,31,0,0,0,0
zc,WS209,2012-06-15 09:00:37.607,2425.0000,216234,0,0.0000,0.0000,0,0,多换,B,2423.0000,0.0000,0.0000,0.0000,0.0000,2425.0000,0.0000,0.0000,0.0000,0.0000,16,0,0,0,0,15,0,0,0,0
zc,WS209,2012-06-15 09:00:38.293,2425.0000,216234,0,0.0000,0.0000,0,0,多换,B,2424.0000,0.0000,0.0000,0.0000,0.0000,2425.0000,0.0000,0.0000,0.0000,0.0000,11,0,0,0,0,1,0,0,0,0
zc,WS209,2012-06-15 09:00:39.607,2424.0000,216236,2,0.0000,2.0000,2,0,双开,S,2424.0000,0.0000,0.0000,0.0000,0.0000,2425.0000,0.0000,0.0000,0.0000,0.0000,1,0,0,0,0,1,0,0,0,0
zc,WS209,2012-06-15 09:00:40.057,2424.0000,216236,0,0.0000,2.0000,1,1,空换,S,2423.0000,0.0000,0.0000,0.0000,0.0000,2424.0000,0.0000,0.0000,0.0000,0.0000,15,0,0,0,0,1,0,0,0,0
zc,WS209,2012-06-15 09:00:40.857,2424.0000,216236,0,0.0000,2.0000,1,1,空换,S,2424.0000,0.0000,0.0000,0.0000,0.0000,2425.0000,0.0000,0.0000,0.0000,0.0000,1,0,0,0,0,17,0,0,0,0
zc,WS209,2012-06-15 09:00:41.387,2424.0000,216236,0,0.0000,2.0000,1,1,空换,S,2423.0000,0.0000,0.0000,0.0000,0.0000,2424.0000,0.0000,0.0000,0.0000,0.0000,15,0,0,0,0,3,0,0,0,0
zc,WS209,2012-06-15 09:00:42.090,2423.0000,216314,78,0.0000,110.0000,94,16,空开,S,2423.0000,0.0000,0.0000,0.0000,0.0000,2425.0000,0.0000,0.0000,0.0000,0.0000,9,0,0,0,0,17,0,0,0,0
zc,WS209,2012-06-15 09:00:42.543,2423.0000,216314,0,0.0000,0.0000,0,0,空换,S,2423.0000,0.0000,0.0000,0.0000,0.0000,2425.0000,0.0000,0.0000,0.0000,0.0000,9,0,0,0,0,21,0,0,0,0
zc,WS209,2012-06-15 09:00:43.387,2424.0000,216320,6,0.0000,6.0000,6,0,双开,B,2423.0000,0.0000,0.0000,0.0000,0.0000,2424.0000,0.0000,0.0000,0.0000,0.0000,5,0,0,0,0,11,0,0,0,0
zc,WS209,2012-06-15 09:00:44.357,2424.0000,216320,0,0.0000,2.0000,1,1,多换,B,2423.0000,0.0000,0.0000,0.0000,0.0000,2424.0000,0.0000,0.0000,0.0000,0.0000,5,0,0,0,0,10,0,0,0,0
zc,WS209,2012-06-15 09:00:45.073,2424.0000,216320,0,0.0000,2.0000,1,1,多换,B,2423.0000,0.0000,0.0000,0.0000,0.0000,2424.0000,0.0000,0.0000,0.0000,0.0000,5,0,0,0,0,9,0,0,0,0
zc,WS209,2012-06-15 09:00:46.387,2424.0000,216320,0,0.0000,0.0000,0,0,多换,B,2423.0000,0.0000,0.0000,0.0000,0.0000,2424.0000,0.0000,0.0000,0.0000,0.0000,5,0,0,0,0,10,0,0,0,0
zc,WS209,2012-06-15 09:00:47.090,2424.0000,216338,18,0.0000,18.0000,18,0,双开,B,2423.0000,0.0000,0.0000,0.0000,0.0000,2424.0000,0.0000,0.0000,0.0000,0.0000,6,0,0,0,0,1,0,0,0,0
zc,WS209,2012-06-15 09:00:47.590,2424.0000,216338,0,0.0000,0.0000,0,0,多换,B,2423.0000,0.0000,0.0000,0.0000,0.0000,2424.0000,0.0000,0.0000,0.0000,0.0000,8,0,0,0,0,1,0,0,0,0
zc,WS209,2012-06-15 09:00:48.387,2424.0000,216338,0,0.0000,0.0000,0,0,多换,B,2423.0000,0.0000,0.0000,0.0000,0.0000,2424.0000,0.0000,0.0000,0.0000,0.0000,10,0,0,0,0,1,0,0,0,0
zc,WS209,2012-06-15 09:00:49.090,2424.0000,216346,8,0.0000,20.0000,14,6,多开,B,2424.0000,0.0000,0.0000,0.0000,0.0000,2425.0000,0.0000,0.0000,0.0000,0.0000,9,0,0,0,0,34,0,0,0,0
zc,WS209,2012-06-15 09:00:49.823,2424.0000,216348,2,0.0000,6.0000,4,2,多开,B,2424.0000,0.0000,0.0000,0.0000,0.0000,2425.0000,0.0000,0.0000,0.0000,0.0000,7,0,0,0,0,33,0,0,0,0
zc,WS209,2012-06-15 09:00:50.307,2424.0000,216348,0,0.0000,10.0000,5,5,多换,B,2424.0000,0.0000,0.0000,0.0000,0.0000,2425.0000,0.0000,0.0000,0.0000,0.0000,12,0,0,0,0,28,0,0,0,0
zc,WS209,2012-06-15 09:00:50.840,2424.0000,216334,-14,0.0000,20.0000,3,17,空平,B,2424.0000,0.0000,0.0000,0.0000,0.0000,2425.0000,0.0000,0.0000,0.0000,0.0000,2,0,0,0,0,18,0,0,0,0
zc,WS209,2012-06-15 09:00:51.573,2423.0000,216360,26,0.0000,88.0000,57,31,空开,S,2422.0000,0.0000,0.0000,0.0000,0.0000,2423.0000,0.0000,0.0000,0.0000,0.0000,7,0,0,0,0,6,0,0,0,0
zc,WS209,2012-06-15 09:00:52.323,2423.0000,216362,2,0.0000,6.0000,4,2,空开,S,2422.0000,0.0000,0.0000,0.0000,0.0000,2423.0000,0.0000,0.0000,0.0000,0.0000,8,0,0,0,0,3,0,0,0,0
zc,WS209,2012-06-15 09:00:54.307,2423.0000,216362,0,0.0000,6.0000,3,3,空换,S,2423.0000,0.0000,0.0000,0.0000,0.0000,2424.0000,0.0000,0.0000,0.0000,0.0000,17,0,0,0,0,1,0,0,0,0
zc,WS209,2012-06-15 09:00:55.307,2423.0000,216362,0,0.0000,0.0000,0,0,空换,S,2423.0000,0.0000,0.0000,0.0000,0.0000,2424.0000,0.0000,0.0000,0.0000,0.0000,19,0,0,0,0,1,0,0,0,0
zc,WS209,2012-06-15 09:00:55.857,2423.0000,216362,0,0.0000,0.0000,0,0,空换,S,2423.0000,0.0000,0.0000,0.0000,0.0000,2424.0000,0.0000,0.0000,0.0000,0.0000,20,0,0,0,0,1,0,0,0,0
zc,WS209,2012-06-15 09:00:56.573,2423.0000,216362,0,0.0000,0.0000,0,0,空换,S,2423.0000,0.0000,0.0000,0.0000,0.0000,2424.0000,0.0000,0.0000,0.0000,0.0000,21,0,0,0,0,1,0,0,0,0
zc,WS209,2012-06-15 09:00:57.057,2423.0000,216362,0,0.0000,0.0000,0,0,空换,S,2423.0000,0.0000,0.0000,0.0000,0.0000,2424.0000,0.0000,0.0000,0.0000,0.0000,21,0,0,0,0,21,0,0,0,0
zc,WS209,2012-06-15 09:00:57.840,2423.0000,216362,0,0.0000,2.0000,1,1,空换,S,2423.0000,0.0000,0.0000,0.0000,0.0000,2424.0000,0.0000,0.0000,0.0000,0.0000,25,0,0,0,0,21,0,0,0,0
zc,WS209,2012-06-15 09:00:59.590,2423.0000,216362,0,0.0000,0.0000,0,0,空换,S,2423.0000,0.0000,0.0000,0.0000,0.0000,2424.0000,0.0000,0.0000,0.0000,0.0000,26,0,0,0,0,21,0,0,0,0
zc,WS209,2012-06-15 09:01:00.323,2423.0000,216362,0,0.0000,4.0000,2,2,空换,S,2423.0000,0.0000,0.0000,0.0000,0.0000,2424.0000,0.0000,0.0000,0.0000,0.0000,25,0,0,0,0,20,0,0,0,0
zc,WS209,2012-06-15 09:01:00.823,2423.0000,216362,0,0.0000,2.0000,1,1,空换,S,2423.0000,0.0000,0.0000,0.0000,0.0000,2424.0000,0.0000,0.0000,0.0000,0.0000,24,0,0,0,0,20,0,0,0,0
zc,WS209,2012-06-15 09:01:01.543,2424.0000,216364,2,0.0000,2.0000,2,0,双开,B,2423.0000,0.0000,0.0000,0.0000,0.0000,2424.0000,0.0000,0.0000,0.0000,0.0000,25,0,0,0,0,19,0,0,0,0
zc,WS209,2012-06-15 09:01:02.793,2423.0000,216364,0,0.0000,20.0000,10,10,空换,S,2423.0000,0.0000,0.0000,0.0000,0.0000,2424.0000,0.0000,0.0000,0.0000,0.0000,16,0,0,0,0,19,0,0,0,0
zc,WS209,2012-06-15 09:01:03.357,2421.0000,216628,264,0.0000,324.0000,294,30,空开,S,2421.0000,0.0000,0.0000,0.0000,0.0000,2424.0000,0.0000,0.0000,0.0000,0.0000,74,0,0,0,0,24,0,0,0,0
zc,WS209,2012-06-15 09:01:04.090,2424.0000,216816,188,0.0000,326.0000,257,69,多开,B,2423.0000,0.0000,0.0000,0.0000,0.0000,2424.0000,0.0000,0.0000,0.0000,0.0000,1,0,0,0,0,18,0,0,0,0
zc,WS209,2012-06-15 09:01:06.010,2423.0000,216816,0,0.0000,2.0000,1,1,空换,S,2422.0000,0.0000,0.0000,0.0000,0.0000,2424.0000,0.0000,0.0000,0.0000,0.0000,5,0,0,0,0,18,0,0,0,0
zc,WS209,2012-06-15 09:01:06.527,2423.0000,216816,0,0.0000,0.0000,0,0,空换,S,2422.0000,0.0000,0.0000,0.0000,0.0000,2423.0000,0.0000,0.0000,0.0000,0.0000,5,0,0,0,0,2,0,0,0,0
zc,WS209,2012-06-15 09:01:07.340,2423.0000,216816,0,0.0000,0.0000,0,0,空换,S,2422.0000,0.0000,0.0000,0.0000,0.0000,2423.0000,0.0000,0.0000,0.0000,0.0000,6,0,0,0,0,2,0,0,0,0
zc,WS209,2012-06-15 09:01:07.543,2423.0000,216816,0,0.0000,0.0000,0,0,空换,S,2422.0000,0.0000,0.0000,0.0000,0.0000,2423.0000,0.0000,0.0000,0.0000,0.0000,7,0,0,0,0,3,0,0,0,0
zc,WS209,2012-06-15 09:01:08.323,2423.0000,216816,0,0.0000,2.0000,1,1,空换,S,2422.0000,0.0000,0.0000,0.0000,0.0000,2423.0000,0.0000,0.0000,0.0000,0.0000,2,0,0,0,0,2,0,0,0,0
zc,WS209,2012-06-15 09:01:08.840,2423.0000,216816,0,0.0000,0.0000,0,0,空换,S,2422.0000,0.0000,0.0000,0.0000,0.0000,2423.0000,0.0000,0.0000,0.0000,0.0000,40,0,0,0,0,2,0,0,0,0
zc,WS209,2012-06-15 09:01:09.807,2423.0000,216816,0,0.0000,0.0000,0,0,空换,S,2422.0000,0.0000,0.0000,0.0000,0.0000,2423.0000,0.0000,0.0000,0.0000,0.0000,61,0,0,0,0,2,0,0,0,0
zc,WS209,2012-06-15 09:01:10.357,2423.0000,216816,0,0.0000,0.0000,0,0,空换,S,2422.0000,0.0000,0.0000,0.0000,0.0000,2423.0000,0.0000,0.0000,0.0000,0.0000,65,0,0,0,0,2,0,0,0,0
zc,WS209,2012-06-15 09:01:11.607,2423.0000,216818,2,0.0000,4.0000,3,1,空开,S,2423.0000,0.0000,0.0000,0.0000,0.0000,2424.0000,0.0000,0.0000,0.0000,0.0000,6,0,0,0,0,18,0,0,0,0
zc,WS209,2012-06-15 09:01:12.840,2423.0000,216818,0,0.0000,0.0000,0,0,空换,S,2423.0000,0.0000,0.0000,0.0000,0.0000,2424.0000,0.0000,0.0000,0.0000,0.0000,8,0,0,0,0,18,0,0,0,0
zc,WS209,2012-06-15 09:01:13.293,2423.0000,216818,0,0.0000,0.0000,0,0,空换,S,2423.0000,0.0000,0.0000,0.0000,0.0000,2424.0000,0.0000,0.0000,0.0000,0.0000,21,0,0,0,0,18,0,0,0,0
zc,WS209,2012-06-15 09:01:13.793,2423.0000,216820,2,0.0000,2.0000,2,0,双开,S,2423.0000,0.0000,0.0000,0.0000,0.0000,2424.0000,0.0000,0.0000,0.0000,0.0000,24,0,0,0,0,18,0,0,0,0
zc,WS209,2012-06-15 09:01:14.527,2424.0000,216822,2,0.0000,4.0000,3,1,多开,B,2423.0000,0.0000,0.0000,0.0000,0.0000,2424.0000,0.0000,0.0000,0.0000,0.0000,19,0,0,0,0,17,0,0,0,0
zc,WS209,2012-06-15 09:01:15.497,2424.0000,216822,0,0.0000,0.0000,0,0,多换,B,2423.0000,0.0000,0.0000,0.0000,0.0000,2424.0000,0.0000,0.0000,0.0000,0.0000,10,0,0,0,0,17,0,0,0,0
zc,WS209,2012-06-15 09:01:16.307,2423.0000,216824,2,0.0000,2.0000,2,0,双开,S,2423.0000,0.0000,0.0000,0.0000,0.0000,2424.0000,0.0000,0.0000,0.0000,0.0000,9,0,0,0,0,17,0,0,0,0
zc,WS209,2012-06-15 09:01:16.793,2423.0000,216824,0,0.0000,0.0000,0,0,空换,S,2423.0000,0.0000,0.0000,0.0000,0.0000,2424.0000,0.0000,0.0000,0.0000,0.0000,18,0,0,0,0,17,0,0,0,0
zc,WS209,2012-06-15 09:01:18.057,2423.0000,216824,0,0.0000,0.0000,0,0,空换,S,2423.0000,0.0000,0.0000,0.0000,0.0000,2424.0000,0.0000,0.0000,0.0000,0.0000,9,0,0,0,0,17,0,0,0,0
zc,WS209,2012-06-15 09:01:18.807,2424.0000,216842,18,0.0000,102.0000,60,42,多开,B,2423.0000,0.0000,0.0000,0.0000,0.0000,2424.0000,0.0000,0.0000,0.0000,0.0000,10,0,0,0,0,16,0,0,0,0
zc,WS209,2012-06-15 09:01:20.340,2424.0000,216842,0,0.0000,0.0000,0,0,多换,B,2423.0000,0.0000,0.0000,0.0000,0.0000,2424.0000,0.0000,0.0000,0.0000,0.0000,11,0,0,0,0,16,0,0,0,0
zc,WS209,2012-06-15 09:01:20.840,2424.0000,216842,0,0.0000,0.0000,0,0,多换,B,2423.0000,0.0000,0.0000,0.0000,0.0000,2424.0000,0.0000,0.0000,0.0000,0.0000,12,0,0,0,0,16,0,0,0,0
zc,WS209,2012-06-15 09:01:21.557,2424.0000,216842,0,0.0000,0.0000,0,0,多换,B,2423.0000,0.0000,0.0000,0.0000,0.0000,2424.0000,0.0000,0.0000,0.0000,0.0000,12,0,0,0,0,17,0,0,0,0
zc,WS209,2012-06-15 09:01:22.073,2424.0000,216842,0,0.0000,0.0000,0,0,多换,B,2423.0000,0.0000,0.0000,0.0000,0.0000,2424.0000,0.0000,0.0000,0.0000,0.0000,14,0,0,0,0,17,0,0,0,0
zc,WS209,2012-06-15 09:01:23.323,2423.0000,216842,0,0.0000,6.0000,3,3,空换,S,2423.0000,0.0000,0.0000,0.0000,0.0000,2424.0000,0.0000,0.0000,0.0000,0.0000,11,0,0,0,0,17,0,0,0,0
zc,WS209,2012-06-15 09:01:24.307,2423.0000,216842,0,0.0000,0.0000,0,0,空换,S,2423.0000,0.0000,0.0000,0.0000,0.0000,2424.0000,0.0000,0.0000,0.0000,0.0000,11,0,0,0,0,19,0,0,0,0
zc,WS209,2012-06-15 09:01:24.997,2423.0000,216842,0,0.0000,0.0000,0,0,空换,S,2423.0000,0.0000,0.0000,0.0000,0.0000,2424.0000,0.0000,0.0000,0.0000,0.0000,11,0,0,0,0,35,0,0,0,0
zc,WS209,2012-06-15 09:01:25.777,2423.0000,216842,0,0.0000,0.0000,0,0,空换,S,2423.0000,0.0000,0.0000,0.0000,0.0000,2424.0000,0.0000,0.0000,0.0000,0.0000,22,0,0,0,0,26,0,0,0,0
zc,WS209,2012-06-15 09:01:26.323,2423.0000,216842,0,0.0000,0.0000,0,0,空换,S,2423.0000,0.0000,0.0000,0.0000,0.0000,2424.0000,0.0000,0.0000,0.0000,0.0000,22,0,0,0,0,25,0,0,0,0
zc,WS209,2012-06-15 09:01:26.807,2424.0000,216844,2,0.0000,2.0000,2,0,双开,B,2423.0000,0.0000,0.0000,0.0000,0.0000,2424.0000,0.0000,0.0000,0.0000,0.0000,22,0,0,0,0,24,0,0,0,0
zc,WS209,2012-06-15 09:01:27.590,2424.0000,216846,2,0.0000,2.0000,2,0,双开,B,2423.0000,0.0000,0.0000,0.0000,0.0000,2424.0000,0.0000,0.0000,0.0000,0.0000,16,0,0,0,0,22,0,0,0,0
zc,WS209,2012-06-15 09:01:28.340,2424.0000,216848,2,0.0000,2.0000,2,0,双开,B,2423.0000,0.0000,0.0000,0.0000,0.0000,2424.0000,0.0000,0.0000,0.0000,0.0000,16,0,0,0,0,15,0,0,0,0
zc,WS209,2012-06-15 09:01:28.807,2424.0000,216848,0,0.0000,0.0000,0,0,多换,B,2423.0000,0.0000,0.0000,0.0000,0.0000,2424.0000,0.0000,0.0000,0.0000,0.0000,19,0,0,0,0,14,0,0,0,0
zc,WS209,2012-06-15 09:01:29.323,2424.0000,216848,0,0.0000,0.0000,0,0,多换,B,2423.0000,0.0000,0.0000,0.0000,0.0000,2424.0000,0.0000,0.0000,0.0000,0.0000,31,0,0,0,0,14,0,0,0,0
zc,WS209,2012-06-15 09:01:29.777,2424.0000,216852,4,0.0000,6.0000,5,1,多开,B,2423.0000,0.0000,0.0000,0.0000,0.0000,2424.0000,0.0000,0.0000,0.0000,0.0000,31,0,0,0,0,11,0,0,0,0
zc,WS209,2012-06-15 09:01:30.590,2424.0000,216852,0,0.0000,0.0000,0,0,多换,B,2423.0000,0.0000,0.0000,0.0000,0.0000,2424.0000,0.0000,0.0000,0.0000,0.0000,32,0,0,0,0,11,0,0,0,0
zc,WS209,2012-06-15 09:01:31.090,2424.0000,216852,0,0.0000,4.0000,2,2,多换,B,2423.0000,0.0000,0.0000,0.0000,0.0000,2424.0000,0.0000,0.0000,0.0000,0.0000,30,0,0,0,0,9,0,0,0,0
zc,WS209,2012-06-15 09:01:31.527,2424.0000,216852,0,0.0000,2.0000,1,1,多换,B,2423.0000,0.0000,0.0000,0.0000,0.0000,2424.0000,0.0000,0.0000,0.0000,0.0000,31,0,0,0,0,8,0,0,0,0
zc,WS209,2012-06-15 09:01:32.260,2424.0000,216852,0,0.0000,0.0000,0,0,多换,B,2423.0000,0.0000,0.0000,0.0000,0.0000,2424.0000,0.0000,0.0000,0.0000,0.0000,33,0,0,0,0,8,0,0,0,0
zc,WS209,2012-06-15 09:01:32.793,2424.0000,216854,2,0.0000,2.0000,2,0,双开,B,2423.0000,0.0000,0.0000,0.0000,0.0000,2424.0000,0.0000,0.0000,0.0000,0.0000,33,0,0,0,0,7,0,0,0,0
zc,WS209,2012-06-15 09:01:33.793,2424.0000,216854,0,0.0000,16.0000,8,8,多换,B,2424.0000,0.0000,0.0000,0.0000,0.0000,2425.0000,0.0000,0.0000,0.0000,0.0000,3,0,0,0,0,40,0,0,0,0
zc,WS209,2012-06-15 09:01:34.840,2424.0000,216854,0,0.0000,0.0000,0,0,多换,B,2424.0000,0.0000,0.0000,0.0000,0.0000,2425.0000,0.0000,0.0000,0.0000,0.0000,4,0,0,0,0,40,0,0,0,0
zc,WS209,2012-06-15 09:01:35.980,2424.0000,216862,8,0.0000,8.0000,8,0,双开,B,2423.0000,0.0000,0.0000,0.0000,0.0000,2425.0000,0.0000,0.0000,0.0000,0.0000,26,0,0,0,0,36,0,0,0,0
zc,WS209,2012-06-15 09:01:37.887,2424.0000,216862,0,0.0000,0.0000,0,0,多换,B,2423.0000,0.0000,0.0000,0.0000,0.0000,2425.0000,0.0000,0.0000,0.0000,0.0000,26,0,0,0,0,33,0,0,0,0
zc,WS209,2012-06-15 09:01:38.543,2424.0000,216862,0,0.0000,0.0000,0,0,多换,B,2423.0000,0.0000,0.0000,0.0000,0.0000,2425.0000,0.0000,0.0000,0.0000,0.0000,27,0,0,0,0,28,0,0,0,0
zc,WS209,2012-06-15 09:01:38.870,2424.0000,216862,0,0.0000,0.0000,0,0,多换,B,2424.0000,0.0000,0.0000,0.0000,0.0000,2425.0000,0.0000,0.0000,0.0000,0.0000,2,0,0,0,0,29,0,0,0,0
zc,WS209,2012-06-15 09:01:40.090,2424.0000,216862,0,0.0000,0.0000,0,0,多换,B,2424.0000,0.0000,0.0000,0.0000,0.0000,2425.0000,0.0000,0.0000,0.0000,0.0000,2,0,0,0,0,28,0,0,0,0
zc,WS209,2012-06-15 09:01:40.807,2425.0000,216878,16,0.0000,20.0000,18,2,多开,B,2424.0000,0.0000,0.0000,0.0000,0.0000,2425.0000,0.0000,0.0000,0.0000,0.0000,4,0,0,0,0,26,0,0,0,0
zc,WS209,2012-06-15 09:01:41.557,2425.0000,216890,12,0.0000,12.0000,12,0,双开,B,2424.0000,0.0000,0.0000,0.0000,0.0000,2425.0000,0.0000,0.0000,0.0000,0.0000,4,0,0,0,0,20,0,0,0,0
zc,WS209,2012-06-15 09:01:42.823,2424.0000,216890,0,0.0000,10.0000,5,5,空换,S,2423.0000,0.0000,0.0000,0.0000,0.0000,2424.0000,0.0000,0.0000,0.0000,0.0000,31,0,0,0,0,4,0,0,0,0
zc,WS209,2012-06-15 09:01:43.323,2424.0000,216890,0,0.0000,0.0000,0,0,空换,S,2423.0000,0.0000,0.0000,0.0000,0.0000,2424.0000,0.0000,0.0000,0.0000,0.0000,29,0,0,0,0,5,0,0,0,0
zc,WS209,2012-06-15 09:01:44.527,2425.0000,216880,-10,0.0000,64.0000,27,37,空平,B,2425.0000,0.0000,0.0000,0.0000,0.0000,2426.0000,0.0000,0.0000,0.0000,0.0000,130,0,0,0,0,144,0,0,0,0
zc,WS209,2012-06-15 09:01:45.777,2425.0000,216876,-4,0.0000,14.0000,5,9,空平,B,2425.0000,0.0000,0.0000,0.0000,0.0000,2426.0000,0.0000,0.0000,0.0000,0.0000,123,0,0,0,0,139,0,0,0,0
zc,WS209,2012-06-15 09:01:48.293,2425.0000,216736,-140,0.0000,228.0000,44,184,空平,B,2425.0000,0.0000,0.0000,0.0000,0.0000,2426.0000,0.0000,0.0000,0.0000,0.0000,9,0,0,0,0,123,0,0,0,0
zc,WS209,2012-06-15 09:01:49.807,2425.0000,216736,0,0.0000,2.0000,1,1,多换,B,2424.0000,0.0000,0.0000,0.0000,0.0000,2426.0000,0.0000,0.0000,0.0000,0.0000,6,0,0,0,0,123,0,0,0,0
zc,WS209,2012-06-15 09:01:51.010,2426.0000,216736,0,0.0000,16.0000,8,8,多换,B,2424.0000,0.0000,0.0000,0.0000,0.0000,2426.0000,0.0000,0.0000,0.0000,0.0000,6,0,0,0,0,115,0,0,0,0
zc,WS209,2012-06-15 09:01:51.777,2424.0000,216734,-2,0.0000,4.0000,1,3,多平,S,2424.0000,0.0000,0.0000,0.0000,0.0000,2425.0000,0.0000,0.0000,0.0000,0.0000,5,0,0,0,0,20,0,0,0,0
zc,WS209,2012-06-15 09:01:53.073,2425.0000,216736,2,0.0000,2.0000,2,0,双开,B,2424.0000,0.0000,0.0000,0.0000,0.0000,2425.0000,0.0000,0.0000,0.0000,0.0000,5,0,0,0,0,19,0,0,0,0
zc,WS209,2012-06-15 09:01:53.260,2425.0000,216736,0,0.0000,0.0000,0,0,多换,B,2424.0000,0.0000,0.0000,0.0000,0.0000,2425.0000,0.0000,0.0000,0.0000,0.0000,7,0,0,0,0,19,0,0,0,0
zc,WS209,2012-06-15 09:01:54.090,2425.0000,216736,0,0.0000,0.0000,0,0,多换,B,2424.0000,0.0000,0.0000,0.0000,0.0000,2425.0000,0.0000,0.0000,0.0000,0.0000,7,0,0,0,0,20,0,0,0,0
zc,WS209,2012-06-15 09:01:54.557,2424.0000,216736,0,0.0000,2.0000,1,1,空换,S,2424.0000,0.0000,0.0000,0.0000,0.0000,2425.0000,0.0000,0.0000,0.0000,0.0000,6,0,0,0,0,20,0,0,0,0
zc,WS209,2012-06-15 09:01:55.527,2425.0000,216738,2,0.0000,2.0000,2,0,双开,B,2424.0000,0.0000,0.0000,0.0000,0.0000,2425.0000,0.0000,0.0000,0.0000,0.0000,3,0,0,0,0,19,0,0,0,0
zc,WS209,2012-06-15 09:01:57.277,2425.0000,216744,6,0.0000,6.0000,6,0,双开,B,2424.0000,0.0000,0.0000,0.0000,0.0000,2425.0000,0.0000,0.0000,0.0000,0.0000,5,0,0,0,0,16,0,0,0,0
zc,WS209,2012-06-15 09:01:57.840,2424.0000,216744,0,0.0000,2.0000,1,1,空换,S,2424.0000,0.0000,0.0000,0.0000,0.0000,2425.0000,0.0000,0.0000,0.0000,0.0000,5,0,0,0,0,16,0,0,0,0
zc,WS209,2012-06-15 09:01:59.120,2424.0000,216744,0,0.0000,0.0000,0,0,空换,S,2424.0000,0.0000,0.0000,0.0000,0.0000,2425.0000,0.0000,0.0000,0.0000,0.0000,3,0,0,0,0,16,0,0,0,0
zc,WS209,2012-06-15 09:01:59.823,2424.0000,216744,0,0.0000,0.0000,0,0,空换,S,2424.0000,0.0000,0.0000,0.0000,0.0000,2425.0000,0.0000,0.0000,0.0000,0.0000,10,0,0,0,0,16,0,0,0,0
zc,WS209,2012-06-15 09:02:00.823,2424.0000,216728,-16,0.0000,22.0000,3,19,多平,S,2423.0000,0.0000,0.0000,0.0000,0.0000,2424.0000,0.0000,0.0000,0.0000,0.0000,51,0,0,0,0,289,0,0,0,0
zc,WS209,2012-06-15 09:02:01.277,2424.0000,216726,-2,0.0000,8.0000,3,5,多平,S,2423.0000,0.0000,0.0000,0.0000,0.0000,2424.0000,0.0000,0.0000,0.0000,0.0000,44,0,0,0,0,285,0,0,0,0
zc,WS209,2012-06-15 09:02:02.027,2424.0000,216726,0,0.0000,2.0000,1,1,空换,S,2423.0000,0.0000,0.0000,0.0000,0.0000,2424.0000,0.0000,0.0000,0.0000,0.0000,43,0,0,0,0,285,0,0,0,0
zc,WS209,2012-06-15 09:02:02.573,2424.0000,216726,0,0.0000,8.0000,4,4,空换,S,2423.0000,0.0000,0.0000,0.0000,0.0000,2424.0000,0.0000,0.0000,0.0000,0.0000,52,0,0,0,0,281,0,0,0,0
zc,WS209,2012-06-15 09:02:03.760,2424.0000,216724,-2,0.0000,6.0000,2,4,多平,S,2423.0000,0.0000,0.0000,0.0000,0.0000,2424.0000,0.0000,0.0000,0.0000,0.0000,50,0,0,0,0,278,0,0,0,0
zc,WS209,2012-06-15 09:02:04.543,2424.0000,216724,0,0.0000,14.0000,7,7,空换,S,2423.0000,0.0000,0.0000,0.0000,0.0000,2424.0000,0.0000,0.0000,0.0000,0.0000,44,0,0,0,0,271,0,0,0,0
zc,WS209,2012-06-15 09:02:05.043,2424.0000,216724,0,0.0000,2.0000,1,1,空换,S,2423.0000,0.0000,0.0000,0.0000,0.0000,2424.0000,0.0000,0.0000,0.0000,0.0000,42,0,0,0,0,270,0,0,0,0
zc,WS209,2012-06-15 09:02:05.590,2424.0000,216724,0,0.0000,2.0000,1,1,空换,S,2423.0000,0.0000,0.0000,0.0000,0.0000,2424.0000,0.0000,0.0000,0.0000,0.0000,40,0,0,0,0,269,0,0,0,0
zc,WS209,2012-06-15 09:02:06.307,2423.0000,216724,0,0.0000,2.0000,1,1,空换,S,2423.0000,0.0000,0.0000,0.0000,0.0000,2424.0000,0.0000,0.0000,0.0000,0.0000,39,0,0,0,0,269,0,0,0,0
zc,WS209,2012-06-15 09:02:06.840,2424.0000,216724,0,0.0000,2.0000,1,1,多换,B,2423.0000,0.0000,0.0000,0.0000,0.0000,2424.0000,0.0000,0.0000,0.0000,0.0000,37,0,0,0,0,268,0,0,0,0
zc,WS209,2012-06-15 09:02:07.573,2424.0000,216726,2,0.0000,66.0000,34,32,多开,B,2423.0000,0.0000,0.0000,0.0000,0.0000,2424.0000,0.0000,0.0000,0.0000,0.0000,39,0,0,0,0,236,0,0,0,0
zc,WS209,2012-06-15 09:02:08.090,2423.0000,216736,10,0.0000,28.0000,19,9,空开,S,2423.0000,0.0000,0.0000,0.0000,0.0000,2424.0000,0.0000,0.0000,0.0000,0.0000,46,0,0,0,0,233,0,0,0,0
zc,WS209,2012-06-15 09:02:08.807,2424.0000,216728,-8,0.0000,8.0000,0,8,双平,B,2423.0000,0.0000,0.0000,0.0000,0.0000,2424.0000,0.0000,0.0000,0.0000,0.0000,42,0,0,0,0,229,0,0,0,0
zc,WS209,2012-06-15 09:02:09.510,2424.0000,216668,-60,0.0000,110.0000,25,85,空平,B,2423.0000,0.0000,0.0000,0.0000,0.0000,2424.0000,0.0000,0.0000,0.0000,0.0000,65,0,0,0,0,182,0,0,0,0
zc,WS209,2012-06-15 09:02:10.357,2424.0000,216668,0,0.0000,0.0000,0,0,多换,B,2423.0000,0.0000,0.0000,0.0000,0.0000,2424.0000,0.0000,0.0000,0.0000,0.0000,100,0,0,0,0,182,0,0,0,0
zc,WS209,2012-06-15 09:02:10.807,2424.0000,216668,0,0.0000,2.0000,1,1,多换,B,2423.0000,0.0000,0.0000,0.0000,0.0000,2424.0000,0.0000,0.0000,0.0000,0.0000,63,0,0,0,0,181,0,0,0,0
zc,WS209,2012-06-15 09:02:11.607,2423.0000,216668,0,0.0000,4.0000,2,2,空换,S,2423.0000,0.0000,0.0000,0.0000,0.0000,2424.0000,0.0000,0.0000,0.0000,0.0000,62,0,0,0,0,180,0,0,0,0
zc,WS209,2012-06-15 09:02:12.073,2424.0000,216668,0,0.0000,2.0000,1,1,多换,B,2423.0000,0.0000,0.0000,0.0000,0.0000,2424.0000,0.0000,0.0000,0.0000,0.0000,62,0,0,0,0,179,0,0,0,0
zc,WS209,2012-06-15 09:02:12.807,2424.0000,216658,-10,0.0000,10.0000,0,10,双平,B,2423.0000,0.0000,0.0000,0.0000,0.0000,2424.0000,0.0000,0.0000,0.0000,0.0000,67,0,0,0,0,174,0,0,0,0
zc,WS209,2012-06-15 09:02:13.043,2424.0000,216658,0,0.0000,0.0000,0,0,多换,B,2423.0000,0.0000,0.0000,0.0000,0.0000,2424.0000,0.0000,0.0000,0.0000,0.0000,62,0,0,0,0,174,0,0,0,0
zc,WS209,2012-06-15 09:02:13.747,2424.0000,216656,-2,0.0000,2.0000,0,2,双平,B,2423.0000,0.0000,0.0000,0.0000,0.0000,2424.0000,0.0000,0.0000,0.0000,0.0000,65,0,0,0,0,173,0,0,0,0
zc,WS209,2012-06-15 09:02:14.277,2423.0000,216656,0,0.0000,2.0000,1,1,空换,S,2423.0000,0.0000,0.0000,0.0000,0.0000,2424.0000,0.0000,0.0000,0.0000,0.0000,66,0,0,0,0,173,0,0,0,0
zc,WS209,2012-06-15 09:02:15.010,2423.0000,216656,0,0.0000,0.0000,0,0,空换,S,2423.0000,0.0000,0.0000,0.0000,0.0000,2424.0000,0.0000,0.0000,0.0000,0.0000,70,0,0,0,0,174,0,0,0,0
zc,WS209,2012-06-15 09:02:15.510,2423.0000,216656,0,0.0000,0.0000,0,0,空换,S,2423.0000,0.0000,0.0000,0.0000,0.0000,2424.0000,0.0000,0.0000,0.0000,0.0000,91,0,0,0,0,174,0,0,0,0
zc,WS209,2012-06-15 09:02:16.777,2423.0000,216656,0,0.0000,0.0000,0,0,空换,S,2423.0000,0.0000,0.0000,0.0000,0.0000,2424.0000,0.0000,0.0000,0.0000,0.0000,92,0,0,0,0,174,0,0,0,0
zc,WS209,2012-06-15 09:02:17.307,2423.0000,216656,0,0.0000,0.0000,0,0,空换,S,2423.0000,0.0000,0.0000,0.0000,0.0000,2424.0000,0.0000,0.0000,0.0000,0.0000,94,0,0,0,0,174,0,0,0,0
zc,WS209,2012-06-15 09:02:18.043,2424.0000,216654,-2,0.0000,2.0000,0,2,双平,B,2423.0000,0.0000,0.0000,0.0000,0.0000,2424.0000,0.0000,0.0000,0.0000,0.0000,93,0,0,0,0,173,0,0,0,0
zc,WS209,2012-06-15 09:02:19.027,2424.0000,216652,-2,0.0000,2.0000,0,2,双平,B,2423.0000,0.0000,0.0000,0.0000,0.0000,2424.0000,0.0000,0.0000,0.0000,0.0000,93,0,0,0,0,172,0,0,0,0
zc,WS209,2012-06-15 09:02:19.527,2424.0000,216652,0,0.0000,0.0000,0,0,多换,B,2423.0000,0.0000,0.0000,0.0000,0.0000,2424.0000,0.0000,0.0000,0.0000,0.0000,89,0,0,0,0,173,0,0,0,0
zc,WS209,2012-06-15 09:02:20.760,2424.0000,216652,0,0.0000,0.0000,0,0,多换,B,2423.0000,0.0000,0.0000,0.0000,0.0000,2424.0000,0.0000,0.0000,0.0000,0.0000,180,0,0,0,0,173,0,0,0,0
zc,WS209,2012-06-15 09:02:21.573,2424.0000,216652,0,0.0000,0.0000,0,0,多换,B,2423.0000,0.0000,0.0000,0.0000,0.0000,2424.0000,0.0000,0.0000,0.0000,0.0000,181,0,0,0,0,173,0,0,0,0
zc,WS209,2012-06-15 09:02:22.090,2424.0000,216652,0,0.0000,10.0000,5,5,多换,B,2423.0000,0.0000,0.0000,0.0000,0.0000,2424.0000,0.0000,0.0000,0.0000,0.0000,182,0,0,0,0,168,0,0,0,0
zc,WS209,2012-06-15 09:02:22.527,2424.0000,216652,0,0.0000,0.0000,0,0,多换,B,2423.0000,0.0000,0.0000,0.0000,0.0000,2424.0000,0.0000,0.0000,0.0000,0.0000,182,0,0,0,0,167,0,0,0,0
zc,WS209,2012-06-15 09:02:23.247,2424.0000,216650,-2,0.0000,4.0000,1,3,空平,B,2423.0000,0.0000,0.0000,0.0000,0.0000,2424.0000,0.0000,0.0000,0.0000,0.0000,182,0,0,0,0,165,0,0,0,0
zc,WS209,2012-06-15 09:02:24.573,2424.0000,216650,0,0.0000,0.0000,0,0,多换,B,2423.0000,0.0000,0.0000,0.0000,0.0000,2424.0000,0.0000,0.0000,0.0000,0.0000,184,0,0,0,0,165,0,0,0,0
zc,WS209,2012-06-15 09:02:25.073,2424.0000,216650,0,0.0000,0.0000,0,0,多换,B,2423.0000,0.0000,0.0000,0.0000,0.0000,2424.0000,0.0000,0.0000,0.0000,0.0000,186,0,0,0,0,165,0,0,0,0
zc,WS209,2012-06-15 09:02:25.777,2424.0000,216650,0,0.0000,0.0000,0,0,多换,B,2423.0000,0.0000,0.0000,0.0000,0.0000,2424.0000,0.0000,0.0000,0.0000,0.0000,186,0,0,0,0,166,0,0,0,0
zc,WS209,2012-06-15 09:02:26.760,2423.0000,216652,2,0.0000,2.0000,2,0,双开,S,2423.0000,0.0000,0.0000,0.0000,0.0000,2424.0000,0.0000,0.0000,0.0000,0.0000,185,0,0,0,0,166,0,0,0,0
zc,WS209,2012-06-15 09:02:27.307,2424.0000,216648,-4,0.0000,4.0000,0,4,双平,B,2423.0000,0.0000,0.0000,0.0000,0.0000,2424.0000,0.0000,0.0000,0.0000,0.0000,186,0,0,0,0,164,0,0,0,0
zc,WS209,2012-06-15 09:02:28.057,2424.0000,216648,0,0.0000,14.0000,7,7,多换,B,2423.0000,0.0000,0.0000,0.0000,0.0000,2424.0000,0.0000,0.0000,0.0000,0.0000,187,0,0,0,0,157,0,0,0,0
zc,WS209,2012-06-15 09:02:29.340,2424.0000,216648,0,0.0000,0.0000,0,0,多换,B,2423.0000,0.0000,0.0000,0.0000,0.0000,2424.0000,0.0000,0.0000,0.0000,0.0000,191,0,0,0,0,157,0,0,0,0
zc,WS209,2012-06-15 09:02:30.527,2423.0000,216666,18,0.0000,200.0000,109,91,空开,S,2423.0000,0.0000,0.0000,0.0000,0.0000,2424.0000,0.0000,0.0000,0.0000,0.0000,101,0,0,0,0,157,0,0,0,0
zc,WS209,2012-06-15 09:02:31.010,2423.0000,216666,0,0.0000,0.0000,0,0,空换,S,2423.0000,0.0000,0.0000,0.0000,0.0000,2424.0000,0.0000,0.0000,0.0000,0.0000,103,0,0,0,0,157,0,0,0,0
zc,WS209,2012-06-15 09:02:31.543,2423.0000,216666,0,0.0000,0.0000,0,0,空换,S,2423.0000,0.0000,0.0000,0.0000,0.0000,2424.0000,0.0000,0.0000,0.0000,0.0000,105,0,0,0,0,157,0,0,0,0
zc,WS209,2012-06-15 09:02:32.307,2424.0000,216666,0,0.0000,2.0000,1,1,多换,B,2423.0000,0.0000,0.0000,0.0000,0.0000,2424.0000,0.0000,0.0000,0.0000,0.0000,98,0,0,0,0,266,0,0,0,0
zc,WS209,2012-06-15 09:02:34.793,2423.0000,216664,-2,0.0000,140.0000,69,71,多平,S,2423.0000,0.0000,0.0000,0.0000,0.0000,2424.0000,0.0000,0.0000,0.0000,0.0000,28,0,0,0,0,282,0,0,0,0
zc,WS209,2012-06-15 09:02:35.793,2423.0000,216664,0,0.0000,4.0000,2,2,空换,S,2423.0000,0.0000,0.0000,0.0000,0.0000,2424.0000,0.0000,0.0000,0.0000,0.0000,26,0,0,0,0,284,0,0,0,0
zc,WS209,2012-06-15 09:02:36.573,2423.0000,216714,50,0.0000,54.0000,52,2,空开,S,2422.0000,0.0000,0.0000,0.0000,0.0000,2423.0000,0.0000,0.0000,0.0000,0.0000,32,0,0,0,0,3,0,0,0,0
zc,WS209,2012-06-15 09:02:37.073,2423.0000,216716,2,0.0000,2.0000,2,0,双开,S,2422.0000,0.0000,0.0000,0.0000,0.0000,2423.0000,0.0000,0.0000,0.0000,0.0000,34,0,0,0,0,3,0,0,0,0
zc,WS209,2012-06-15 09:02:37.823,2423.0000,216716,0,0.0000,0.0000,0,0,空换,S,2422.0000,0.0000,0.0000,0.0000,0.0000,2423.0000,0.0000,0.0000,0.0000,0.0000,34,0,0,0,0,4,0,0,0,0
zc,WS209,2012-06-15 09:02:38.293,2423.0000,216716,0,0.0000,0.0000,0,0,空换,S,2422.0000,0.0000,0.0000,0.0000,0.0000,2423.0000,0.0000,0.0000,0.0000,0.0000,35,0,0,0,0,12,0,0,0,0
zc,WS209,2012-06-15 09:02:40.340,2423.0000,216726,10,0.0000,10.0000,10,0,双开,S,2422.0000,0.0000,0.0000,0.0000,0.0000,2423.0000,0.0000,0.0000,0.0000,0.0000,29,0,0,0,0,7,0,0,0,0
zc,WS209,2012-06-15 09:02:40.857,2422.0000,216772,46,0.0000,58.0000,52,6,空开,S,2421.0000,0.0000,0.0000,0.0000,0.0000,2422.0000,0.0000,0.0000,0.0000,0.0000,25,0,0,0,0,4,0,0,0,0
zc,WS209,2012-06-15 09:02:41.527,2422.0000,216772,0,0.0000,4.0000,2,2,空换,S,2421.0000,0.0000,0.0000,0.0000,0.0000,2422.0000,0.0000,0.0000,0.0000,0.0000,27,0,0,0,0,2,0,0,0,0
zc,WS209,2012-06-15 09:02:42.557,2422.0000,216772,0,0.0000,6.0000,3,3,空换,S,2421.0000,0.0000,0.0000,0.0000,0.0000,2422.0000,0.0000,0.0000,0.0000,0.0000,27,0,0,0,0,30,0,0,0,0
zc,WS209,2012-06-15 09:02:43.010,2421.0000,216764,-8,0.0000,54.0000,23,31,多平,S,2420.0000,0.0000,0.0000,0.0000,0.0000,2421.0000,0.0000,0.0000,0.0000,0.0000,18,0,0,0,0,10,0,0,0,0
zc,WS209,2012-06-15 09:02:43.793,2421.0000,216764,0,0.0000,10.0000,5,5,空换,S,2420.0000,0.0000,0.0000,0.0000,0.0000,2421.0000,0.0000,0.0000,0.0000,0.0000,20,0,0,0,0,11,0,0,0,0
zc,WS209,2012-06-15 09:02:44.590,2422.0000,216762,-2,0.0000,8.0000,3,5,空平,B,2420.0000,0.0000,0.0000,0.0000,0.0000,2423.0000,0.0000,0.0000,0.0000,0.0000,20,0,0,0,0,69,0,0,0,0
zc,WS209,2012-06-15 09:02:45.043,2420.0000,216760,-2,0.0000,26.0000,12,14,多平,S,2420.0000,0.0000,0.0000,0.0000,0.0000,2421.0000,0.0000,0.0000,0.0000,0.0000,11,0,0,0,0,1,0,0,0,0
zc,WS209,2012-06-15 09:02:45.807,2420.0000,216756,-4,0.0000,22.0000,9,13,多平,S,2418.0000,0.0000,0.0000,0.0000,0.0000,2420.0000,0.0000,0.0000,0.0000,0.0000,11,0,0,0,0,1,0,0,0,0
zc,WS209,2012-06-15 09:02:46.307,2420.0000,216758,2,0.0000,4.0000,3,1,空开,S,2418.0000,0.0000,0.0000,0.0000,0.0000,2420.0000,0.0000,0.0000,0.0000,0.0000,11,0,0,0,0,7,0,0,0,0
zc,WS209,2012-06-15 09:02:47.057,2418.0000,216756,-2,0.0000,18.0000,8,10,多平,S,2418.0000,0.0000,0.0000,0.0000,0.0000,2420.0000,0.0000,0.0000,0.0000,0.0000,15,0,0,0,0,7,0,0,0,0
zc,WS209,2012-06-15 09:02:47.260,2420.0000,216758,2,0.0000,2.0000,2,0,双开,B,2418.0000,0.0000,0.0000,0.0000,0.0000,2420.0000,0.0000,0.0000,0.0000,0.0000,15,0,0,0,0,34,0,0,0,0
zc,WS209,2012-06-15 09:02:48.527,2418.0000,216762,4,0.0000,6.0000,5,1,空开,S,2418.0000,0.0000,0.0000,0.0000,0.0000,2420.0000,0.0000,0.0000,0.0000,0.0000,12,0,0,0,0,34,0,0,0,0
zc,WS209,2012-06-15 09:02:49.590,2418.0000,216762,0,0.0000,0.0000,0,0,空换,S,2418.0000,0.0000,0.0000,0.0000,0.0000,2420.0000,0.0000,0.0000,0.0000,0.0000,11,0,0,0,0,33,0,0,0,0
zc,WS209,2012-06-15 09:02:50.043,2418.0000,216762,0,0.0000,0.0000,0,0,空换,S,2419.0000,0.0000,0.0000,0.0000,0.0000,2420.0000,0.0000,0.0000,0.0000,0.0000,2,0,0,0,0,33,0,0,0,0
zc,WS209,2012-06-15 09:02:51.277,2418.0000,216758,-4,0.0000,8.0000,2,6,多平,S,2418.0000,0.0000,0.0000,0.0000,0.0000,2420.0000,0.0000,0.0000,0.0000,0.0000,8,0,0,0,0,83,0,0,0,0
zc,WS209,2012-06-15 09:02:51.760,2418.0000,216758,0,0.0000,0.0000,0,0,空换,S,2418.0000,0.0000,0.0000,0.0000,0.0000,2420.0000,0.0000,0.0000,0.0000,0.0000,29,0,0,0,0,77,0,0,0,0
zc,WS209,2012-06-15 09:02:52.230,2418.0000,216758,0,0.0000,0.0000,0,0,空换,S,2418.0000,0.0000,0.0000,0.0000,0.0000,2419.0000,0.0000,0.0000,0.0000,0.0000,29,0,0,0,0,1,0,0,0,0
zc,WS209,2012-06-15 09:02:53.043,2420.0000,216754,-4,0.0000,12.0000,4,8,空平,B,2419.0000,0.0000,0.0000,0.0000,0.0000,2420.0000,0.0000,0.0000,0.0000,0.0000,1,0,0,0,0,74,0,0,0,0
zc,WS209,2012-06-15 09:02:53.527,2420.0000,216754,0,0.0000,14.0000,7,7,多换,B,2418.0000,0.0000,0.0000,0.0000,0.0000,2420.0000,0.0000,0.0000,0.0000,0.0000,22,0,0,0,0,48,0,0,0,0
zc,WS209,2012-06-15 09:02:54.260,2420.0000,216750,-4,0.0000,10.0000,3,7,空平,B,2418.0000,0.0000,0.0000,0.0000,0.0000,2420.0000,0.0000,0.0000,0.0000,0.0000,22,0,0,0,0,46,0,0,0,0
zc,WS209,2012-06-15 09:02:54.980,2420.0000,216750,0,0.0000,0.0000,0,0,多换,B,2418.0000,0.0000,0.0000,0.0000,0.0000,2420.0000,0.0000,0.0000,0.0000,0.0000,23,0,0,0,0,46,0,0,0,0
zc,WS209,2012-06-15 09:02:55.497,2420.0000,216750,0,0.0000,14.0000,7,7,多换,B,2419.0000,0.0000,0.0000,0.0000,0.0000,2420.0000,0.0000,0.0000,0.0000,0.0000,1,0,0,0,0,39,0,0,0,0
zc,WS209,2012-06-15 09:02:56.027,2419.0000,216742,-8,0.0000,16.0000,4,12,多平,S,2418.0000,0.0000,0.0000,0.0000,0.0000,2419.0000,0.0000,0.0000,0.0000,0.0000,11,0,0,0,0,6,0,0,0,0
zc,WS209,2012-06-15 09:02:56.527,2419.0000,216740,-2,0.0000,10.0000,4,6,多平,S,2418.0000,0.0000,0.0000,0.0000,0.0000,2419.0000,0.0000,0.0000,0.0000,0.0000,12,0,0,0,0,1,0,0,0,0
zc,WS209,2012-06-15 09:02:57.247,2420.0000,216750,10,0.0000,12.0000,11,1,多开,B,2418.0000,0.0000,0.0000,0.0000,0.0000,2420.0000,0.0000,0.0000,0.0000,0.0000,11,0,0,0,0,6,0,0,0,0
zc,WS209,2012-06-15 09:02:57.793,2420.0000,216750,0,0.0000,2.0000,1,1,多换,B,2419.0000,0.0000,0.0000,0.0000,0.0000,2420.0000,0.0000,0.0000,0.0000,0.0000,1,0,0,0,0,5,0,0,0,0
zc,WS209,2012-06-15 09:02:58.277,2420.0000,216750,0,0.0000,0.0000,0,0,多换,B,2419.0000,0.0000,0.0000,0.0000,0.0000,2420.0000,0.0000,0.0000,0.0000,0.0000,20,0,0,0,0,1,0,0,0,0
zc,WS209,2012-06-15 09:02:59.510,2419.0000,216750,0,0.0000,4.0000,2,2,空换,S,2419.0000,0.0000,0.0000,0.0000,0.0000,2420.0000,0.0000,0.0000,0.0000,0.0000,20,0,0,0,0,1,0,0,0,0
zc,WS209,2012-06-15 09:03:00.247,2419.0000,216750,0,0.0000,0.0000,0,0,空换,S,2419.0000,0.0000,0.0000,0.0000,0.0000,2420.0000,0.0000,0.0000,0.0000,0.0000,23,0,0,0,0,1,0,0,0,0
zc,WS209,2012-06-15 09:03:00.777,2419.0000,216750,0,0.0000,4.0000,2,2,空换,S,2419.0000,0.0000,0.0000,0.0000,0.0000,2420.0000,0.0000,0.0000,0.0000,0.0000,21,0,0,0,0,1,0,0,0,0
zc,WS209,2012-06-15 09:03:01.247,2419.0000,216752,2,0.0000,2.0000,2,0,双开,S,2419.0000,0.0000,0.0000,0.0000,0.0000,2420.0000,0.0000,0.0000,0.0000,0.0000,21,0,0,0,0,1,0,0,0,0
zc,WS209,2012-06-15 09:03:01.730,2419.0000,216752,0,0.0000,0.0000,0,0,空换,S,2419.0000,0.0000,0.0000,0.0000,0.0000,2420.0000,0.0000,0.0000,0.0000,0.0000,24,0,0,0,0,1,0,0,0,0
zc,WS209,2012-06-15 09:03:02.497,2419.0000,216792,40,0.0000,42.0000,41,1,空开,S,2419.0000,0.0000,0.0000,0.0000,0.0000,2421.0000,0.0000,0.0000,0.0000,0.0000,4,0,0,0,0,2,0,0,0,0
zc,WS209,2012-06-15 09:03:03.010,2419.0000,216792,0,0.0000,0.0000,0,0,空换,S,2419.0000,0.0000,0.0000,0.0000,0.0000,2422.0000,0.0000,0.0000,0.0000,0.0000,4,0,0,0,0,5,0,0,0,0
zc,WS209,2012-06-15 09:03:03.760,2419.0000,216792,0,0.0000,8.0000,4,4,空换,S,2419.0000,0.0000,0.0000,0.0000,0.0000,2421.0000,0.0000,0.0000,0.0000,0.0000,1,0,0,0,0,1,0,0,0,0
zc,WS209,2012-06-15 09:03:06.323,2421.0000,216786,-6,0.0000,8.0000,1,7,空平,B,2419.0000,0.0000,0.0000,0.0000,0.0000,2421.0000,0.0000,0.0000,0.0000,0.0000,2,0,0,0,0,10,0,0,0,0
zc,WS209,2012-06-15 09:03:06.777,2421.0000,216786,0,0.0000,0.0000,0,0,多换,B,2419.0000,0.0000,0.0000,0.0000,0.0000,2421.0000,0.0000,0.0000,0.0000,0.0000,3,0,0,0,0,11,0,0,0,0
zc,WS209,2012-06-15 09:03:07.527,2419.0000,216786,0,0.0000,4.0000,2,2,空换,S,2419.0000,0.0000,0.0000,0.0000,0.0000,2421.0000,0.0000,0.0000,0.0000,0.0000,2,0,0,0,0,9,0,0,0,0
zc,WS209,2012-06-15 09:03:08.043,2420.0000,216792,6,0.0000,8.0000,7,1,多开,B,2419.0000,0.0000,0.0000,0.0000,0.0000,2420.0000,0.0000,0.0000,0.0000,0.0000,2,0,0,0,0,5,0,0,0,0
zc,WS209,2012-06-15 09:03:09.323,2420.0000,216792,0,0.0000,0.0000,0,0,多换,B,2419.0000,0.0000,0.0000,0.0000,0.0000,2421.0000,0.0000,0.0000,0.0000,0.0000,3,0,0,0,0,3,0,0,0,0
zc,WS209,2012-06-15 09:03:10.043,2420.0000,216792,0,0.0000,10.0000,5,5,多换,B,2419.0000,0.0000,0.0000,0.0000,0.0000,2420.0000,0.0000,0.0000,0.0000,0.0000,7,0,0,0,0,10,0,0,0,0
zc,WS209,2012-06-15 09:03:10.573,2420.0000,216792,0,0.0000,2.0000,1,1,多换,B,2419.0000,0.0000,0.0000,0.0000,0.0000,2420.0000,0.0000,0.0000,0.0000,0.0000,6,0,0,0,0,9,0,0,0,0
zc,WS209,2012-06-15 09:03:11.043,2420.0000,216792,0,0.0000,6.0000,3,3,多换,B,2419.0000,0.0000,0.0000,0.0000,0.0000,2420.0000,0.0000,0.0000,0.0000,0.0000,6,0,0,0,0,11,0,0,0,0
zc,WS209,2012-06-15 09:03:11.760,2420.0000,216792,0,0.0000,0.0000,0,0,多换,B,2419.0000,0.0000,0.0000,0.0000,0.0000,2420.0000,0.0000,0.0000,0.0000,0.0000,6,0,0,0,0,6,0,0,0,0
zc,WS209,2012-06-15 09:03:12.293,2420.0000,216780,-12,0.0000,12.0000,0,12,双平,B,2420.0000,0.0000,0.0000,0.0000,0.0000,2421.0000,0.0000,0.0000,0.0000,0.0000,4,0,0,0,0,8,0,0,0,0
zc,WS209,2012-06-15 09:03:13.043,2420.0000,216780,0,0.0000,0.0000,0,0,多换,B,2420.0000,0.0000,0.0000,0.0000,0.0000,2421.0000,0.0000,0.0000,0.0000,0.0000,4,0,0,0,0,10,0,0,0,0
zc,WS209,2012-06-15 09:03:13.260,2420.0000,216780,0,0.0000,0.0000,0,0,多换,B,2420.0000,0.0000,0.0000,0.0000,0.0000,2421.0000,0.0000,0.0000,0.0000,0.0000,6,0,0,0,0,9,0,0,0,0
zc,WS209,2012-06-15 09:03:14.527,2420.0000,216780,0,0.0000,0.0000,0,0,多换,B,2420.0000,0.0000,0.0000,0.0000,0.0000,2421.0000,0.0000,0.0000,0.0000,0.0000,9,0,0,0,0,10,0,0,0,0
zc,WS209,2012-06-15 09:03:15.247,2419.0000,216788,8,0.0000,20.0000,14,6,空开,S,2419.0000,0.0000,0.0000,0.0000,0.0000,2421.0000,0.0000,0.0000,0.0000,0.0000,5,0,0,0,0,11,0,0,0,0
zc,WS209,2012-06-15 09:03:15.793,2419.0000,216788,0,0.0000,0.0000,0,0,空换,S,2420.0000,0.0000,0.0000,0.0000,0.0000,2421.0000,0.0000,0.0000,0.0000,0.0000,2,0,0,0,0,11,0,0,0,0
zc,WS209,2012-06-15 09:03:16.293,2419.0000,216834,46,0.0000,80.0000,63,17,空开,S,2418.0000,0.0000,0.0000,0.0000,0.0000,2419.0000,0.0000,0.0000,0.0000,0.0000,36,0,0,0,0,5,0,0,0,0
zc,WS209,2012-06-15 09:03:17.027,2419.0000,216838,4,0.0000,4.0000,4,0,双开,S,2418.0000,0.0000,0.0000,0.0000,0.0000,2419.0000,0.0000,0.0000,0.0000,0.0000,36,0,0,0,0,3,0,0,0,0
zc,WS209,2012-06-15 09:03:17.510,2421.0000,216850,12,0.0000,16.0000,14,2,多开,B,2418.0000,0.0000,0.0000,0.0000,0.0000,2421.0000,0.0000,0.0000,0.0000,0.0000,34,0,0,0,0,8,0,0,0,0
zc,WS209,2012-06-15 09:03:18.307,2421.0000,216850,0,0.0000,0.0000,0,0,多换,B,2418.0000,0.0000,0.0000,0.0000,0.0000,2421.0000,0.0000,0.0000,0.0000,0.0000,35,0,0,0,0,8,0,0,0,0
zc,WS209,2012-06-15 09:03:18.747,2421.0000,216852,2,0.0000,2.0000,2,0,双开,B,2418.0000,0.0000,0.0000,0.0000,0.0000,2421.0000,0.0000,0.0000,0.0000,0.0000,35,0,0,0,0,7,0,0,0,0
zc,WS209,2012-06-15 09:03:19.777,2421.0000,216852,0,0.0000,0.0000,0,0,多换,B,2419.0000,0.0000,0.0000,0.0000,0.0000,2421.0000,0.0000,0.0000,0.0000,0.0000,2,0,0,0,0,7,0,0,0,0
zc,WS209,2012-06-15 09:03:20.793,2421.0000,216852,0,0.0000,0.0000,0,0,多换,B,2419.0000,0.0000,0.0000,0.0000,0.0000,2421.0000,0.0000,0.0000,0.0000,0.0000,3,0,0,0,0,7,0,0,0,0
zc,WS209,2012-06-15 09:03:21.307,2421.0000,216852,0,0.0000,0.0000,0,0,多换,B,2419.0000,0.0000,0.0000,0.0000,0.0000,2421.0000,0.0000,0.0000,0.0000,0.0000,8,0,0,0,0,7,0,0,0,0
zc,WS209,2012-06-15 09:03:22.590,2421.0000,216852,0,0.0000,0.0000,0,0,多换,B,2419.0000,0.0000,0.0000,0.0000,0.0000,2420.0000,0.0000,0.0000,0.0000,0.0000,10,0,0,0,0,1,0,0,0,0
zc,WS209,2012-06-15 09:03:23.260,2421.0000,216852,0,0.0000,0.0000,0,0,多换,B,2419.0000,0.0000,0.0000,0.0000,0.0000,2420.0000,0.0000,0.0000,0.0000,0.0000,15,0,0,0,0,1,0,0,0,0
zc,WS209,2012-06-15 09:03:23.760,2420.0000,216852,0,0.0000,4.0000,2,2,空换,S,2419.0000,0.0000,0.0000,0.0000,0.0000,2421.0000,0.0000,0.0000,0.0000,0.0000,43,0,0,0,0,13,0,0,0,0
zc,WS209,2012-06-15 09:03:25.043,2420.0000,216852,0,0.0000,0.0000,0,0,空换,S,2419.0000,0.0000,0.0000,0.0000,0.0000,2421.0000,0.0000,0.0000,0.0000,0.0000,44,0,0,0,0,13,0,0,0,0
zc,WS209,2012-06-15 09:03:25.510,2420.0000,216852,0,0.0000,0.0000,0,0,空换,S,2419.0000,0.0000,0.0000,0.0000,0.0000,2421.0000,0.0000,0.0000,0.0000,0.0000,49,0,0,0,0,13,0,0,0,0
zc,WS209,2012-06-15 09:03:26.073,2420.0000,216852,0,0.0000,0.0000,0,0,空换,S,2420.0000,0.0000,0.0000,0.0000,0.0000,2421.0000,0.0000,0.0000,0.0000,0.0000,30,0,0,0,0,5,0,0,0,0
zc,WS209,2012-06-15 09:03:27.260,2421.0000,216852,0,0.0000,6.0000,3,3,多换,B,2420.0000,0.0000,0.0000,0.0000,0.0000,2421.0000,0.0000,0.0000,0.0000,0.0000,28,0,0,0,0,4,0,0,0,0
zc,WS209,2012-06-15 09:03:28.230,2421.0000,216852,0,0.0000,2.0000,1,1,多换,B,2420.0000,0.0000,0.0000,0.0000,0.0000,2421.0000,0.0000,0.0000,0.0000,0.0000,28,0,0,0,0,3,0,0,0,0
zc,WS209,2012-06-15 09:03:29.057,2421.0000,216850,-2,0.0000,2.0000,0,2,双平,B,2420.0000,0.0000,0.0000,0.0000,0.0000,2421.0000,0.0000,0.0000,0.0000,0.0000,29,0,0,0,0,2,0,0,0,0
zc,WS209,2012-06-15 09:03:29.573,2421.0000,216850,0,0.0000,4.0000,2,2,多换,B,2420.0000,0.0000,0.0000,0.0000,0.0000,2422.0000,0.0000,0.0000,0.0000,0.0000,27,0,0,0,0,12,0,0,0,0
zc,WS209,2012-06-15 09:03:30.230,2421.0000,216850,0,0.0000,0.0000,0,0,多换,B,2420.0000,0.0000,0.0000,0.0000,0.0000,2422.0000,0.0000,0.0000,0.0000,0.0000,28,0,0,0,0,12,0,0,0,0
zc,WS209,2012-06-15 09:03:30.340,2421.0000,216850,0,0.0000,0.0000,0,0,多换,B,2420.0000,0.0000,0.0000,0.0000,0.0000,2422.0000,0.0000,0.0000,0.0000,0.0000,28,0,0,0,0,12,0,0,0,0
zc,WS209,2012-06-15 09:03:30.543,2422.0000,216852,2,0.0000,2.0000,2,0,双开,B,2420.0000,0.0000,0.0000,0.0000,0.0000,2422.0000,0.0000,0.0000,0.0000,0.0000,28,0,0,0,0,13,0,0,0,0
zc,WS209,2012-06-15 09:03:31.247,2422.0000,216852,0,0.0000,0.0000,0,0,多换,B,2420.0000,0.0000,0.0000,0.0000,0.0000,2422.0000,0.0000,0.0000,0.0000,0.0000,29,0,0,0,0,13,0,0,0,0
zc,WS209,2012-06-15 09:03:31.793,2422.0000,216852,0,0.0000,0.0000,0,0,多换,B,2420.0000,0.0000,0.0000,0.0000,0.0000,2422.0000,0.0000,0.0000,0.0000,0.0000,30,0,0,0,0,14,0,0,0,0
zc,WS209,2012-06-15 09:03:33.027,2422.0000,216852,0,0.0000,0.0000,0,0,多换,B,2420.0000,0.0000,0.0000,0.0000,0.0000,2422.0000,0.0000,0.0000,0.0000,0.0000,35,0,0,0,0,9,0,0,0,0
zc,WS209,2012-06-15 09:03:33.557,2422.0000,216852,0,0.0000,0.0000,0,0,多换,B,2420.0000,0.0000,0.0000,0.0000,0.0000,2422.0000,0.0000,0.0000,0.0000,0.0000,35,0,0,0,0,6,0,0,0,0
zc,WS209,2012-06-15 09:03:34.260,2422.0000,216844,-8,0.0000,8.0000,0,8,双平,B,2420.0000,0.0000,0.0000,0.0000,0.0000,2422.0000,0.0000,0.0000,0.0000,0.0000,36,0,0,0,0,3,0,0,0,0
zc,WS209,2012-06-15 09:03:34.793,2420.0000,216904,60,0.0000,68.0000,64,4,空开,S,2421.0000,0.0000,0.0000,0.0000,0.0000,2422.0000,0.0000,0.0000,0.0000,0.0000,1,0,0,0,0,1,0,0,0,0
zc,WS209,2012-06-15 09:03:35.510,2420.0000,216906,2,0.0000,2.0000,2,0,双开,S,2420.0000,0.0000,0.0000,0.0000,0.0000,2422.0000,0.0000,0.0000,0.0000,0.0000,26,0,0,0,0,1,0,0,0,0
zc,WS209,2012-06-15 09:03:36.510,2420.0000,216906,0,0.0000,8.0000,4,4,空换,S,2420.0000,0.0000,0.0000,0.0000,0.0000,2422.0000,0.0000,0.0000,0.0000,0.0000,22,0,0,0,0,8,0,0,0,0
zc,WS209,2012-06-15 09:03:36.997,2422.0000,216898,-8,0.0000,8.0000,0,8,双平,B,2421.0000,0.0000,0.0000,0.0000,0.0000,2422.0000,0.0000,0.0000,0.0000,0.0000,1,0,0,0,0,5,0,0,0,0
zc,WS209,2012-06-15 09:03:37.510,2421.0000,216896,-2,0.0000,2.0000,0,2,双平,S,2420.0000,0.0000,0.0000,0.0000,0.0000,2422.0000,0.0000,0.0000,0.0000,0.0000,22,0,0,0,0,5,0,0,0,0
zc,WS209,2012-06-15 09:03:39.510,2422.0000,216888,-8,0.0000,16.0000,4,12,空平,B,2422.0000,0.0000,0.0000,0.0000,0.0000,2423.0000,0.0000,0.0000,0.0000,0.0000,6,0,0,0,0,166,0,0,0,0
zc,WS209,2012-06-15 09:03:39.747,2422.0000,216888,0,0.0000,0.0000,0,0,多换,B,2422.0000,0.0000,0.0000,0.0000,0.0000,2423.0000,0.0000,0.0000,0.0000,0.0000,6,0,0,0,0,167,0,0,0,0
zc,WS209,2012-06-15 09:03:41.010,2422.0000,216876,-12,0.0000,14.0000,1,13,空平,B,2420.0000,0.0000,0.0000,0.0000,0.0000,2422.0000,0.0000,0.0000,0.0000,0.0000,23,0,0,0,0,10,0,0,0,0
zc,WS209,2012-06-15 09:03:41.747,2422.0000,216876,0,0.0000,0.0000,0,0,多换,B,2420.0000,0.0000,0.0000,0.0000,0.0000,2422.0000,0.0000,0.0000,0.0000,0.0000,23,0,0,0,0,11,0,0,0,0
zc,WS209,2012-06-15 09:03:42.277,2422.0000,216876,0,0.0000,0.0000,0,0,多换,B,2420.0000,0.0000,0.0000,0.0000,0.0000,2422.0000,0.0000,0.0000,0.0000,0.0000,24,0,0,0,0,11,0,0,0,0
zc,WS209,2012-06-15 09:03:43.010,2422.0000,216876,0,0.0000,0.0000,0,0,多换,B,2420.0000,0.0000,0.0000,0.0000,0.0000,2422.0000,0.0000,0.0000,0.0000,0.0000,24,0,0,0,0,12,0,0,0,0
zc,WS209,2012-06-15 09:03:43.543,2422.0000,216876,0,0.0000,0.0000,0,0,多换,B,2421.0000,0.0000,0.0000,0.0000,0.0000,2422.0000,0.0000,0.0000,0.0000,0.0000,1,0,0,0,0,12,0,0,0,0
zc,WS209,2012-06-15 09:03:44.043,2422.0000,216876,0,0.0000,2.0000,1,1,多换,B,2421.0000,0.0000,0.0000,0.0000,0.0000,2422.0000,0.0000,0.0000,0.0000,0.0000,1,0,0,0,0,11,0,0,0,0
zc,WS209,2012-06-15 09:03:44.760,2421.0000,216866,-10,0.0000,14.0000,2,12,多平,S,2420.0000,0.0000,0.0000,0.0000,0.0000,2421.0000,0.0000,0.0000,0.0000,0.0000,24,0,0,0,0,2,0,0,0,0
zc,WS209,2012-06-15 09:03:46.260,2421.0000,216866,0,0.0000,12.0000,6,6,空换,S,2421.0000,0.0000,0.0000,0.0000,0.0000,2422.0000,0.0000,0.0000,0.0000,0.0000,3,0,0,0,0,11,0,0,0,0
zc,WS209,2012-06-15 09:03:46.980,2422.0000,216866,0,0.0000,2.0000,1,1,多换,B,2421.0000,0.0000,0.0000,0.0000,0.0000,2422.0000,0.0000,0.0000,0.0000,0.0000,3,0,0,0,0,10,0,0,0,0
zc,WS209,2012-06-15 09:03:48.043,2422.0000,216866,0,0.0000,0.0000,0,0,多换,B,2421.0000,0.0000,0.0000,0.0000,0.0000,2422.0000,0.0000,0.0000,0.0000,0.0000,4,0,0,0,0,10,0,0,0,0
zc,WS209,2012-06-15 09:03:48.760,2422.0000,216866,0,0.0000,0.0000,0,0,多换,B,2421.0000,0.0000,0.0000,0.0000,0.0000,2422.0000,0.0000,0.0000,0.0000,0.0000,1,0,0,0,0,10,0,0,0,0
zc,WS209,2012-06-15 09:03:49.230,2422.0000,216868,2,0.0000,20.0000,11,9,多开,B,2422.0000,0.0000,0.0000,0.0000,0.0000,2423.0000,0.0000,0.0000,0.0000,0.0000,23,0,0,0,0,165,0,0,0,0
zc,WS209,2012-06-15 09:03:50.277,2422.0000,216872,4,0.0000,4.0000,4,0,双开,B,2422.0000,0.0000,0.0000,0.0000,0.0000,2423.0000,0.0000,0.0000,0.0000,0.0000,21,0,0,0,0,167,0,0,0,0
zc,WS209,2012-06-15 09:03:52.247,2422.0000,216874,2,0.0000,2.0000,2,0,双开,B,2422.0000,0.0000,0.0000,0.0000,0.0000,2423.0000,0.0000,0.0000,0.0000,0.0000,20,0,0,0,0,167,0,0,0,0
zc,WS209,2012-06-15 09:03:52.793,2423.0000,216912,38,0.0000,40.0000,39,1,多开,B,2422.0000,0.0000,0.0000,0.0000,0.0000,2423.0000,0.0000,0.0000,0.0000,0.0000,20,0,0,0,0,147,0,0,0,0
zc,WS209,2012-06-15 09:03:54.027,2422.0000,216912,0,0.0000,22.0000,11,11,空换,S,2422.0000,0.0000,0.0000,0.0000,0.0000,2423.0000,0.0000,0.0000,0.0000,0.0000,10,0,0,0,0,146,0,0,0,0
zc,WS209,2012-06-15 09:03:54.510,2422.0000,216912,0,0.0000,2.0000,1,1,空换,S,2422.0000,0.0000,0.0000,0.0000,0.0000,2423.0000,0.0000,0.0000,0.0000,0.0000,9,0,0,0,0,146,0,0,0,0
zc,WS209,2012-06-15 09:03:55.480,2422.0000,216914,2,0.0000,4.0000,3,1,空开,S,2422.0000,0.0000,0.0000,0.0000,0.0000,2423.0000,0.0000,0.0000,0.0000,0.0000,8,0,0,0,0,145,0,0,0,0
zc,WS209,2012-06-15 09:03:56.260,2422.0000,216914,0,0.0000,0.0000,0,0,空换,S,2422.0000,0.0000,0.0000,0.0000,0.0000,2423.0000,0.0000,0.0000,0.0000,0.0000,8,0,0,0,0,116,0,0,0,0
zc,WS209,2012-06-15 09:03:56.823,2423.0000,216916,2,0.0000,2.0000,2,0,双开,B,2422.0000,0.0000,0.0000,0.0000,0.0000,2423.0000,0.0000,0.0000,0.0000,0.0000,8,0,0,0,0,115,0,0,0,0
zc,WS209,2012-06-15 09:03:57.637,2423.0000,216916,0,0.0000,2.0000,1,1,多换,B,2422.0000,0.0000,0.0000,0.0000,0.0000,2423.0000,0.0000,0.0000,0.0000,0.0000,8,0,0,0,0,114,0,0,0,0
zc,WS209,2012-06-15 09:03:59.260,2422.0000,216920,4,0.0000,4.0000,4,0,双开,S,2422.0000,0.0000,0.0000,0.0000,0.0000,2423.0000,0.0000,0.0000,0.0000,0.0000,6,0,0,0,0,114,0,0,0,0
zc,WS209,2012-06-15 09:04:00.590,2422.0000,216920,0,0.0000,8.0000,4,4,空换,S,2422.0000,0.0000,0.0000,0.0000,0.0000,2423.0000,0.0000,0.0000,0.0000,0.0000,2,0,0,0,0,114,0,0,0,0
zc,WS209,2012-06-15 09:04:01.027,2423.0000,216958,38,0.0000,38.0000,38,0,双开,B,2422.0000,0.0000,0.0000,0.0000,0.0000,2423.0000,0.0000,0.0000,0.0000,0.0000,13,0,0,0,0,95,0,0,0,0
zc,WS209,2012-06-15 09:04:01.807,2423.0000,216958,0,0.0000,0.0000,0,0,多换,B,2422.0000,0.0000,0.0000,0.0000,0.0000,2423.0000,0.0000,0.0000,0.0000,0.0000,17,0,0,0,0,95,0,0,0,0
zc,WS209,2012-06-15 09:04:02.340,2423.0000,216998,40,0.0000,190.0000,115,75,多开,B,2422.0000,0.0000,0.0000,0.0000,0.0000,2424.0000,0.0000,0.0000,0.0000,0.0000,14,0,0,0,0,296,0,0,0,0
zc,WS209,2012-06-15 09:04:03.057,2423.0000,216998,0,0.0000,0.0000,0,0,多换,B,2422.0000,0.0000,0.0000,0.0000,0.0000,2424.0000,0.0000,0.0000,0.0000,0.0000,14,0,0,0,0,298,0,0,0,0
zc,WS209,2012-06-15 09:04:06.073,2423.0000,216998,0,0.0000,0.0000,0,0,多换,B,2422.0000,0.0000,0.0000,0.0000,0.0000,2424.0000,0.0000,0.0000,0.0000,0.0000,15,0,0,0,0,298,0,0,0,0
zc,WS209,2012-06-15 09:04:06.497,2423.0000,216998,0,0.0000,0.0000,0,0,多换,B,2422.0000,0.0000,0.0000,0.0000,0.0000,2424.0000,0.0000,0.0000,0.0000,0.0000,17,0,0,0,0,298,0,0,0,0
zc,WS209,2012-06-15 09:04:07.010,2423.0000,216998,0,0.0000,0.0000,0,0,多换,B,2422.0000,0.0000,0.0000,0.0000,0.0000,2424.0000,0.0000,0.0000,0.0000,0.0000,17,0,0,0,0,293,0,0,0,0
zc,WS209,2012-06-15 09:04:07.760,2423.0000,216998,0,0.0000,0.0000,0,0,多换,B,2422.0000,0.0000,0.0000,0.0000,0.0000,2424.0000,0.0000,0.0000,0.0000,0.0000,17,0,0,0,0,291,0,0,0,0
zc,WS209,2012-06-15 09:04:08.510,2424.0000,216998,0,0.0000,2.0000,1,1,多换,B,2422.0000,0.0000,0.0000,0.0000,0.0000,2424.0000,0.0000,0.0000,0.0000,0.0000,19,0,0,0,0,294,0,0,0,0
zc,WS209,2012-06-15 09:04:08.980,2424.0000,216998,0,0.0000,0.0000,0,0,多换,B,2422.0000,0.0000,0.0000,0.0000,0.0000,2423.0000,0.0000,0.0000,0.0000,0.0000,19,0,0,0,0,1,0,0,0,0
zc,WS209,2012-06-15 09:04:09.480,2423.0000,216998,0,0.0000,2.0000,1,1,空换,S,2422.0000,0.0000,0.0000,0.0000,0.0000,2424.0000,0.0000,0.0000,0.0000,0.0000,19,0,0,0,0,290,0,0,0,0
zc,WS209,2012-06-15 09:04:09.997,2423.0000,216998,0,0.0000,0.0000,0,0,空换,S,2422.0000,0.0000,0.0000,0.0000,0.0000,2424.0000,0.0000,0.0000,0.0000,0.0000,19,0,0,0,0,279,0,0,0,0
zc,WS209,2012-06-15 09:04:10.777,2424.0000,216998,0,0.0000,2.0000,1,1,多换,B,2423.0000,0.0000,0.0000,0.0000,0.0000,2424.0000,0.0000,0.0000,0.0000,0.0000,5,0,0,0,0,263,0,0,0,0
zc,WS209,2012-06-15 09:04:11.997,2424.0000,216998,0,0.0000,0.0000,0,0,多换,B,2422.0000,0.0000,0.0000,0.0000,0.0000,2424.0000,0.0000,0.0000,0.0000,0.0000,20,0,0,0,0,286,0,0,0,0
zc,WS209,2012-06-15 09:04:13.293,2424.0000,216998,0,0.0000,0.0000,0,0,多换,B,2422.0000,0.0000,0.0000,0.0000,0.0000,2424.0000,0.0000,0.0000,0.0000,0.0000,23,0,0,0,0,293,0,0,0,0
zc,WS209,2012-06-15 09:04:13.747,2424.0000,216998,0,0.0000,0.0000,0,0,多换,B,2422.0000,0.0000,0.0000,0.0000,0.0000,2423.0000,0.0000,0.0000,0.0000,0.0000,23,0,0,0,0,5,0,0,0,0
zc,WS209,2012-06-15 09:04:15.010,2424.0000,216998,0,0.0000,0.0000,0,0,多换,B,2422.0000,0.0000,0.0000,0.0000,0.0000,2423.0000,0.0000,0.0000,0.0000,0.0000,25,0,0,0,0,5,0,0,0,0
zc,WS209,2012-06-15 09:04:16.277,2424.0000,216998,0,0.0000,0.0000,0,0,多换,B,2422.0000,0.0000,0.0000,0.0000,0.0000,2423.0000,0.0000,0.0000,0.0000,0.0000,40,0,0,0,0,5,0,0,0,0
zc,WS209,2012-06-15 09:04:16.777,2423.0000,216998,0,0.0000,2.0000,1,1,空换,S,2422.0000,0.0000,0.0000,0.0000,0.0000,2423.0000,0.0000,0.0000,0.0000,0.0000,40,0,0,0,0,5,0,0,0,0
zc,WS209,2012-06-15 09:04:18.557,2423.0000,216996,-2,0.0000,2.0000,0,2,双平,S,2422.0000,0.0000,0.0000,0.0000,0.0000,2423.0000,0.0000,0.0000,0.0000,0.0000,40,0,0,0,0,4,0,0,0,0
zc,WS209,2012-06-15 09:04:19.010,2422.0000,216996,0,0.0000,10.0000,5,5,空换,S,2422.0000,0.0000,0.0000,0.0000,0.0000,2423.0000,0.0000,0.0000,0.0000,0.0000,35,0,0,0,0,4,0,0,0,0
zc,WS209,2012-06-15 09:04:19.807,2423.0000,216996,0,0.0000,8.0000,4,4,多换,B,2423.0000,0.0000,0.0000,0.0000,0.0000,2424.0000,0.0000,0.0000,0.0000,0.0000,1,0,0,0,0,296,0,0,0,0
zc,WS209,2012-06-15 09:04:21.557,2423.0000,216996,0,0.0000,2.0000,1,1,多换,B,2423.0000,0.0000,0.0000,0.0000,0.0000,2424.0000,0.0000,0.0000,0.0000,0.0000,10,0,0,0,0,296,0,0,0,0
zc,WS209,2012-06-15 09:04:22.340,2423.0000,216998,2,0.0000,2.0000,2,0,双开,B,2423.0000,0.0000,0.0000,0.0000,0.0000,2424.0000,0.0000,0.0000,0.0000,0.0000,9,0,0,0,0,296,0,0,0,0
zc,WS209,2012-06-15 09:04:22.793,2423.0000,216998,0,0.0000,0.0000,0,0,多换,B,2423.0000,0.0000,0.0000,0.0000,0.0000,2424.0000,0.0000,0.0000,0.0000,0.0000,9,0,0,0,0,297,0,0,0,0
zc,WS209,2012-06-15 09:04:23.543,2424.0000,216982,-16,0.0000,16.0000,0,16,双平,B,2423.0000,0.0000,0.0000,0.0000,0.0000,2424.0000,0.0000,0.0000,0.0000,0.0000,9,0,0,0,0,289,0,0,0,0
zc,WS209,2012-06-15 09:04:24.073,2423.0000,216982,0,0.0000,4.0000,2,2,空换,S,2423.0000,0.0000,0.0000,0.0000,0.0000,2424.0000,0.0000,0.0000,0.0000,0.0000,8,0,0,0,0,259,0,0,0,0
zc,WS209,2012-06-15 09:04:25.260,2423.0000,216982,0,0.0000,0.0000,0,0,空换,S,2423.0000,0.0000,0.0000,0.0000,0.0000,2424.0000,0.0000,0.0000,0.0000,0.0000,7,0,0,0,0,261,0,0,0,0
zc,WS209,2012-06-15 09:04:25.730,2423.0000,216984,2,0.0000,2.0000,2,0,双开,S,2423.0000,0.0000,0.0000,0.0000,0.0000,2424.0000,0.0000,0.0000,0.0000,0.0000,6,0,0,0,0,261,0,0,0,0
zc,WS209,2012-06-15 09:04:26.997,2423.0000,216984,0,0.0000,0.0000,0,0,空换,S,2423.0000,0.0000,0.0000,0.0000,0.0000,2424.0000,0.0000,0.0000,0.0000,0.0000,8,0,0,0,0,262,0,0,0,0
zc,WS209,2012-06-15 09:04:27.497,2423.0000,216984,0,0.0000,0.0000,0,0,空换,S,2423.0000,0.0000,0.0000,0.0000,0.0000,2424.0000,0.0000,0.0000,0.0000,0.0000,16,0,0,0,0,259,0,0,0,0
zc,WS209,2012-06-15 09:04:28.760,2423.0000,216984,0,0.0000,0.0000,0,0,空换,S,2423.0000,0.0000,0.0000,0.0000,0.0000,2424.0000,0.0000,0.0000,0.0000,0.0000,10,0,0,0,0,259,0,0,0,0
zc,WS209,2012-06-15 09:04:30.747,2423.0000,216984,0,0.0000,0.0000,0,0,空换,S,2423.0000,0.0000,0.0000,0.0000,0.0000,2424.0000,0.0000,0.0000,0.0000,0.0000,14,0,0,0,0,259,0,0,0,0
zc,WS209,2012-06-15 09:04:30.997,2423.0000,216984,0,0.0000,2.0000,1,1,空换,S,2423.0000,0.0000,0.0000,0.0000,0.0000,2424.0000,0.0000,0.0000,0.0000,0.0000,13,0,0,0,0,257,0,0,0,0
zc,WS209,2012-06-15 09:04:31.760,2423.0000,216984,0,0.0000,0.0000,0,0,空换,S,2423.0000,0.0000,0.0000,0.0000,0.0000,2424.0000,0.0000,0.0000,0.0000,0.0000,20,0,0,0,0,258,0,0,0,0
zc,WS209,2012-06-15 09:04:33.137,2423.0000,216984,0,0.0000,0.0000,0,0,空换,S,2423.0000,0.0000,0.0000,0.0000,0.0000,2424.0000,0.0000,0.0000,0.0000,0.0000,12,0,0,0,0,268,0,0,0,0
zc,WS209,2012-06-15 09:04:33.823,2423.0000,216984,0,0.0000,0.0000,0,0,空换,S,2423.0000,0.0000,0.0000,0.0000,0.0000,2424.0000,0.0000,0.0000,0.0000,0.0000,12,0,0,0,0,260,0,0,0,0
zc,WS209,2012-06-15 09:04:34.307,2423.0000,216984,0,0.0000,0.0000,0,0,空换,S,2423.0000,0.0000,0.0000,0.0000,0.0000,2424.0000,0.0000,0.0000,0.0000,0.0000,20,0,0,0,0,260,0,0,0,0
zc,WS209,2012-06-15 09:04:34.807,2423.0000,216986,2,0.0000,2.0000,2,0,双开,S,2423.0000,0.0000,0.0000,0.0000,0.0000,2424.0000,0.0000,0.0000,0.0000,0.0000,21,0,0,0,0,259,0,0,0,0
zc,WS209,2012-06-15 09:04:36.090,2423.0000,216986,0,0.0000,0.0000,0,0,空换,S,2423.0000,0.0000,0.0000,0.0000,0.0000,2424.0000,0.0000,0.0000,0.0000,0.0000,22,0,0,0,0,259,0,0,0,0
zc,WS209,2012-06-15 09:04:37.323,2423.0000,216986,0,0.0000,0.0000,0,0,空换,S,2423.0000,0.0000,0.0000,0.0000,0.0000,2424.0000,0.0000,0.0000,0.0000,0.0000,22,0,0,0,0,258,0,0,0,0
zc,WS209,2012-06-15 09:04:38.620,2424.0000,216986,0,0.0000,2.0000,1,1,多换,B,2423.0000,0.0000,0.0000,0.0000,0.0000,2424.0000,0.0000,0.0000,0.0000,0.0000,22,0,0,0,0,257,0,0,0,0
zc,WS209,2012-06-15 09:04:39.010,2423.0000,216988,2,0.0000,2.0000,2,0,双开,S,2423.0000,0.0000,0.0000,0.0000,0.0000,2424.0000,0.0000,0.0000,0.0000,0.0000,24,0,0,0,0,257,0,0,0,0
zc,WS209,2012-06-15 09:04:40.027,2424.0000,216988,0,0.0000,200.0000,100,100,多换,B,2423.0000,0.0000,0.0000,0.0000,0.0000,2424.0000,0.0000,0.0000,0.0000,0.0000,24,0,0,0,0,157,0,0,0,0
zc,WS209,2012-06-15 09:04:40.590,2424.0000,216988,0,0.0000,0.0000,0,0,多换,B,2423.0000,0.0000,0.0000,0.0000,0.0000,2424.0000,0.0000,0.0000,0.0000,0.0000,29,0,0,0,0,157,0,0,0,0
zc,WS209,2012-06-15 09:04:41.340,2424.0000,216988,0,0.0000,0.0000,0,0,多换,B,2423.0000,0.0000,0.0000,0.0000,0.0000,2424.0000,0.0000,0.0000,0.0000,0.0000,30,0,0,0,0,157,0,0,0,0
zc,WS209,2012-06-15 09:04:42.543,2424.0000,216988,0,0.0000,4.0000,2,2,多换,B,2423.0000,0.0000,0.0000,0.0000,0.0000,2424.0000,0.0000,0.0000,0.0000,0.0000,29,0,0,0,0,156,0,0,0,0
zc,WS209,2012-06-15 09:04:43.043,2424.0000,216984,-4,0.0000,4.0000,0,4,双平,B,2423.0000,0.0000,0.0000,0.0000,0.0000,2424.0000,0.0000,0.0000,0.0000,0.0000,27,0,0,0,0,154,0,0,0,0
zc,WS209,2012-06-15 09:04:43.527,2424.0000,216982,-2,0.0000,2.0000,0,2,双平,B,2423.0000,0.0000,0.0000,0.0000,0.0000,2424.0000,0.0000,0.0000,0.0000,0.0000,26,0,0,0,0,154,0,0,0,0
zc,WS209,2012-06-15 09:04:44.307,2424.0000,216976,-6,0.0000,6.0000,0,6,双平,B,2423.0000,0.0000,0.0000,0.0000,0.0000,2424.0000,0.0000,0.0000,0.0000,0.0000,27,0,0,0,0,151,0,0,0,0
zc,WS209,2012-06-15 09:04:44.807,2424.0000,216976,0,0.0000,0.0000,0,0,多换,B,2423.0000,0.0000,0.0000,0.0000,0.0000,2424.0000,0.0000,0.0000,0.0000,0.0000,28,0,0,0,0,151,0,0,0,0
zc,WS209,2012-06-15 09:04:45.357,2424.0000,216974,-2,0.0000,2.0000,0,2,双平,B,2423.0000,0.0000,0.0000,0.0000,0.0000,2424.0000,0.0000,0.0000,0.0000,0.0000,27,0,0,0,0,150,0,0,0,0
zc,WS209,2012-06-15 09:04:46.010,2424.0000,216974,0,0.0000,0.0000,0,0,多换,B,2423.0000,0.0000,0.0000,0.0000,0.0000,2424.0000,0.0000,0.0000,0.0000,0.0000,28,0,0,0,0,150,0,0,0,0
zc,WS209,2012-06-15 09:04:47.247,2424.0000,216972,-2,0.0000,20.0000,9,11,空平,B,2423.0000,0.0000,0.0000,0.0000,0.0000,2424.0000,0.0000,0.0000,0.0000,0.0000,30,0,0,0,0,140,0,0,0,0
zc,WS209,2012-06-15 09:04:47.777,2423.0000,216982,10,0.0000,18.0000,14,4,空开,S,2423.0000,0.0000,0.0000,0.0000,0.0000,2424.0000,0.0000,0.0000,0.0000,0.0000,31,0,0,0,0,140,0,0,0,0
zc,WS209,2012-06-15 09:04:48.293,2424.0000,216972,-10,0.0000,10.0000,0,10,双平,B,2423.0000,0.0000,0.0000,0.0000,0.0000,2424.0000,0.0000,0.0000,0.0000,0.0000,46,0,0,0,0,135,0,0,0,0
zc,WS209,2012-06-15 09:04:49.010,2424.0000,216970,-2,0.0000,2.0000,0,2,双平,B,2423.0000,0.0000,0.0000,0.0000,0.0000,2424.0000,0.0000,0.0000,0.0000,0.0000,45,0,0,0,0,134,0,0,0,0
zc,WS209,2012-06-15 09:04:49.510,2424.0000,216970,0,0.0000,0.0000,0,0,多换,B,2423.0000,0.0000,0.0000,0.0000,0.0000,2424.0000,0.0000,0.0000,0.0000,0.0000,46,0,0,0,0,134,0,0,0,0
zc,WS209,2012-06-15 09:04:52.573,2424.0000,216970,0,0.0000,0.0000,0,0,多换,B,2423.0000,0.0000,0.0000,0.0000,0.0000,2424.0000,0.0000,0.0000,0.0000,0.0000,45,0,0,0,0,134,0,0,0,0
zc,WS209,2012-06-15 09:04:54.557,2424.0000,216970,0,0.0000,0.0000,0,0,多换,B,2423.0000,0.0000,0.0000,0.0000,0.0000,2424.0000,0.0000,0.0000,0.0000,0.0000,49,0,0,0,0,134,0,0,0,0
zc,WS209,2012-06-15 09:04:55.260,2424.0000,216970,0,0.0000,0.0000,0,0,多换,B,2423.0000,0.0000,0.0000,0.0000,0.0000,2424.0000,0.0000,0.0000,0.0000,0.0000,49,0,0,0,0,152,0,0,0,0
zc,WS209,2012-06-15 09:04:58.230,2424.0000,216970,0,0.0000,0.0000,0,0,多换,B,2423.0000,0.0000,0.0000,0.0000,0.0000,2424.0000,0.0000,0.0000,0.0000,0.0000,50,0,0,0,0,152,0,0,0,0
zc,WS209,2012-06-15 09:04:59.497,2424.0000,216970,0,0.0000,2.0000,1,1,多换,B,2423.0000,0.0000,0.0000,0.0000,0.0000,2424.0000,0.0000,0.0000,0.0000,0.0000,51,0,0,0,0,151,0,0,0,0
zc,WS209,2012-06-15 09:05:00.043,2423.0000,216968,-2,0.0000,8.0000,3,5,多平,S,2423.0000,0.0000,0.0000,0.0000,0.0000,2424.0000,0.0000,0.0000,0.0000,0.0000,47,0,0,0,0,152,0,0,0,0
zc,WS209,2012-06-15 09:05:00.777,2424.0000,217074,106,0.0000,140.0000,123,17,多开,B,2423.0000,0.0000,0.0000,0.0000,0.0000,2424.0000,0.0000,0.0000,0.0000,0.0000,47,0,0,0,0,82,0,0,0,0
zc,WS209,2012-06-15 09:05:02.043,2424.0000,217190,116,0.0000,184.0000,150,34,多开,B,2424.0000,0.0000,0.0000,0.0000,0.0000,2425.0000,0.0000,0.0000,0.0000,0.0000,408,0,0,0,0,150,0,0,0,0
zc,WS209,2012-06-15 09:05:02.247,2424.0000,217190,0,0.0000,240.0000,120,120,多换,B,2424.0000,0.0000,0.0000,0.0000,0.0000,2425.0000,0.0000,0.0000,0.0000,0.0000,289,0,0,0,0,150,0,0,0,0
zc,WS209,2012-06-15 09:05:03.107,2424.0000,217190,0,0.0000,0.0000,0,0,多换,B,2424.0000,0.0000,0.0000,0.0000,0.0000,2425.0000,0.0000,0.0000,0.0000,0.0000,305,0,0,0,0,152,0,0,0,0
zc,WS209,2012-06-15 09:05:03.497,2424.0000,217190,0,0.0000,0.0000,0,0,多换,B,2424.0000,0.0000,0.0000,0.0000,0.0000,2425.0000,0.0000,0.0000,0.0000,0.0000,305,0,0,0,0,150,0,0,0,0
zc,WS209,2012-06-15 09:05:04.543,2424.0000,217190,0,0.0000,0.0000,0,0,多换,B,2424.0000,0.0000,0.0000,0.0000,0.0000,2425.0000,0.0000,0.0000,0.0000,0.0000,289,0,0,0,0,150,0,0,0,0
zc,WS209,2012-06-15 09:05:04.997,2424.0000,217190,0,0.0000,4.0000,2,2,多换,B,2424.0000,0.0000,0.0000,0.0000,0.0000,2425.0000,0.0000,0.0000,0.0000,0.0000,287,0,0,0,0,150,0,0,0,0
zc,WS209,2012-06-15 09:05:05.590,2424.0000,217190,0,0.0000,0.0000,0,0,多换,B,2424.0000,0.0000,0.0000,0.0000,0.0000,2425.0000,0.0000,0.0000,0.0000,0.0000,387,0,0,0,0,150,0,0,0,0
zc,WS209,2012-06-15 09:05:07.793,2424.0000,217224,34,0.0000,34.0000,34,0,双开,B,2424.0000,0.0000,0.0000,0.0000,0.0000,2425.0000,0.0000,0.0000,0.0000,0.0000,386,0,0,0,0,134,0,0,0,0
zc,WS209,2012-06-15 09:05:08.997,2424.0000,217226,2,0.0000,2.0000,2,0,双开,B,2424.0000,0.0000,0.0000,0.0000,0.0000,2425.0000,0.0000,0.0000,0.0000,0.0000,385,0,0,0,0,134,0,0,0,0
zc,WS209,2012-06-15 09:05:09.777,2424.0000,217226,0,0.0000,0.0000,0,0,多换,B,2424.0000,0.0000,0.0000,0.0000,0.0000,2425.0000,0.0000,0.0000,0.0000,0.0000,405,0,0,0,0,134,0,0,0,0
zc,WS209,2012-06-15 09:05:11.010,2424.0000,217226,0,0.0000,0.0000,0,0,多换,B,2424.0000,0.0000,0.0000,0.0000,0.0000,2425.0000,0.0000,0.0000,0.0000,0.0000,406,0,0,0,0,134,0,0,0,0
zc,WS209,2012-06-15 09:05:13.323,2425.0000,217228,2,0.0000,2.0000,2,0,双开,B,2424.0000,0.0000,0.0000,0.0000,0.0000,2425.0000,0.0000,0.0000,0.0000,0.0000,406,0,0,0,0,135,0,0,0,0
zc,WS209,2012-06-15 09:05:13.997,2425.0000,217228,0,0.0000,0.0000,0,0,多换,B,2424.0000,0.0000,0.0000,0.0000,0.0000,2425.0000,0.0000,0.0000,0.0000,0.0000,406,0,0,0,0,136,0,0,0,0
zc,WS209,2012-06-15 09:05:14.510,2425.0000,217228,0,0.0000,0.0000,0,0,多换,B,2424.0000,0.0000,0.0000,0.0000,0.0000,2425.0000,0.0000,0.0000,0.0000,0.0000,386,0,0,0,0,136,0,0,0,0
zc,WS209,2012-06-15 09:05:16.777,2425.0000,217228,0,0.0000,2.0000,1,1,多换,B,2424.0000,0.0000,0.0000,0.0000,0.0000,2425.0000,0.0000,0.0000,0.0000,0.0000,387,0,0,0,0,135,0,0,0,0
zc,WS209,2012-06-15 09:05:17.497,2425.0000,217230,2,0.0000,4.0000,3,1,多开,B,2424.0000,0.0000,0.0000,0.0000,0.0000,2425.0000,0.0000,0.0000,0.0000,0.0000,386,0,0,0,0,133,0,0,0,0
zc,WS209,2012-06-15 09:05:18.857,2425.0000,217250,20,0.0000,20.0000,20,0,双开,B,2424.0000,0.0000,0.0000,0.0000,0.0000,2425.0000,0.0000,0.0000,0.0000,0.0000,386,0,0,0,0,123,0,0,0,0
zc,WS209,2012-06-15 09:05:19.293,2424.0000,217250,0,0.0000,4.0000,2,2,空换,S,2424.0000,0.0000,0.0000,0.0000,0.0000,2425.0000,0.0000,0.0000,0.0000,0.0000,384,0,0,0,0,121,0,0,0,0
zc,WS209,2012-06-15 09:05:19.793,2424.0000,217250,0,0.0000,6.0000,3,3,空换,S,2424.0000,0.0000,0.0000,0.0000,0.0000,2425.0000,0.0000,0.0000,0.0000,0.0000,381,0,0,0,0,116,0,0,0,0
zc,WS209,2012-06-15 09:05:20.557,2424.0000,217250,0,0.0000,0.0000,0,0,空换,S,2424.0000,0.0000,0.0000,0.0000,0.0000,2425.0000,0.0000,0.0000,0.0000,0.0000,381,0,0,0,0,121,0,0,0,0
zc,WS209,2012-06-15 09:05:21.043,2425.0000,217430,180,0.0000,214.0000,197,17,多开,B,2424.0000,0.0000,0.0000,0.0000,0.0000,2425.0000,0.0000,0.0000,0.0000,0.0000,380,0,0,0,0,11,0,0,0,0
zc,WS209,2012-06-15 09:05:21.760,2425.0000,217430,0,0.0000,0.0000,0,0,多换,B,2424.0000,0.0000,0.0000,0.0000,0.0000,2425.0000,0.0000,0.0000,0.0000,0.0000,380,0,0,0,0,16,0,0,0,0
zc,WS209,2012-06-15 09:05:22.293,2425.0000,217430,0,0.0000,0.0000,0,0,多换,B,2424.0000,0.0000,0.0000,0.0000,0.0000,2425.0000,0.0000,0.0000,0.0000,0.0000,382,0,0,0,0,16,0,0,0,0
zc,WS209,2012-06-15 09:05:23.307,2425.0000,217430,0,0.0000,2.0000,1,1,多换,B,2424.0000,0.0000,0.0000,0.0000,0.0000,2425.0000,0.0000,0.0000,0.0000,0.0000,382,0,0,0,0,18,0,0,0,0
zc,WS209,2012-06-15 09:05:24.043,2425.0000,217426,-4,0.0000,4.0000,0,4,双平,B,2424.0000,0.0000,0.0000,0.0000,0.0000,2425.0000,0.0000,0.0000,0.0000,0.0000,382,0,0,0,0,16,0,0,0,0
zc,WS209,2012-06-15 09:05:24.543,2425.0000,217426,0,0.0000,0.0000,0,0,多换,B,2424.0000,0.0000,0.0000,0.0000,0.0000,2425.0000,0.0000,0.0000,0.0000,0.0000,282,0,0,0,0,16,0,0,0,0
zc,WS209,2012-06-15 09:05:25.277,2425.0000,217402,-24,0.0000,30.0000,3,27,空平,B,2424.0000,0.0000,0.0000,0.0000,0.0000,2425.0000,0.0000,0.0000,0.0000,0.0000,281,0,0,0,0,22,0,0,0,0
zc,WS209,2012-06-15 09:05:25.747,2425.0000,217402,0,0.0000,0.0000,0,0,多换,B,2424.0000,0.0000,0.0000,0.0000,0.0000,2425.0000,0.0000,0.0000,0.0000,0.0000,289,0,0,0,0,22,0,0,0,0
zc,WS209,2012-06-15 09:05:26.277,2425.0000,217402,0,0.0000,4.0000,2,2,多换,B,2424.0000,0.0000,0.0000,0.0000,0.0000,2425.0000,0.0000,0.0000,0.0000,0.0000,289,0,0,0,0,20,0,0,0,0
zc,WS209,2012-06-15 09:05:27.027,2425.0000,217402,0,0.0000,6.0000,3,3,多换,B,2424.0000,0.0000,0.0000,0.0000,0.0000,2425.0000,0.0000,0.0000,0.0000,0.0000,289,0,0,0,0,17,0,0,0,0
zc,WS209,2012-06-15 09:05:27.497,2425.0000,217402,0,0.0000,0.0000,0,0,多换,B,2424.0000,0.0000,0.0000,0.0000,0.0000,2425.0000,0.0000,0.0000,0.0000,0.0000,289,0,0,0,0,19,0,0,0,0
zc,WS209,2012-06-15 09:05:28.293,2425.0000,217410,8,0.0000,54.0000,31,23,多开,B,2424.0000,0.0000,0.0000,0.0000,0.0000,2425.0000,0.0000,0.0000,0.0000,0.0000,289,0,0,0,0,2,0,0,0,0
zc,WS209,2012-06-15 09:05:29.777,2425.0000,217410,0,0.0000,0.0000,0,0,多换,B,2424.0000,0.0000,0.0000,0.0000,0.0000,2425.0000,0.0000,0.0000,0.0000,0.0000,289,0,0,0,0,5,0,0,0,0
zc,WS209,2012-06-15 09:05:30.277,2425.0000,217416,6,0.0000,10.0000,8,2,多开,B,2425.0000,0.0000,0.0000,0.0000,0.0000,2426.0000,0.0000,0.0000,0.0000,0.0000,20,0,0,0,0,171,0,0,0,0
zc,WS209,2012-06-15 09:05:30.997,2425.0000,217416,0,0.0000,2.0000,1,1,多换,B,2425.0000,0.0000,0.0000,0.0000,0.0000,2426.0000,0.0000,0.0000,0.0000,0.0000,19,0,0,0,0,171,0,0,0,0
zc,WS209,2012-06-15 09:05:31.527,2425.0000,217416,0,0.0000,4.0000,2,2,多换,B,2425.0000,0.0000,0.0000,0.0000,0.0000,2426.0000,0.0000,0.0000,0.0000,0.0000,17,0,0,0,0,173,0,0,0,0
zc,WS209,2012-06-15 09:05:32.307,2425.0000,217416,0,0.0000,34.0000,17,17,多换,B,2424.0000,0.0000,0.0000,0.0000,0.0000,2425.0000,0.0000,0.0000,0.0000,0.0000,289,0,0,0,0,4,0,0,0,0
zc,WS209,2012-06-15 09:05:34.260,2425.0000,217416,0,0.0000,0.0000,0,0,多换,B,2424.0000,0.0000,0.0000,0.0000,0.0000,2425.0000,0.0000,0.0000,0.0000,0.0000,289,0,0,0,0,7,0,0,0,0
zc,WS209,2012-06-15 09:05:35.497,2425.0000,217408,-8,0.0000,16.0000,4,12,空平,B,2425.0000,0.0000,0.0000,0.0000,0.0000,2426.0000,0.0000,0.0000,0.0000,0.0000,59,0,0,0,0,157,0,0,0,0
zc,WS209,2012-06-15 09:05:36.043,2426.0000,217408,0,0.0000,2.0000,1,1,多换,B,2425.0000,0.0000,0.0000,0.0000,0.0000,2426.0000,0.0000,0.0000,0.0000,0.0000,59,0,0,0,0,156,0,0,0,0
zc,WS209,2012-06-15 09:05:37.260,2426.0000,217410,2,0.0000,2.0000,2,0,双开,B,2425.0000,0.0000,0.0000,0.0000,0.0000,2426.0000,0.0000,0.0000,0.0000,0.0000,59,0,0,0,0,155,0,0,0,0
zc,WS209,2012-06-15 09:05:37.557,2425.0000,217300,-110,0.0000,132.0000,11,121,多平,S,2425.0000,0.0000,0.0000,0.0000,0.0000,2426.0000,0.0000,0.0000,0.0000,0.0000,4,0,0,0,0,164,0,0,0,0
zc,WS209,2012-06-15 09:05:39.043,2425.0000,217306,6,0.0000,6.0000,6,0,双开,S,2425.0000,0.0000,0.0000,0.0000,0.0000,2426.0000,0.0000,0.0000,0.0000,0.0000,1,0,0,0,0,164,0,0,0,0
zc,WS209,2012-06-15 09:05:39.260,2426.0000,217306,0,0.0000,2.0000,1,1,多换,B,2425.0000,0.0000,0.0000,0.0000,0.0000,2426.0000,0.0000,0.0000,0.0000,0.0000,1,0,0,0,0,163,0,0,0,0
zc,WS209,2012-06-15 09:05:40.247,2426.0000,217308,2,0.0000,4.0000,3,1,多开,B,2424.0000,0.0000,0.0000,0.0000,0.0000,2426.0000,0.0000,0.0000,0.0000,0.0000,293,0,0,0,0,161,0,0,0,0
zc,WS209,2012-06-15 09:05:40.543,2426.0000,217308,0,0.0000,0.0000,0,0,多换,B,2424.0000,0.0000,0.0000,0.0000,0.0000,2426.0000,0.0000,0.0000,0.0000,0.0000,290,0,0,0,0,163,0,0,0,0
zc,WS209,2012-06-15 09:05:41.323,2426.0000,217308,0,0.0000,0.0000,0,0,多换,B,2424.0000,0.0000,0.0000,0.0000,0.0000,2425.0000,0.0000,0.0000,0.0000,0.0000,290,0,0,0,0,2,0,0,0,0
zc,WS209,2012-06-15 09:05:41.760,2426.0000,217308,0,0.0000,0.0000,0,0,多换,B,2424.0000,0.0000,0.0000,0.0000,0.0000,2425.0000,0.0000,0.0000,0.0000,0.0000,288,0,0,0,0,13,0,0,0,0
zc,WS209,2012-06-15 09:05:42.247,2426.0000,217308,0,0.0000,0.0000,0,0,多换,B,2424.0000,0.0000,0.0000,0.0000,0.0000,2425.0000,0.0000,0.0000,0.0000,0.0000,318,0,0,0,0,2,0,0,0,0
zc,WS209,2012-06-15 09:05:44.777,2426.0000,217308,0,0.0000,0.0000,0,0,多换,B,2424.0000,0.0000,0.0000,0.0000,0.0000,2425.0000,0.0000,0.0000,0.0000,0.0000,318,0,0,0,0,3,0,0,0,0
zc,WS209,2012-06-15 09:05:45.980,2425.0000,217308,0,0.0000,2.0000,1,1,空换,S,2424.0000,0.0000,0.0000,0.0000,0.0000,2425.0000,0.0000,0.0000,0.0000,0.0000,318,0,0,0,0,2,0,0,0,0
zc,WS209,2012-06-15 09:05:46.480,2425.0000,217308,0,0.0000,0.0000,0,0,空换,S,2424.0000,0.0000,0.0000,0.0000,0.0000,2425.0000,0.0000,0.0000,0.0000,0.0000,317,0,0,0,0,2,0,0,0,0
zc,WS209,2012-06-15 09:05:48.277,2425.0000,217314,6,0.0000,8.0000,7,1,空开,S,2425.0000,0.0000,0.0000,0.0000,0.0000,2426.0000,0.0000,0.0000,0.0000,0.0000,15,0,0,0,0,165,0,0,0,0
zc,WS209,2012-06-15 09:05:50.480,2425.0000,217314,0,0.0000,0.0000,0,0,空换,S,2425.0000,0.0000,0.0000,0.0000,0.0000,2426.0000,0.0000,0.0000,0.0000,0.0000,18,0,0,0,0,165,0,0,0,0
zc,WS209,2012-06-15 09:05:51.010,2425.0000,217314,0,0.0000,0.0000,0,0,空换,S,2425.0000,0.0000,0.0000,0.0000,0.0000,2426.0000,0.0000,0.0000,0.0000,0.0000,20,0,0,0,0,165,0,0,0,0
zc,WS209,2012-06-15 09:05:52.247,2425.0000,217314,0,0.0000,0.0000,0,0,空换,S,2425.0000,0.0000,0.0000,0.0000,0.0000,2426.0000,0.0000,0.0000,0.0000,0.0000,21,0,0,0,0,165,0,0,0,0
zc,WS209,2012-06-15 09:05:53.247,2426.0000,217316,2,0.0000,2.0000,2,0,双开,B,2425.0000,0.0000,0.0000,0.0000,0.0000,2426.0000,0.0000,0.0000,0.0000,0.0000,20,0,0,0,0,164,0,0,0,0
zc,WS209,2012-06-15 09:05:54.573,2425.0000,217316,0,0.0000,2.0000,1,1,空换,S,2425.0000,0.0000,0.0000,0.0000,0.0000,2426.0000,0.0000,0.0000,0.0000,0.0000,19,0,0,0,0,164,0,0,0,0
zc,WS209,2012-06-15 09:05:55.027,2426.0000,217318,2,0.0000,2.0000,2,0,双开,B,2425.0000,0.0000,0.0000,0.0000,0.0000,2426.0000,0.0000,0.0000,0.0000,0.0000,18,0,0,0,0,163,0,0,0,0
zc,WS209,2012-06-15 09:05:56.260,2426.0000,217318,0,0.0000,0.0000,0,0,多换,B,2425.0000,0.0000,0.0000,0.0000,0.0000,2426.0000,0.0000,0.0000,0.0000,0.0000,18,0,0,0,0,162,0,0,0,0
zc,WS209,2012-06-15 09:05:57.027,2425.0000,217316,-2,0.0000,36.0000,17,19,多平,S,2424.0000,0.0000,0.0000,0.0000,0.0000,2426.0000,0.0000,0.0000,0.0000,0.0000,289,0,0,0,0,167,0,0,0,0
zc,WS209,2012-06-15 09:05:58.010,2425.0000,217316,0,0.0000,0.0000,0,0,空换,S,2425.0000,0.0000,0.0000,0.0000,0.0000,2426.0000,0.0000,0.0000,0.0000,0.0000,1,0,0,0,0,167,0,0,0,0
zc,WS209,2012-06-15 09:05:58.527,2425.0000,217320,4,0.0000,4.0000,4,0,双开,S,2424.0000,0.0000,0.0000,0.0000,0.0000,2425.0000,0.0000,0.0000,0.0000,0.0000,288,0,0,0,0,1,0,0,0,0
zc,WS209,2012-06-15 09:05:59.043,2425.0000,217320,0,0.0000,0.0000,0,0,空换,S,2424.0000,0.0000,0.0000,0.0000,0.0000,2425.0000,0.0000,0.0000,0.0000,0.0000,289,0,0,0,0,15,0,0,0,0
zc,WS209,2012-06-15 09:05:59.760,2425.0000,217320,0,0.0000,0.0000,0,0,空换,S,2424.0000,0.0000,0.0000,0.0000,0.0000,2425.0000,0.0000,0.0000,0.0000,0.0000,288,0,0,0,0,1,0,0,0,0
zc,WS209,2012-06-15 09:06:00.527,2425.0000,217320,0,0.0000,0.0000,0,0,空换,S,2424.0000,0.0000,0.0000,0.0000,0.0000,2425.0000,0.0000,0.0000,0.0000,0.0000,318,0,0,0,0,6,0,0,0,0
zc,WS209,2012-06-15 09:06:02.527,2425.0000,217322,2,0.0000,12.0000,7,5,空开,S,2425.0000,0.0000,0.0000,0.0000,0.0000,2426.0000,0.0000,0.0000,0.0000,0.0000,24,0,0,0,0,151,0,0,0,0
zc,WS209,2012-06-15 09:06:02.777,2425.0000,217322,0,0.0000,0.0000,0,0,空换,S,2425.0000,0.0000,0.0000,0.0000,0.0000,2426.0000,0.0000,0.0000,0.0000,0.0000,26,0,0,0,0,151,0,0,0,0
zc,WS209,2012-06-15 09:06:03.543,2426.0000,217324,2,0.0000,2.0000,2,0,双开,B,2425.0000,0.0000,0.0000,0.0000,0.0000,2426.0000,0.0000,0.0000,0.0000,0.0000,27,0,0,0,0,150,0,0,0,0
zc,WS209,2012-06-15 09:06:03.980,2426.0000,217324,0,0.0000,0.0000,0,0,多换,B,2425.0000,0.0000,0.0000,0.0000,0.0000,2426.0000,0.0000,0.0000,0.0000,0.0000,29,0,0,0,0,151,0,0,0,0
zc,WS209,2012-06-15 09:06:05.247,2426.0000,217324,0,0.0000,0.0000,0,0,多换,B,2425.0000,0.0000,0.0000,0.0000,0.0000,2426.0000,0.0000,0.0000,0.0000,0.0000,30,0,0,0,0,151,0,0,0,0
zc,WS209,2012-06-15 09:06:05.793,2425.0000,217326,2,0.0000,2.0000,2,0,双开,S,2425.0000,0.0000,0.0000,0.0000,0.0000,2426.0000,0.0000,0.0000,0.0000,0.0000,29,0,0,0,0,153,0,0,0,0
zc,WS209,2012-06-15 09:06:08.027,2425.0000,217326,0,0.0000,0.0000,0,0,空换,S,2425.0000,0.0000,0.0000,0.0000,0.0000,2426.0000,0.0000,0.0000,0.0000,0.0000,41,0,0,0,0,154,0,0,0,0
zc,WS209,2012-06-15 09:06:08.777,2425.0000,217328,2,0.0000,2.0000,2,0,双开,S,2425.0000,0.0000,0.0000,0.0000,0.0000,2426.0000,0.0000,0.0000,0.0000,0.0000,40,0,0,0,0,153,0,0,0,0
zc,WS209,2012-06-15 09:06:10.497,2425.0000,217428,100,0.0000,100.0000,100,0,双开,S,2425.0000,0.0000,0.0000,0.0000,0.0000,2426.0000,0.0000,0.0000,0.0000,0.0000,16,0,0,0,0,153,0,0,0,0
zc,WS209,2012-06-15 09:06:11.027,2425.0000,217428,0,0.0000,0.0000,0,0,空换,S,2425.0000,0.0000,0.0000,0.0000,0.0000,2426.0000,0.0000,0.0000,0.0000,0.0000,20,0,0,0,0,153,0,0,0,0
zc,WS209,2012-06-15 09:06:11.777,2425.0000,217428,0,0.0000,0.0000,0,0,空换,S,2425.0000,0.0000,0.0000,0.0000,0.0000,2426.0000,0.0000,0.0000,0.0000,0.0000,15,0,0,0,0,159,0,0,0,0
zc,WS209,2012-06-15 09:06:12.010,2425.0000,217434,6,0.0000,20.0000,13,7,空开,S,2425.0000,0.0000,0.0000,0.0000,0.0000,2426.0000,0.0000,0.0000,0.0000,0.0000,6,0,0,0,0,158,0,0,0,0
zc,WS209,2012-06-15 09:06:12.747,2425.0000,217434,0,0.0000,0.0000,0,0,空换,S,2425.0000,0.0000,0.0000,0.0000,0.0000,2426.0000,0.0000,0.0000,0.0000,0.0000,6,0,0,0,0,157,0,0,0,0
zc,WS209,2012-06-15 09:06:13.323,2425.0000,217434,0,0.0000,2.0000,1,1,空换,S,2425.0000,0.0000,0.0000,0.0000,0.0000,2426.0000,0.0000,0.0000,0.0000,0.0000,5,0,0,0,0,152,0,0,0,0
zc,WS209,2012-06-15 09:06:14.010,2425.0000,217434,0,0.0000,4.0000,2,2,空换,S,2425.0000,0.0000,0.0000,0.0000,0.0000,2426.0000,0.0000,0.0000,0.0000,0.0000,10,0,0,0,0,162,0,0,0,0
zc,WS209,2012-06-15 09:06:14.590,2425.0000,217434,0,0.0000,6.0000,3,3,空换,S,2425.0000,0.0000,0.0000,0.0000,0.0000,2426.0000,0.0000,0.0000,0.0000,0.0000,7,0,0,0,0,162,0,0,0,0
zc,WS209,2012-06-15 09:06:17.043,2425.0000,217434,0,0.0000,4.0000,2,2,空换,S,2425.0000,0.0000,0.0000,0.0000,0.0000,2426.0000,0.0000,0.0000,0.0000,0.0000,5,0,0,0,0,162,0,0,0,0
zc,WS209,2012-06-15 09:06:17.510,2425.0000,217436,2,0.0000,2.0000,2,0,双开,S,2425.0000,0.0000,0.0000,0.0000,0.0000,2426.0000,0.0000,0.0000,0.0000,0.0000,4,0,0,0,0,162,0,0,0,0
zc,WS209,2012-06-15 09:06:18.260,2425.0000,217436,0,0.0000,0.0000,0,0,空换,S,2425.0000,0.0000,0.0000,0.0000,0.0000,2426.0000,0.0000,0.0000,0.0000,0.0000,4,0,0,0,0,160,0,0,0,0
zc,WS209,2012-06-15 09:06:20.760,2425.0000,217440,4,0.0000,4.0000,4,0,双开,S,2425.0000,0.0000,0.0000,0.0000,0.0000,2426.0000,0.0000,0.0000,0.0000,0.0000,34,0,0,0,0,160,0,0,0,0
zc,WS209,2012-06-15 09:06:23.260,2425.0000,217540,100,0.0000,100.0000,100,0,双开,S,2425.0000,0.0000,0.0000,0.0000,0.0000,2426.0000,0.0000,0.0000,0.0000,0.0000,24,0,0,0,0,161,0,0,0,0
zc,WS209,2012-06-15 09:06:25.527,2425.0000,217542,2,0.0000,2.0000,2,0,双开,S,2425.0000,0.0000,0.0000,0.0000,0.0000,2426.0000,0.0000,0.0000,0.0000,0.0000,23,0,0,0,0,161,0,0,0,0
zc,WS209,2012-06-15 09:06:26.277,2425.0000,217542,0,0.0000,22.0000,11,11,空换,S,2425.0000,0.0000,0.0000,0.0000,0.0000,2426.0000,0.0000,0.0000,0.0000,0.0000,24,0,0,0,0,151,0,0,0,0
zc,WS209,2012-06-15 09:06:28.073,2425.0000,217542,0,0.0000,0.0000,0,0,空换,S,2425.0000,0.0000,0.0000,0.0000,0.0000,2426.0000,0.0000,0.0000,0.0000,0.0000,16,0,0,0,0,163,0,0,0,0
zc,WS209,2012-06-15 09:06:28.793,2425.0000,217546,4,0.0000,8.0000,6,2,空开,S,2425.0000,0.0000,0.0000,0.0000,0.0000,2426.0000,0.0000,0.0000,0.0000,0.0000,12,0,0,0,0,163,0,0,0,0
zc,WS209,2012-06-15 09:06:29.107,2425.0000,217564,18,0.0000,18.0000,18,0,双开,S,2425.0000,0.0000,0.0000,0.0000,0.0000,2426.0000,0.0000,0.0000,0.0000,0.0000,3,0,0,0,0,161,0,0,0,0
zc,WS209,2012-06-15 09:06:29.840,2425.0000,217570,6,0.0000,6.0000,6,0,双开,S,2424.0000,0.0000,0.0000,0.0000,0.0000,2425.0000,0.0000,0.0000,0.0000,0.0000,388,0,0,0,0,6,0,0,0,0
zc,WS209,2012-06-15 09:06:30.747,2425.0000,217570,0,0.0000,0.0000,0,0,空换,S,2424.0000,0.0000,0.0000,0.0000,0.0000,2425.0000,0.0000,0.0000,0.0000,0.0000,388,0,0,0,0,52,0,0,0,0
zc,WS209,2012-06-15 09:06:31.497,2425.0000,217574,4,0.0000,4.0000,4,0,双开,S,2424.0000,0.0000,0.0000,0.0000,0.0000,2425.0000,0.0000,0.0000,0.0000,0.0000,387,0,0,0,0,50,0,0,0,0
zc,WS209,2012-06-15 09:06:31.963,2425.0000,217580,6,0.0000,6.0000,6,0,双开,S,2424.0000,0.0000,0.0000,0.0000,0.0000,2425.0000,0.0000,0.0000,0.0000,0.0000,384,0,0,0,0,49,0,0,0,0
zc,WS209,2012-06-15 09:06:32.760,2425.0000,217656,76,0.0000,100.0000,88,12,空开,S,2425.0000,0.0000,0.0000,0.0000,0.0000,2426.0000,0.0000,0.0000,0.0000,0.0000,4,0,0,0,0,152,0,0,0,0
zc,WS209,2012-06-15 09:06:33.043,2425.0000,217656,0,0.0000,0.0000,0,0,空换,S,2425.0000,0.0000,0.0000,0.0000,0.0000,2426.0000,0.0000,0.0000,0.0000,0.0000,11,0,0,0,0,152,0,0,0,0
zc,WS209,2012-06-15 09:06:33.747,2425.0000,217656,0,0.0000,2.0000,1,1,空换,S,2425.0000,0.0000,0.0000,0.0000,0.0000,2426.0000,0.0000,0.0000,0.0000,0.0000,11,0,0,0,0,152,0,0,0,0
zc,WS209,2012-06-15 09:06:34.247,2425.0000,217658,2,0.0000,2.0000,2,0,双开,S,2425.0000,0.0000,0.0000,0.0000,0.0000,2426.0000,0.0000,0.0000,0.0000,0.0000,10,0,0,0,0,152,0,0,0,0
zc,WS209,2012-06-15 09:06:34.793,2425.0000,217658,0,0.0000,2.0000,1,1,空换,S,2425.0000,0.0000,0.0000,0.0000,0.0000,2426.0000,0.0000,0.0000,0.0000,0.0000,28,0,0,0,0,155,0,0,0,0
zc,WS209,2012-06-15 09:06:35.980,2426.0000,217660,2,0.0000,2.0000,2,0,双开,B,2425.0000,0.0000,0.0000,0.0000,0.0000,2426.0000,0.0000,0.0000,0.0000,0.0000,31,0,0,0,0,154,0,0,0,0
zc,WS209,2012-06-15 09:06:36.980,2426.0000,217660,0,0.0000,0.0000,0,0,多换,B,2425.0000,0.0000,0.0000,0.0000,0.0000,2426.0000,0.0000,0.0000,0.0000,0.0000,31,0,0,0,0,153,0,0,0,0
zc,WS209,2012-06-15 09:06:41.747,2425.0000,217668,8,0.0000,8.0000,8,0,双开,S,2425.0000,0.0000,0.0000,0.0000,0.0000,2426.0000,0.0000,0.0000,0.0000,0.0000,27,0,0,0,0,153,0,0,0,0
zc,WS209,2012-06-15 09:06:43.247,2425.0000,217668,0,0.0000,0.0000,0,0,空换,S,2425.0000,0.0000,0.0000,0.0000,0.0000,2426.0000,0.0000,0.0000,0.0000,0.0000,28,0,0,0,0,153,0,0,0,0
zc,WS209,2012-06-15 09:06:44.010,2426.0000,217670,2,0.0000,2.0000,2,0,双开,B,2425.0000,0.0000,0.0000,0.0000,0.0000,2426.0000,0.0000,0.0000,0.0000,0.0000,28,0,0,0,0,153,0,0,0,0
zc,WS209,2012-06-15 09:06:44.480,2426.0000,217670,0,0.0000,0.0000,0,0,多换,B,2425.0000,0.0000,0.0000,0.0000,0.0000,2426.0000,0.0000,0.0000,0.0000,0.0000,29,0,0,0,0,153,0,0,0,0
zc,WS209,2012-06-15 09:06:45.777,2426.0000,217678,8,0.0000,8.0000,8,0,双开,B,2425.0000,0.0000,0.0000,0.0000,0.0000,2426.0000,0.0000,0.0000,0.0000,0.0000,30,0,0,0,0,149,0,0,0,0
zc,WS209,2012-06-15 09:06:49.293,2426.0000,217678,0,0.0000,0.0000,0,0,多换,B,2425.0000,0.0000,0.0000,0.0000,0.0000,2426.0000,0.0000,0.0000,0.0000,0.0000,32,0,0,0,0,149,0,0,0,0
zc,WS209,2012-06-15 09:06:51.027,2425.0000,217678,0,0.0000,2.0000,1,1,空换,S,2425.0000,0.0000,0.0000,0.0000,0.0000,2426.0000,0.0000,0.0000,0.0000,0.0000,31,0,0,0,0,149,0,0,0,0
zc,WS209,2012-06-15 09:06:55.027,2425.0000,217678,0,0.0000,0.0000,0,0,空换,S,2425.0000,0.0000,0.0000,0.0000,0.0000,2426.0000,0.0000,0.0000,0.0000,0.0000,31,0,0,0,0,150,0,0,0,0
zc,WS209,2012-06-15 09:06:55.793,2425.0000,217678,0,0.0000,0.0000,0,0,空换,S,2425.0000,0.0000,0.0000,0.0000,0.0000,2426.0000,0.0000,0.0000,0.0000,0.0000,31,0,0,0,0,151,0,0,0,0
zc,WS209,2012-06-15 09:06:56.527,2425.0000,217678,0,0.0000,8.0000,4,4,空换,S,2425.0000,0.0000,0.0000,0.0000,0.0000,2426.0000,0.0000,0.0000,0.0000,0.0000,27,0,0,0,0,151,0,0,0,0
zc,WS209,2012-06-15 09:06:59.293,2425.0000,217678,0,0.0000,6.0000,3,3,空换,S,2425.0000,0.0000,0.0000,0.0000,0.0000,2426.0000,0.0000,0.0000,0.0000,0.0000,24,0,0,0,0,152,0,0,0,0
zc,WS209,2012-06-15 09:07:01.747,2425.0000,217678,0,0.0000,0.0000,0,0,空换,S,2425.0000,0.0000,0.0000,0.0000,0.0000,2426.0000,0.0000,0.0000,0.0000,0.0000,24,0,0,0,0,153,0,0,0,0
zc,WS209,2012-06-15 09:07:02.260,2425.0000,217678,0,0.0000,0.0000,0,0,空换,S,2425.0000,0.0000,0.0000,0.0000,0.0000,2426.0000,0.0000,0.0000,0.0000,0.0000,24,0,0,0,0,154,0,0,0,0
zc,WS209,2012-06-15 09:07:03.010,2426.0000,217684,6,0.0000,6.0000,6,0,双开,B,2425.0000,0.0000,0.0000,0.0000,0.0000,2426.0000,0.0000,0.0000,0.0000,0.0000,24,0,0,0,0,151,0,0,0,0
zc,WS209,2012-06-15 09:07:04.260,2425.0000,217686,2,0.0000,2.0000,2,0,双开,S,2425.0000,0.0000,0.0000,0.0000,0.0000,2426.0000,0.0000,0.0000,0.0000,0.0000,23,0,0,0,0,151,0,0,0,0
zc,WS209,2012-06-15 09:07:06.323,2425.0000,217686,0,0.0000,2.0000,1,1,空换,S,2425.0000,0.0000,0.0000,0.0000,0.0000,2426.0000,0.0000,0.0000,0.0000,0.0000,22,0,0,0,0,151,0,0,0,0
zc,WS209,2012-06-15 09:07:07.527,2425.0000,217688,2,0.0000,2.0000,2,0,双开,S,2425.0000,0.0000,0.0000,0.0000,0.0000,2426.0000,0.0000,0.0000,0.0000,0.0000,11,0,0,0,0,166,0,0,0,0
zc,WS209,2012-06-15 09:07:08.747,2425.0000,217690,2,0.0000,2.0000,2,0,双开,S,2425.0000,0.0000,0.0000,0.0000,0.0000,2426.0000,0.0000,0.0000,0.0000,0.0000,10,0,0,0,0,166,0,0,0,0
zc,WS209,2012-06-15 09:07:09.510,2425.0000,217692,2,0.0000,2.0000,2,0,双开,S,2425.0000,0.0000,0.0000,0.0000,0.0000,2426.0000,0.0000,0.0000,0.0000,0.0000,9,0,0,0,0,166,0,0,0,0
zc,WS209,2012-06-15 09:07:09.760,2425.0000,217700,8,0.0000,18.0000,13,5,空开,S,2424.0000,0.0000,0.0000,0.0000,0.0000,2425.0000,0.0000,0.0000,0.0000,0.0000,155,0,0,0,0,3,0,0,0,0
zc,WS209,2012-06-15 09:07:11.760,2425.0000,217700,0,0.0000,0.0000,0,0,空换,S,2424.0000,0.0000,0.0000,0.0000,0.0000,2425.0000,0.0000,0.0000,0.0000,0.0000,155,0,0,0,0,4,0,0,0,0
zc,WS209,2012-06-15 09:07:13.057,2425.0000,217700,0,0.0000,0.0000,0,0,空换,S,2424.0000,0.0000,0.0000,0.0000,0.0000,2425.0000,0.0000,0.0000,0.0000,0.0000,155,0,0,0,0,5,0,0,0,0
zc,WS209,2012-06-15 09:07:14.260,2425.0000,217706,6,0.0000,10.0000,8,2,空开,S,2424.0000,0.0000,0.0000,0.0000,0.0000,2426.0000,0.0000,0.0000,0.0000,0.0000,155,0,0,0,0,168,0,0,0,0
zc,WS209,2012-06-15 09:07:14.747,2425.0000,217706,0,0.0000,0.0000,0,0,空换,S,2425.0000,0.0000,0.0000,0.0000,0.0000,2426.0000,0.0000,0.0000,0.0000,0.0000,11,0,0,0,0,168,0,0,0,0
zc,WS209,2012-06-15 09:07:15.260,2425.0000,217706,0,0.0000,0.0000,0,0,空换,S,2425.0000,0.0000,0.0000,0.0000,0.0000,2426.0000,0.0000,0.0000,0.0000,0.0000,11,0,0,0,0,160,0,0,0,0
zc,WS209,2012-06-15 09:07:16.043,2425.0000,217708,2,0.0000,2.0000,2,0,双开,S,2425.0000,0.0000,0.0000,0.0000,0.0000,2426.0000,0.0000,0.0000,0.0000,0.0000,10,0,0,0,0,152,0,0,0,0
zc,WS209,2012-06-15 09:07:16.480,2425.0000,217710,2,0.0000,4.0000,3,1,空开,S,2425.0000,0.0000,0.0000,0.0000,0.0000,2426.0000,0.0000,0.0000,0.0000,0.0000,8,0,0,0,0,152,0,0,0,0
zc,WS209,2012-06-15 09:07:17.260,2425.0000,217710,0,0.0000,0.0000,0,0,空换,S,2425.0000,0.0000,0.0000,0.0000,0.0000,2426.0000,0.0000,0.0000,0.0000,0.0000,9,0,0,0,0,152,0,0,0,0
zc,WS209,2012-06-15 09:07:17.760,2425.0000,217710,0,0.0000,0.0000,0,0,空换,S,2425.0000,0.0000,0.0000,0.0000,0.0000,2426.0000,0.0000,0.0000,0.0000,0.0000,14,0,0,0,0,152,0,0,0,0
zc,WS209,2012-06-15 09:07:18.277,2425.0000,217710,0,0.0000,0.0000,0,0,空换,S,2425.0000,0.0000,0.0000,0.0000,0.0000,2426.0000,0.0000,0.0000,0.0000,0.0000,16,0,0,0,0,153,0,0,0,0
zc,WS209,2012-06-15 09:07:18.807,2426.0000,217712,2,0.0000,2.0000,2,0,双开,B,2425.0000,0.0000,0.0000,0.0000,0.0000,2426.0000,0.0000,0.0000,0.0000,0.0000,18,0,0,0,0,152,0,0,0,0
zc,WS209,2012-06-15 09:07:19.527,2426.0000,217712,0,0.0000,0.0000,0,0,多换,B,2425.0000,0.0000,0.0000,0.0000,0.0000,2426.0000,0.0000,0.0000,0.0000,0.0000,12,0,0,0,0,152,0,0,0,0
zc,WS209,2012-06-15 09:07:20.090,2425.0000,217774,62,0.0000,62.0000,62,0,双开,S,2424.0000,0.0000,0.0000,0.0000,0.0000,2425.0000,0.0000,0.0000,0.0000,0.0000,152,0,0,0,0,19,0,0,0,0
zc,WS209,2012-06-15 09:07:21.277,2425.0000,217776,2,0.0000,2.0000,2,0,双开,S,2424.0000,0.0000,0.0000,0.0000,0.0000,2425.0000,0.0000,0.0000,0.0000,0.0000,151,0,0,0,0,18,0,0,0,0
zc,WS209,2012-06-15 09:07:22.027,2425.0000,217778,2,0.0000,2.0000,2,0,双开,S,2424.0000,0.0000,0.0000,0.0000,0.0000,2425.0000,0.0000,0.0000,0.0000,0.0000,150,0,0,0,0,17,0,0,0,0
zc,WS209,2012-06-15 09:07:22.777,2425.0000,217782,4,0.0000,4.0000,4,0,双开,S,2424.0000,0.0000,0.0000,0.0000,0.0000,2425.0000,0.0000,0.0000,0.0000,0.0000,148,0,0,0,0,15,0,0,0,0
zc,WS209,2012-06-15 09:07:24.043,2425.0000,217788,6,0.0000,6.0000,6,0,双开,S,2424.0000,0.0000,0.0000,0.0000,0.0000,2425.0000,0.0000,0.0000,0.0000,0.0000,205,0,0,0,0,62,0,0,0,0
zc,WS209,2012-06-15 09:07:24.510,2425.0000,217794,6,0.0000,6.0000,6,0,双开,S,2424.0000,0.0000,0.0000,0.0000,0.0000,2425.0000,0.0000,0.0000,0.0000,0.0000,203,0,0,0,0,60,0,0,0,0
zc,WS209,2012-06-15 09:07:25.323,2425.0000,217796,2,0.0000,2.0000,2,0,双开,S,2424.0000,0.0000,0.0000,0.0000,0.0000,2425.0000,0.0000,0.0000,0.0000,0.0000,202,0,0,0,0,66,0,0,0,0
zc,WS209,2012-06-15 09:07:26.277,2425.0000,217802,6,0.0000,6.0000,6,0,双开,S,2424.0000,0.0000,0.0000,0.0000,0.0000,2425.0000,0.0000,0.0000,0.0000,0.0000,199,0,0,0,0,63,0,0,0,0
zc,WS209,2012-06-15 09:07:26.793,2425.0000,217810,8,0.0000,8.0000,8,0,双开,S,2424.0000,0.0000,0.0000,0.0000,0.0000,2425.0000,0.0000,0.0000,0.0000,0.0000,195,0,0,0,0,59,0,0,0,0
zc,WS209,2012-06-15 09:07:27.497,2425.0000,217810,0,0.0000,0.0000,0,0,空换,S,2424.0000,0.0000,0.0000,0.0000,0.0000,2425.0000,0.0000,0.0000,0.0000,0.0000,195,0,0,0,0,62,0,0,0,0
zc,WS209,2012-06-15 09:07:28.760,2425.0000,217810,0,0.0000,0.0000,0,0,空换,S,2424.0000,0.0000,0.0000,0.0000,0.0000,2425.0000,0.0000,0.0000,0.0000,0.0000,195,0,0,0,0,63,0,0,0,0
zc,WS209,2012-06-15 09:07:29.293,2425.0000,217810,0,0.0000,0.0000,0,0,空换,S,2424.0000,0.0000,0.0000,0.0000,0.0000,2425.0000,0.0000,0.0000,0.0000,0.0000,195,0,0,0,0,64,0,0,0,0
zc,WS209,2012-06-15 09:07:29.747,2425.0000,217810,0,0.0000,0.0000,0,0,空换,S,2424.0000,0.0000,0.0000,0.0000,0.0000,2425.0000,0.0000,0.0000,0.0000,0.0000,204,0,0,0,0,65,0,0,0,0
zc,WS209,2012-06-15 09:07:30.527,2424.0000,217810,0,0.0000,18.0000,9,9,空换,S,2424.0000,0.0000,0.0000,0.0000,0.0000,2425.0000,0.0000,0.0000,0.0000,0.0000,197,0,0,0,0,65,0,0,0,0
zc,WS209,2012-06-15 09:07:30.997,2424.0000,217810,0,0.0000,0.0000,0,0,空换,S,2424.0000,0.0000,0.0000,0.0000,0.0000,2425.0000,0.0000,0.0000,0.0000,0.0000,201,0,0,0,0,65,0,0,0,0
zc,WS209,2012-06-15 09:07:32.027,2425.0000,217812,2,0.0000,18.0000,10,8,多开,B,2424.0000,0.0000,0.0000,0.0000,0.0000,2425.0000,0.0000,0.0000,0.0000,0.0000,193,0,0,0,0,57,0,0,0,0
zc,WS209,2012-06-15 09:07:33.090,2425.0000,217812,0,0.0000,0.0000,0,0,多换,B,2424.0000,0.0000,0.0000,0.0000,0.0000,2425.0000,0.0000,0.0000,0.0000,0.0000,193,0,0,0,0,58,0,0,0,0
zc,WS209,2012-06-15 09:07:33.323,2424.0000,217812,0,0.0000,4.0000,2,2,空换,S,2424.0000,0.0000,0.0000,0.0000,0.0000,2425.0000,0.0000,0.0000,0.0000,0.0000,191,0,0,0,0,59,0,0,0,0
zc,WS209,2012-06-15 09:07:35.293,2424.0000,217812,0,0.0000,0.0000,0,0,空换,S,2424.0000,0.0000,0.0000,0.0000,0.0000,2425.0000,0.0000,0.0000,0.0000,0.0000,224,0,0,0,0,59,0,0,0,0
zc,WS209,2012-06-15 09:07:35.807,2425.0000,217812,0,0.0000,4.0000,2,2,多换,B,2424.0000,0.0000,0.0000,0.0000,0.0000,2425.0000,0.0000,0.0000,0.0000,0.0000,223,0,0,0,0,57,0,0,0,0
zc,WS209,2012-06-15 09:07:37.747,2424.0000,217812,0,0.0000,2.0000,1,1,空换,S,2424.0000,0.0000,0.0000,0.0000,0.0000,2425.0000,0.0000,0.0000,0.0000,0.0000,222,0,0,0,0,57,0,0,0,0
zc,WS209,2012-06-15 09:07:38.480,2425.0000,217812,0,0.0000,10.0000,5,5,多换,B,2424.0000,0.0000,0.0000,0.0000,0.0000,2425.0000,0.0000,0.0000,0.0000,0.0000,217,0,0,0,0,52,0,0,0,0
zc,WS209,2012-06-15 09:07:39.793,2425.0000,217812,0,0.0000,20.0000,10,10,多换,B,2424.0000,0.0000,0.0000,0.0000,0.0000,2425.0000,0.0000,0.0000,0.0000,0.0000,207,0,0,0,0,42,0,0,0,0
zc,WS209,2012-06-15 09:07:41.043,2425.0000,217732,-80,0.0000,92.0000,6,86,空平,B,2425.0000,0.0000,0.0000,0.0000,0.0000,2426.0000,0.0000,0.0000,0.0000,0.0000,44,0,0,0,0,166,0,0,0,0
zc,WS209,2012-06-15 09:07:41.510,2425.0000,217732,0,0.0000,2.0000,1,1,多换,B,2425.0000,0.0000,0.0000,0.0000,0.0000,2426.0000,0.0000,0.0000,0.0000,0.0000,43,0,0,0,0,166,0,0,0,0
zc,WS209,2012-06-15 09:07:43.557,2425.0000,217726,-6,0.0000,6.0000,0,6,双平,B,2425.0000,0.0000,0.0000,0.0000,0.0000,2426.0000,0.0000,0.0000,0.0000,0.0000,41,0,0,0,0,166,0,0,0,0
zc,WS209,2012-06-15 09:07:46.543,2425.0000,217726,0,0.0000,0.0000,0,0,多换,B,2425.0000,0.0000,0.0000,0.0000,0.0000,2426.0000,0.0000,0.0000,0.0000,0.0000,41,0,0,0,0,165,0,0,0,0
zc,WS209,2012-06-15 09:07:47.010,2425.0000,217724,-2,0.0000,2.0000,0,2,双平,B,2425.0000,0.0000,0.0000,0.0000,0.0000,2426.0000,0.0000,0.0000,0.0000,0.0000,40,0,0,0,0,165,0,0,0,0
zc,WS209,2012-06-15 09:07:48.260,2425.0000,217722,-2,0.0000,2.0000,0,2,双平,B,2425.0000,0.0000,0.0000,0.0000,0.0000,2426.0000,0.0000,0.0000,0.0000,0.0000,39,0,0,0,0,165,0,0,0,0
zc,WS209,2012-06-15 09:07:49.590,2425.0000,217722,0,0.0000,0.0000,0,0,多换,B,2425.0000,0.0000,0.0000,0.0000,0.0000,2426.0000,0.0000,0.0000,0.0000,0.0000,39,0,0,0,0,166,0,0,0,0
zc,WS209,2012-06-15 09:07:50.777,2425.0000,217722,0,0.0000,0.0000,0,0,多换,B,2425.0000,0.0000,0.0000,0.0000,0.0000,2426.0000,0.0000,0.0000,0.0000,0.0000,51,0,0,0,0,150,0,0,0,0
zc,WS209,2012-06-15 09:07:51.510,2425.0000,217720,-2,0.0000,2.0000,0,2,双平,B,2425.0000,0.0000,0.0000,0.0000,0.0000,2426.0000,0.0000,0.0000,0.0000,0.0000,53,0,0,0,0,151,0,0,0,0
zc,WS209,2012-06-15 09:07:53.307,2425.0000,217720,0,0.0000,0.0000,0,0,多换,B,2425.0000,0.0000,0.0000,0.0000,0.0000,2426.0000,0.0000,0.0000,0.0000,0.0000,38,0,0,0,0,153,0,0,0,0
zc,WS209,2012-06-15 09:07:54.057,2426.0000,217724,4,0.0000,4.0000,4,0,双开,B,2425.0000,0.0000,0.0000,0.0000,0.0000,2426.0000,0.0000,0.0000,0.0000,0.0000,38,0,0,0,0,151,0,0,0,0
zc,WS209,2012-06-15 09:07:54.823,2425.0000,217722,-2,0.0000,2.0000,0,2,双平,S,2425.0000,0.0000,0.0000,0.0000,0.0000,2426.0000,0.0000,0.0000,0.0000,0.0000,37,0,0,0,0,150,0,0,0,0
zc,WS209,2012-06-15 09:07:55.557,2425.0000,217722,0,0.0000,0.0000,0,0,空换,S,2425.0000,0.0000,0.0000,0.0000,0.0000,2426.0000,0.0000,0.0000,0.0000,0.0000,39,0,0,0,0,149,0,0,0,0
zc,WS209,2012-06-15 09:07:57.247,2425.0000,217722,0,0.0000,0.0000,0,0,空换,S,2425.0000,0.0000,0.0000,0.0000,0.0000,2426.0000,0.0000,0.0000,0.0000,0.0000,47,0,0,0,0,149,0,0,0,0
zc,WS209,2012-06-15 09:07:57.807,2425.0000,217722,0,0.0000,0.0000,0,0,空换,S,2425.0000,0.0000,0.0000,0.0000,0.0000,2426.0000,0.0000,0.0000,0.0000,0.0000,53,0,0,0,0,149,0,0,0,0
zc,WS209,2012-06-15 09:08:00.760,2425.0000,217720,-2,0.0000,4.0000,1,3,多平,S,2425.0000,0.0000,0.0000,0.0000,0.0000,2426.0000,0.0000,0.0000,0.0000,0.0000,51,0,0,0,0,149,0,0,0,0
zc,WS209,2012-06-15 09:08:01.247,2425.0000,217720,0,0.0000,2.0000,1,1,空换,S,2425.0000,0.0000,0.0000,0.0000,0.0000,2426.0000,0.0000,0.0000,0.0000,0.0000,50,0,0,0,0,149,0,0,0,0
zc,WS209,2012-06-15 09:08:04.510,2425.0000,217720,0,0.0000,0.0000,0,0,空换,S,2425.0000,0.0000,0.0000,0.0000,0.0000,2426.0000,0.0000,0.0000,0.0000,0.0000,51,0,0,0,0,149,0,0,0,0
zc,WS209,2012-06-15 09:08:04.760,2425.0000,217720,0,0.0000,0.0000,0,0,空换,S,2425.0000,0.0000,0.0000,0.0000,0.0000,2426.0000,0.0000,0.0000,0.0000,0.0000,115,0,0,0,0,150,0,0,0,0
zc,WS209,2012-06-15 09:08:05.480,2425.0000,217718,-2,0.0000,2.0000,0,2,双平,S,2425.0000,0.0000,0.0000,0.0000,0.0000,2426.0000,0.0000,0.0000,0.0000,0.0000,118,0,0,0,0,150,0,0,0,0
zc,WS209,2012-06-15 09:08:05.963,2426.0000,217718,0,0.0000,18.0000,9,9,多换,B,2425.0000,0.0000,0.0000,0.0000,0.0000,2426.0000,0.0000,0.0000,0.0000,0.0000,118,0,0,0,0,141,0,0,0,0
zc,WS209,2012-06-15 09:08:07.340,2426.0000,217720,2,0.0000,2.0000,2,0,双开,B,2425.0000,0.0000,0.0000,0.0000,0.0000,2426.0000,0.0000,0.0000,0.0000,0.0000,118,0,0,0,0,140,0,0,0,0
zc,WS209,2012-06-15 09:08:10.480,2426.0000,217720,0,0.0000,0.0000,0,0,多换,B,2425.0000,0.0000,0.0000,0.0000,0.0000,2426.0000,0.0000,0.0000,0.0000,0.0000,117,0,0,0,0,139,0,0,0,0
zc,WS209,2012-06-15 09:08:11.057,2426.0000,217720,0,0.0000,2.0000,1,1,多换,B,2425.0000,0.0000,0.0000,0.0000,0.0000,2426.0000,0.0000,0.0000,0.0000,0.0000,117,0,0,0,0,138,0,0,0,0
zc,WS209,2012-06-15 09:08:12.293,2426.0000,217736,16,0.0000,16.0000,16,0,双开,B,2425.0000,0.0000,0.0000,0.0000,0.0000,2426.0000,0.0000,0.0000,0.0000,0.0000,109,0,0,0,0,130,0,0,0,0
zc,WS209,2012-06-15 09:08:13.543,2426.0000,217740,4,0.0000,6.0000,5,1,多开,B,2425.0000,0.0000,0.0000,0.0000,0.0000,2426.0000,0.0000,0.0000,0.0000,0.0000,108,0,0,0,0,127,0,0,0,0
zc,WS209,2012-06-15 09:08:14.527,2426.0000,217752,12,0.0000,18.0000,15,3,多开,B,2425.0000,0.0000,0.0000,0.0000,0.0000,2426.0000,0.0000,0.0000,0.0000,0.0000,133,0,0,0,0,118,0,0,0,0
zc,WS209,2012-06-15 09:08:15.323,2426.0000,217844,92,0.0000,192.0000,142,50,多开,B,2425.0000,0.0000,0.0000,0.0000,0.0000,2426.0000,0.0000,0.0000,0.0000,0.0000,124,0,0,0,0,22,0,0,0,0
zc,WS209,2012-06-15 09:08:15.730,2426.0000,217846,2,0.0000,24.0000,13,11,多开,B,2425.0000,0.0000,0.0000,0.0000,0.0000,2426.0000,0.0000,0.0000,0.0000,0.0000,123,0,0,0,0,10,0,0,0,0
zc,WS209,2012-06-15 09:08:16.543,2426.0000,217850,4,0.0000,20.0000,12,8,多开,B,2426.0000,0.0000,0.0000,0.0000,0.0000,2427.0000,0.0000,0.0000,0.0000,0.0000,2,0,0,0,0,118,0,0,0,0
