市场代码,合约代码,时间,最新,持仓,增仓,成交额,成交量,开仓,平仓,成交类型,方向,买一价,买二价,买三价,买四价,买五价,卖一价,卖二价,卖三价,卖四价,卖五价,买一量,买二量,买三量,买四量,买五量,卖一量,卖二量,卖三量,卖四量,卖五量
zc,WS301,2012-06-15 07:58:28.183,0.0000,453206,0,0.0000,0.0000,0,0,空换,S,0.0000,0.0000,0.0000,0.0000,0.0000,0.0000,0.0000,0.0000,0.0000,0.0000,0,0,0,0,0,0,0,0,0,0
zc,WS301,2012-06-15 08:03:28.167,0.0000,453206,0,0.0000,0.0000,0,0,空换,S,0.0000,0.0000,0.0000,0.0000,0.0000,0.0000,0.0000,0.0000,0.0000,0.0000,0,0,0,0,0,0,0,0,0,0
zc,WS301,2012-06-15 08:07:28.167,0.0000,453206,0,0.0000,0.0000,0,0,空换,S,0.0000,0.0000,0.0000,0.0000,0.0000,0.0000,0.0000,0.0000,0.0000,0.0000,0,0,0,0,0,0,0,0,0,0
zc,WS301,2012-06-15 08:08:30.200,0.0000,453206,0,0.0000,0.0000,0,0,空换,S,0.0000,0.0000,0.0000,0.0000,0.0000,0.0000,0.0000,0.0000,0.0000,0.0000,0,0,0,0,0,0,0,0,0,0
zc,WS301,2012-06-15 08:09:30.200,0.0000,453206,0,0.0000,0.0000,0,0,空换,S,0.0000,0.0000,0.0000,0.0000,0.0000,0.0000,0.0000,0.0000,0.0000,0.0000,0,0,0,0,0,0,0,0,0,0
zc,WS301,2012-06-15 08:12:30.200,0.0000,453206,0,0.0000,0.0000,0,0,空换,S,0.0000,0.0000,0.0000,0.0000,0.0000,0.0000,0.0000,0.0000,0.0000,0.0000,0,0,0,0,0,0,0,0,0,0
zc,WS301,2012-06-15 08:13:30.183,0.0000,453206,0,0.0000,0.0000,0,0,空换,S,0.0000,0.0000,0.0000,0.0000,0.0000,0.0000,0.0000,0.0000,0.0000,0.0000,0,0,0,0,0,0,0,0,0,0
zc,WS301,2012-06-15 08:14:30.183,0.0000,453206,0,0.0000,0.0000,0,0,空换,S,0.0000,0.0000,0.0000,0.0000,0.0000,0.0000,0.0000,0.0000,0.0000,0.0000,0,0,0,0,0,0,0,0,0,0
zc,WS301,2012-06-15 08:15:30.200,0.0000,453206,0,0.0000,0.0000,0,0,空换,S,0.0000,0.0000,0.0000,0.0000,0.0000,0.0000,0.0000,0.0000,0.0000,0.0000,0,0,0,0,0,0,0,0,0,0
zc,WS301,2012-06-15 08:18:30.183,0.0000,453206,0,0.0000,0.0000,0,0,空换,S,0.0000,0.0000,0.0000,0.0000,0.0000,0.0000,0.0000,0.0000,0.0000,0.0000,0,0,0,0,0,0,0,0,0,0
zc,WS301,2012-06-15 08:21:30.183,0.0000,453206,0,0.0000,0.0000,0,0,空换,S,0.0000,0.0000,0.0000,0.0000,0.0000,0.0000,0.0000,0.0000,0.0000,0.0000,0,0,0,0,0,0,0,0,0,0
zc,WS301,2012-06-15 08:22:30.183,0.0000,453206,0,0.0000,0.0000,0,0,空换,S,0.0000,0.0000,0.0000,0.0000,0.0000,0.0000,0.0000,0.0000,0.0000,0.0000,0,0,0,0,0,0,0,0,0,0
zc,WS301,2012-06-15 08:23:30.183,0.0000,453206,0,0.0000,0.0000,0,0,空换,S,0.0000,0.0000,0.0000,0.0000,0.0000,0.0000,0.0000,0.0000,0.0000,0.0000,0,0,0,0,0,0,0,0,0,0
zc,WS301,2012-06-15 08:24:30.183,0.0000,453206,0,0.0000,0.0000,0,0,空换,S,0.0000,0.0000,0.0000,0.0000,0.0000,0.0000,0.0000,0.0000,0.0000,0.0000,0,0,0,0,0,0,0,0,0,0
zc,WS301,2012-06-15 08:26:30.200,0.0000,453206,0,0.0000,0.0000,0,0,空换,S,0.0000,0.0000,0.0000,0.0000,0.0000,0.0000,0.0000,0.0000,0.0000,0.0000,0,0,0,0,0,0,0,0,0,0
zc,WS301,2012-06-15 08:29:30.183,0.0000,453206,0,0.0000,0.0000,0,0,空换,S,0.0000,0.0000,0.0000,0.0000,0.0000,0.0000,0.0000,0.0000,0.0000,0.0000,0,0,0,0,0,0,0,0,0,0
zc,WS301,2012-06-15 08:32:30.200,0.0000,453206,0,0.0000,0.0000,0,0,空换,S,0.0000,0.0000,0.0000,0.0000,0.0000,0.0000,0.0000,0.0000,0.0000,0.0000,0,0,0,0,0,0,0,0,0,0
zc,WS301,2012-06-15 08:34:30.200,0.0000,453206,0,0.0000,0.0000,0,0,空换,S,0.0000,0.0000,0.0000,0.0000,0.0000,0.0000,0.0000,0.0000,0.0000,0.0000,0,0,0,0,0,0,0,0,0,0
zc,WS301,2012-06-15 08:36:30.200,0.0000,453206,0,0.0000,0.0000,0,0,空换,S,0.0000,0.0000,0.0000,0.0000,0.0000,0.0000,0.0000,0.0000,0.0000,0.0000,0,0,0,0,0,0,0,0,0,0
zc,WS301,2012-06-15 08:37:30.200,0.0000,453206,0,0.0000,0.0000,0,0,空换,S,0.0000,0.0000,0.0000,0.0000,0.0000,0.0000,0.0000,0.0000,0.0000,0.0000,0,0,0,0,0,0,0,0,0,0
zc,WS301,2012-06-15 08:39:30.200,0.0000,453206,0,0.0000,0.0000,0,0,空换,S,0.0000,0.0000,0.0000,0.0000,0.0000,0.0000,0.0000,0.0000,0.0000,0.0000,0,0,0,0,0,0,0,0,0,0
zc,WS301,2012-06-15 08:44:30.183,0.0000,453206,0,0.0000,0.0000,0,0,空换,S,0.0000,0.0000,0.0000,0.0000,0.0000,0.0000,0.0000,0.0000,0.0000,0.0000,0,0,0,0,0,0,0,0,0,0
zc,WS301,2012-06-15 08:45:30.200,0.0000,453206,0,0.0000,0.0000,0,0,空换,S,0.0000,0.0000,0.0000,0.0000,0.0000,0.0000,0.0000,0.0000,0.0000,0.0000,0,0,0,0,0,0,0,0,0,0
zc,WS301,2012-06-15 08:46:30.200,0.0000,453206,0,0.0000,0.0000,0,0,空换,S,0.0000,0.0000,0.0000,0.0000,0.0000,0.0000,0.0000,0.0000,0.0000,0.0000,0,0,0,0,0,0,0,0,0,0
zc,WS301,2012-06-15 08:48:30.183,0.0000,453206,0,0.0000,0.0000,0,0,空换,S,0.0000,0.0000,0.0000,0.0000,0.0000,0.0000,0.0000,0.0000,0.0000,0.0000,0,0,0,0,0,0,0,0,0,0
zc,WS301,2012-06-15 08:49:30.183,0.0000,453206,0,0.0000,0.0000,0,0,空换,S,0.0000,0.0000,0.0000,0.0000,0.0000,0.0000,0.0000,0.0000,0.0000,0.0000,0,0,0,0,0,0,0,0,0,0
zc,WS301,2012-06-15 08:50:30.200,0.0000,453206,0,0.0000,0.0000,0,0,空换,S,0.0000,0.0000,0.0000,0.0000,0.0000,0.0000,0.0000,0.0000,0.0000,0.0000,0,0,0,0,0,0,0,0,0,0
zc,WS301,2012-06-15 08:52:30.183,0.0000,453206,0,0.0000,0.0000,0,0,空换,S,0.0000,0.0000,0.0000,0.0000,0.0000,0.0000,0.0000,0.0000,0.0000,0.0000,0,0,0,0,0,0,0,0,0,0
zc,WS301,2012-06-15 08:53:30.200,0.0000,453206,0,0.0000,0.0000,0,0,空换,S,0.0000,0.0000,0.0000,0.0000,0.0000,0.0000,0.0000,0.0000,0.0000,0.0000,0,0,0,0,0,0,0,0,0,0
zc,WS301,2012-06-15 08:54:30.213,0.0000,453206,0,0.0000,0.0000,0,0,空换,S,0.0000,0.0000,0.0000,0.0000,0.0000,0.0000,0.0000,0.0000,0.0000,0.0000,0,0,0,0,0,0,0,0,0,0
zc,WS301,2012-06-15 08:55:02.497,0.0000,453206,0,0.0000,0.0000,0,0,空换,S,0.0000,0.0000,0.0000,0.0000,0.0000,0.0000,0.0000,0.0000,0.0000,0.0000,0,0,0,0,0,0,0,0,0,0
zc,WS301,2012-06-15 08:55:03.213,0.0000,453206,0,0.0000,0.0000,0,0,空换,S,0.0000,0.0000,0.0000,0.0000,0.0000,0.0000,0.0000,0.0000,0.0000,0.0000,0,0,0,0,0,0,0,0,0,0
zc,WS301,2012-06-15 08:55:42.200,0.0000,453206,0,0.0000,0.0000,0,0,空换,S,0.0000,0.0000,0.0000,0.0000,0.0000,0.0000,0.0000,0.0000,0.0000,0.0000,0,0,0,0,0,0,0,0,0,0
zc,WS301,2012-06-15 08:55:57.450,0.0000,453206,0,0.0000,0.0000,0,0,空换,S,0.0000,0.0000,0.0000,0.0000,0.0000,0.0000,0.0000,0.0000,0.0000,0.0000,0,0,0,0,0,0,0,0,0,0
zc,WS301,2012-06-15 08:57:00.950,0.0000,453206,0,0.0000,0.0000,0,0,空换,S,0.0000,0.0000,0.0000,0.0000,0.0000,0.0000,0.0000,0.0000,0.0000,0.0000,0,0,0,0,0,0,0,0,0,0
zc,WS301,2012-06-15 08:57:09.450,0.0000,453206,0,0.0000,0.0000,0,0,空换,S,0.0000,0.0000,0.0000,0.0000,0.0000,0.0000,0.0000,0.0000,0.0000,0.0000,0,0,0,0,0,0,0,0,0,0
zc,WS301,2012-06-15 08:57:30.213,0.0000,453206,0,0.0000,0.0000,0,0,空换,S,0.0000,0.0000,0.0000,0.0000,0.0000,0.0000,0.0000,0.0000,0.0000,0.0000,0,0,0,0,0,0,0,0,0,0
zc,WS301,2012-06-15 09:00:01.917,2526.0000,453306,100,0.0000,376.0000,238,138,多开,B,2525.0000,0.0000,0.0000,0.0000,0.0000,2526.0000,0.0000,0.0000,0.0000,0.0000,41,0,0,0,0,31,0,0,0,0
zc,WS301,2012-06-15 09:00:02.950,2525.0000,453306,0,0.0000,284.0000,142,142,空换,S,2524.0000,0.0000,0.0000,0.0000,0.0000,2525.0000,0.0000,0.0000,0.0000,0.0000,4,0,0,0,0,113,0,0,0,0
zc,WS301,2012-06-15 09:00:03.933,2525.0000,453308,2,0.0000,86.0000,44,42,空开,S,2524.0000,0.0000,0.0000,0.0000,0.0000,2525.0000,0.0000,0.0000,0.0000,0.0000,4,0,0,0,0,134,0,0,0,0
zc,WS301,2012-06-15 09:00:04.667,2524.0000,453308,0,0.0000,18.0000,9,9,空换,S,2524.0000,0.0000,0.0000,0.0000,0.0000,2525.0000,0.0000,0.0000,0.0000,0.0000,3,0,0,0,0,130,0,0,0,0
zc,WS301,2012-06-15 09:00:05.403,2525.0000,453308,0,0.0000,6.0000,3,3,多换,B,2524.0000,0.0000,0.0000,0.0000,0.0000,2525.0000,0.0000,0.0000,0.0000,0.0000,3,0,0,0,0,37,0,0,0,0
zc,WS301,2012-06-15 09:00:06.137,2525.0000,453312,4,0.0000,20.0000,12,8,多开,B,2524.0000,0.0000,0.0000,0.0000,0.0000,2525.0000,0.0000,0.0000,0.0000,0.0000,3,0,0,0,0,87,0,0,0,0
zc,WS301,2012-06-15 09:00:06.857,2525.0000,453324,12,0.0000,24.0000,18,6,多开,B,2524.0000,0.0000,0.0000,0.0000,0.0000,2525.0000,0.0000,0.0000,0.0000,0.0000,3,0,0,0,0,76,0,0,0,0
zc,WS301,2012-06-15 09:00:07.323,2525.0000,453324,0,0.0000,4.0000,2,2,多换,B,2524.0000,0.0000,0.0000,0.0000,0.0000,2525.0000,0.0000,0.0000,0.0000,0.0000,4,0,0,0,0,79,0,0,0,0
zc,WS301,2012-06-15 09:00:08.153,2524.0000,453326,2,0.0000,2.0000,2,0,双开,S,2524.0000,0.0000,0.0000,0.0000,0.0000,2525.0000,0.0000,0.0000,0.0000,0.0000,3,0,0,0,0,107,0,0,0,0
zc,WS301,2012-06-15 09:00:08.667,2524.0000,453326,0,0.0000,8.0000,4,4,空换,S,2523.0000,0.0000,0.0000,0.0000,0.0000,2524.0000,0.0000,0.0000,0.0000,0.0000,24,0,0,0,0,1,0,0,0,0
zc,WS301,2012-06-15 09:00:09.357,2524.0000,453326,0,0.0000,2.0000,1,1,空换,S,2523.0000,0.0000,0.0000,0.0000,0.0000,2525.0000,0.0000,0.0000,0.0000,0.0000,27,0,0,0,0,138,0,0,0,0
zc,WS301,2012-06-15 09:00:10.137,2525.0000,453318,-8,0.0000,8.0000,0,8,双平,B,2523.0000,0.0000,0.0000,0.0000,0.0000,2524.0000,0.0000,0.0000,0.0000,0.0000,26,0,0,0,0,2,0,0,0,0
zc,WS301,2012-06-15 09:00:10.917,2524.0000,453318,0,0.0000,12.0000,6,6,空换,S,2524.0000,0.0000,0.0000,0.0000,0.0000,2525.0000,0.0000,0.0000,0.0000,0.0000,3,0,0,0,0,110,0,0,0,0
zc,WS301,2012-06-15 09:00:11.653,2523.0000,453312,-6,0.0000,12.0000,3,9,多平,S,2523.0000,0.0000,0.0000,0.0000,0.0000,2524.0000,0.0000,0.0000,0.0000,0.0000,59,0,0,0,0,1,0,0,0,0
zc,WS301,2012-06-15 09:00:12.357,2523.0000,453306,-6,0.0000,90.0000,42,48,多平,S,2523.0000,0.0000,0.0000,0.0000,0.0000,2524.0000,0.0000,0.0000,0.0000,0.0000,18,0,0,0,0,4,0,0,0,0
zc,WS301,2012-06-15 09:00:12.840,2524.0000,453296,-10,0.0000,24.0000,7,17,空平,B,2524.0000,0.0000,0.0000,0.0000,0.0000,2525.0000,0.0000,0.0000,0.0000,0.0000,23,0,0,0,0,109,0,0,0,0
zc,WS301,2012-06-15 09:00:13.653,2524.0000,453310,14,0.0000,50.0000,32,18,多开,B,2524.0000,0.0000,0.0000,0.0000,0.0000,2525.0000,0.0000,0.0000,0.0000,0.0000,11,0,0,0,0,133,0,0,0,0
zc,WS301,2012-06-15 09:00:14.403,2524.0000,453316,6,0.0000,8.0000,7,1,多开,B,2524.0000,0.0000,0.0000,0.0000,0.0000,2525.0000,0.0000,0.0000,0.0000,0.0000,7,0,0,0,0,109,0,0,0,0
zc,WS301,2012-06-15 09:00:14.887,2525.0000,453322,6,0.0000,10.0000,8,2,多开,B,2524.0000,0.0000,0.0000,0.0000,0.0000,2525.0000,0.0000,0.0000,0.0000,0.0000,6,0,0,0,0,109,0,0,0,0
zc,WS301,2012-06-15 09:00:15.620,2523.0000,453334,12,0.0000,32.0000,22,10,空开,S,2524.0000,0.0000,0.0000,0.0000,0.0000,2525.0000,0.0000,0.0000,0.0000,0.0000,11,0,0,0,0,106,0,0,0,0
zc,WS301,2012-06-15 09:00:16.107,2525.0000,453350,16,0.0000,84.0000,50,34,多开,B,2524.0000,0.0000,0.0000,0.0000,0.0000,2525.0000,0.0000,0.0000,0.0000,0.0000,11,0,0,0,0,66,0,0,0,0
zc,WS301,2012-06-15 09:00:17.167,2523.0000,453364,14,0.0000,46.0000,30,16,空开,S,2524.0000,0.0000,0.0000,0.0000,0.0000,2525.0000,0.0000,0.0000,0.0000,0.0000,1,0,0,0,0,62,0,0,0,0
zc,WS301,2012-06-15 09:00:17.620,2525.0000,453364,0,0.0000,98.0000,49,49,多换,B,2524.0000,0.0000,0.0000,0.0000,0.0000,2525.0000,0.0000,0.0000,0.0000,0.0000,1,0,0,0,0,15,0,0,0,0
zc,WS301,2012-06-15 09:00:18.417,2524.0000,453364,0,0.0000,6.0000,3,3,空换,S,2523.0000,0.0000,0.0000,0.0000,0.0000,2524.0000,0.0000,0.0000,0.0000,0.0000,9,0,0,0,0,1,0,0,0,0
zc,WS301,2012-06-15 09:00:18.870,2524.0000,453364,0,0.0000,4.0000,2,2,空换,S,2523.0000,0.0000,0.0000,0.0000,0.0000,2524.0000,0.0000,0.0000,0.0000,0.0000,11,0,0,0,0,11,0,0,0,0
zc,WS301,2012-06-15 09:00:20.183,2524.0000,453362,-2,0.0000,4.0000,1,3,多平,S,2523.0000,0.0000,0.0000,0.0000,0.0000,2524.0000,0.0000,0.0000,0.0000,0.0000,102,0,0,0,0,32,0,0,0,0
zc,WS301,2012-06-15 09:00:21.387,2524.0000,453362,0,0.0000,0.0000,0,0,空换,S,2523.0000,0.0000,0.0000,0.0000,0.0000,2524.0000,0.0000,0.0000,0.0000,0.0000,103,0,0,0,0,8,0,0,0,0
zc,WS301,2012-06-15 09:00:21.870,2524.0000,453362,0,0.0000,0.0000,0,0,空换,S,2523.0000,0.0000,0.0000,0.0000,0.0000,2524.0000,0.0000,0.0000,0.0000,0.0000,99,0,0,0,0,8,0,0,0,0
zc,WS301,2012-06-15 09:00:22.573,2523.0000,453410,48,0.0000,50.0000,49,1,空开,S,2523.0000,0.0000,0.0000,0.0000,0.0000,2524.0000,0.0000,0.0000,0.0000,0.0000,75,0,0,0,0,8,0,0,0,0
zc,WS301,2012-06-15 09:00:23.153,2524.0000,453410,0,0.0000,6.0000,3,3,多换,B,2523.0000,0.0000,0.0000,0.0000,0.0000,2524.0000,0.0000,0.0000,0.0000,0.0000,79,0,0,0,0,4,0,0,0,0
zc,WS301,2012-06-15 09:00:23.917,2524.0000,453410,0,0.0000,2.0000,1,1,多换,B,2523.0000,0.0000,0.0000,0.0000,0.0000,2524.0000,0.0000,0.0000,0.0000,0.0000,82,0,0,0,0,3,0,0,0,0
zc,WS301,2012-06-15 09:00:24.620,2524.0000,453408,-2,0.0000,2.0000,0,2,双平,B,2523.0000,0.0000,0.0000,0.0000,0.0000,2524.0000,0.0000,0.0000,0.0000,0.0000,82,0,0,0,0,2,0,0,0,0
zc,WS301,2012-06-15 09:00:25.307,2524.0000,453410,2,0.0000,4.0000,3,1,多开,B,2523.0000,0.0000,0.0000,0.0000,0.0000,2524.0000,0.0000,0.0000,0.0000,0.0000,83,0,0,0,0,2,0,0,0,0
zc,WS301,2012-06-15 09:00:25.870,2524.0000,453410,0,0.0000,4.0000,2,2,多换,B,2523.0000,0.0000,0.0000,0.0000,0.0000,2525.0000,0.0000,0.0000,0.0000,0.0000,83,0,0,0,0,522,0,0,0,0
zc,WS301,2012-06-15 09:00:26.637,2524.0000,453414,4,0.0000,4.0000,4,0,双开,B,2524.0000,0.0000,0.0000,0.0000,0.0000,2525.0000,0.0000,0.0000,0.0000,0.0000,2,0,0,0,0,522,0,0,0,0
zc,WS301,2012-06-15 09:00:27.107,2524.0000,453414,0,0.0000,0.0000,0,0,多换,B,2524.0000,0.0000,0.0000,0.0000,0.0000,2525.0000,0.0000,0.0000,0.0000,0.0000,3,0,0,0,0,522,0,0,0,0
zc,WS301,2012-06-15 09:00:27.887,2524.0000,453418,4,0.0000,10.0000,7,3,多开,B,2523.0000,0.0000,0.0000,0.0000,0.0000,2524.0000,0.0000,0.0000,0.0000,0.0000,87,0,0,0,0,11,0,0,0,0
zc,WS301,2012-06-15 09:00:28.340,2524.0000,453436,18,0.0000,18.0000,18,0,双开,B,2523.0000,0.0000,0.0000,0.0000,0.0000,2524.0000,0.0000,0.0000,0.0000,0.0000,88,0,0,0,0,34,0,0,0,0
zc,WS301,2012-06-15 09:00:29.090,2523.0000,453448,12,0.0000,18.0000,15,3,空开,S,2523.0000,0.0000,0.0000,0.0000,0.0000,2524.0000,0.0000,0.0000,0.0000,0.0000,80,0,0,0,0,77,0,0,0,0
zc,WS301,2012-06-15 09:00:29.637,2523.0000,453608,160,0.0000,160.0000,160,0,双开,S,2523.0000,0.0000,0.0000,0.0000,0.0000,2524.0000,0.0000,0.0000,0.0000,0.0000,5,0,0,0,0,89,0,0,0,0
zc,WS301,2012-06-15 09:00:30.573,2523.0000,453610,2,0.0000,16.0000,9,7,空开,S,2522.0000,0.0000,0.0000,0.0000,0.0000,2523.0000,0.0000,0.0000,0.0000,0.0000,143,0,0,0,0,92,0,0,0,0
zc,WS301,2012-06-15 09:00:31.340,2522.0000,453608,-2,0.0000,58.0000,28,30,多平,S,2522.0000,0.0000,0.0000,0.0000,0.0000,2523.0000,0.0000,0.0000,0.0000,0.0000,140,0,0,0,0,65,0,0,0,0
zc,WS301,2012-06-15 09:00:31.903,2523.0000,453596,-12,0.0000,20.0000,4,16,空平,B,2522.0000,0.0000,0.0000,0.0000,0.0000,2523.0000,0.0000,0.0000,0.0000,0.0000,135,0,0,0,0,63,0,0,0,0
zc,WS301,2012-06-15 09:00:32.590,2523.0000,453592,-4,0.0000,36.0000,16,20,空平,B,2522.0000,0.0000,0.0000,0.0000,0.0000,2523.0000,0.0000,0.0000,0.0000,0.0000,148,0,0,0,0,45,0,0,0,0
zc,WS301,2012-06-15 09:00:33.417,2522.0000,453578,-14,0.0000,22.0000,4,18,多平,S,2522.0000,0.0000,0.0000,0.0000,0.0000,2523.0000,0.0000,0.0000,0.0000,0.0000,140,0,0,0,0,43,0,0,0,0
zc,WS301,2012-06-15 09:00:34.120,2523.0000,453578,0,0.0000,14.0000,7,7,多换,B,2522.0000,0.0000,0.0000,0.0000,0.0000,2523.0000,0.0000,0.0000,0.0000,0.0000,125,0,0,0,0,38,0,0,0,0
zc,WS301,2012-06-15 09:00:34.637,2523.0000,453576,-2,0.0000,32.0000,15,17,空平,B,2522.0000,0.0000,0.0000,0.0000,0.0000,2523.0000,0.0000,0.0000,0.0000,0.0000,125,0,0,0,0,20,0,0,0,0
zc,WS301,2012-06-15 09:00:35.137,2523.0000,453574,-2,0.0000,8.0000,3,5,空平,B,2522.0000,0.0000,0.0000,0.0000,0.0000,2523.0000,0.0000,0.0000,0.0000,0.0000,132,0,0,0,0,19,0,0,0,0
zc,WS301,2012-06-15 09:00:35.870,2523.0000,453574,0,0.0000,2.0000,1,1,多换,B,2522.0000,0.0000,0.0000,0.0000,0.0000,2523.0000,0.0000,0.0000,0.0000,0.0000,132,0,0,0,0,18,0,0,0,0
zc,WS301,2012-06-15 09:00:36.357,2523.0000,453574,0,0.0000,4.0000,2,2,多换,B,2522.0000,0.0000,0.0000,0.0000,0.0000,2523.0000,0.0000,0.0000,0.0000,0.0000,137,0,0,0,0,16,0,0,0,0
zc,WS301,2012-06-15 09:00:37.073,2523.0000,453572,-2,0.0000,12.0000,5,7,空平,B,2522.0000,0.0000,0.0000,0.0000,0.0000,2523.0000,0.0000,0.0000,0.0000,0.0000,133,0,0,0,0,10,0,0,0,0
zc,WS301,2012-06-15 09:00:37.607,2523.0000,453572,0,0.0000,0.0000,0,0,多换,B,2522.0000,0.0000,0.0000,0.0000,0.0000,2523.0000,0.0000,0.0000,0.0000,0.0000,133,0,0,0,0,15,0,0,0,0
zc,WS301,2012-06-15 09:00:38.307,2523.0000,453552,-20,0.0000,36.0000,8,28,空平,B,2523.0000,0.0000,0.0000,0.0000,0.0000,2524.0000,0.0000,0.0000,0.0000,0.0000,30,0,0,0,0,75,0,0,0,0
zc,WS301,2012-06-15 09:00:38.607,2523.0000,453552,0,0.0000,0.0000,0,0,多换,B,2523.0000,0.0000,0.0000,0.0000,0.0000,2524.0000,0.0000,0.0000,0.0000,0.0000,31,0,0,0,0,75,0,0,0,0
zc,WS301,2012-06-15 09:00:39.620,2523.0000,453494,-58,0.0000,72.0000,7,65,空平,B,2523.0000,0.0000,0.0000,0.0000,0.0000,2524.0000,0.0000,0.0000,0.0000,0.0000,1,0,0,0,0,83,0,0,0,0
zc,WS301,2012-06-15 09:00:40.073,2523.0000,453500,6,0.0000,6.0000,6,0,双开,B,2522.0000,0.0000,0.0000,0.0000,0.0000,2523.0000,0.0000,0.0000,0.0000,0.0000,134,0,0,0,0,4,0,0,0,0
zc,WS301,2012-06-15 09:00:40.870,2523.0000,453504,4,0.0000,4.0000,4,0,双开,B,2522.0000,0.0000,0.0000,0.0000,0.0000,2523.0000,0.0000,0.0000,0.0000,0.0000,135,0,0,0,0,17,0,0,0,0
zc,WS301,2012-06-15 09:00:41.403,2523.0000,453486,-18,0.0000,22.0000,2,20,空平,B,2522.0000,0.0000,0.0000,0.0000,0.0000,2523.0000,0.0000,0.0000,0.0000,0.0000,136,0,0,0,0,17,0,0,0,0
zc,WS301,2012-06-15 09:00:42.090,2522.0000,453560,74,0.0000,150.0000,112,38,空开,S,2522.0000,0.0000,0.0000,0.0000,0.0000,2523.0000,0.0000,0.0000,0.0000,0.0000,82,0,0,0,0,64,0,0,0,0
zc,WS301,2012-06-15 09:00:42.557,2523.0000,453610,50,0.0000,54.0000,52,2,多开,B,2522.0000,0.0000,0.0000,0.0000,0.0000,2523.0000,0.0000,0.0000,0.0000,0.0000,83,0,0,0,0,38,0,0,0,0
zc,WS301,2012-06-15 09:00:43.403,2522.0000,453772,162,0.0000,176.0000,169,7,空开,S,2521.0000,0.0000,0.0000,0.0000,0.0000,2522.0000,0.0000,0.0000,0.0000,0.0000,70,0,0,0,0,45,0,0,0,0
zc,WS301,2012-06-15 09:00:43.857,2522.0000,453790,18,0.0000,18.0000,18,0,双开,S,2521.0000,0.0000,0.0000,0.0000,0.0000,2522.0000,0.0000,0.0000,0.0000,0.0000,70,0,0,0,0,36,0,0,0,0
zc,WS301,2012-06-15 09:00:44.370,2522.0000,453794,4,0.0000,8.0000,6,2,空开,S,2521.0000,0.0000,0.0000,0.0000,0.0000,2522.0000,0.0000,0.0000,0.0000,0.0000,70,0,0,0,0,36,0,0,0,0
zc,WS301,2012-06-15 09:00:45.073,2521.0000,453792,-2,0.0000,6.0000,2,4,多平,S,2521.0000,0.0000,0.0000,0.0000,0.0000,2522.0000,0.0000,0.0000,0.0000,0.0000,68,0,0,0,0,35,0,0,0,0
zc,WS301,2012-06-15 09:00:45.887,2522.0000,453796,4,0.0000,4.0000,4,0,双开,B,2521.0000,0.0000,0.0000,0.0000,0.0000,2522.0000,0.0000,0.0000,0.0000,0.0000,68,0,0,0,0,33,0,0,0,0
zc,WS301,2012-06-15 09:00:46.387,2522.0000,453794,-2,0.0000,22.0000,10,12,空平,B,2521.0000,0.0000,0.0000,0.0000,0.0000,2522.0000,0.0000,0.0000,0.0000,0.0000,58,0,0,0,0,34,0,0,0,0
zc,WS301,2012-06-15 09:00:47.090,2522.0000,453856,62,0.0000,74.0000,68,6,多开,B,2521.0000,0.0000,0.0000,0.0000,0.0000,2523.0000,0.0000,0.0000,0.0000,0.0000,55,0,0,0,0,41,0,0,0,0
zc,WS301,2012-06-15 09:00:47.607,2522.0000,453856,0,0.0000,6.0000,3,3,多换,B,2521.0000,0.0000,0.0000,0.0000,0.0000,2523.0000,0.0000,0.0000,0.0000,0.0000,55,0,0,0,0,43,0,0,0,0
zc,WS301,2012-06-15 09:00:48.387,2522.0000,453856,0,0.0000,0.0000,0,0,多换,B,2521.0000,0.0000,0.0000,0.0000,0.0000,2523.0000,0.0000,0.0000,0.0000,0.0000,62,0,0,0,0,43,0,0,0,0
zc,WS301,2012-06-15 09:00:49.107,2521.0000,453852,-4,0.0000,18.0000,7,11,多平,S,2522.0000,0.0000,0.0000,0.0000,0.0000,2523.0000,0.0000,0.0000,0.0000,0.0000,10,0,0,0,0,42,0,0,0,0
zc,WS301,2012-06-15 09:00:49.840,2521.0000,453852,0,0.0000,4.0000,2,2,空换,S,2522.0000,0.0000,0.0000,0.0000,0.0000,2523.0000,0.0000,0.0000,0.0000,0.0000,9,0,0,0,0,42,0,0,0,0
zc,WS301,2012-06-15 09:00:50.323,2522.0000,453844,-8,0.0000,8.0000,0,8,双平,B,2522.0000,0.0000,0.0000,0.0000,0.0000,2523.0000,0.0000,0.0000,0.0000,0.0000,96,0,0,0,0,42,0,0,0,0
zc,WS301,2012-06-15 09:00:50.857,2522.0000,453824,-20,0.0000,20.0000,0,20,双平,B,2522.0000,0.0000,0.0000,0.0000,0.0000,2523.0000,0.0000,0.0000,0.0000,0.0000,94,0,0,0,0,42,0,0,0,0
zc,WS301,2012-06-15 09:00:51.590,2522.0000,453848,24,0.0000,98.0000,61,37,多开,B,2522.0000,0.0000,0.0000,0.0000,0.0000,2523.0000,0.0000,0.0000,0.0000,0.0000,43,0,0,0,0,43,0,0,0,0
zc,WS301,2012-06-15 09:00:52.323,2522.0000,453848,0,0.0000,2.0000,1,1,多换,B,2522.0000,0.0000,0.0000,0.0000,0.0000,2523.0000,0.0000,0.0000,0.0000,0.0000,42,0,0,0,0,43,0,0,0,0
zc,WS301,2012-06-15 09:00:53.527,2522.0000,453854,6,0.0000,6.0000,6,0,双开,B,2522.0000,0.0000,0.0000,0.0000,0.0000,2523.0000,0.0000,0.0000,0.0000,0.0000,39,0,0,0,0,43,0,0,0,0
zc,WS301,2012-06-15 09:00:54.323,2522.0000,453862,8,0.0000,14.0000,11,3,多开,B,2522.0000,0.0000,0.0000,0.0000,0.0000,2523.0000,0.0000,0.0000,0.0000,0.0000,35,0,0,0,0,40,0,0,0,0
zc,WS301,2012-06-15 09:00:54.607,2523.0000,453864,2,0.0000,2.0000,2,0,双开,B,2522.0000,0.0000,0.0000,0.0000,0.0000,2523.0000,0.0000,0.0000,0.0000,0.0000,39,0,0,0,0,40,0,0,0,0
zc,WS301,2012-06-15 09:00:55.323,2522.0000,453864,0,0.0000,2.0000,1,1,空换,S,2522.0000,0.0000,0.0000,0.0000,0.0000,2523.0000,0.0000,0.0000,0.0000,0.0000,39,0,0,0,0,43,0,0,0,0
zc,WS301,2012-06-15 09:00:55.870,2522.0000,453866,2,0.0000,2.0000,2,0,双开,S,2522.0000,0.0000,0.0000,0.0000,0.0000,2523.0000,0.0000,0.0000,0.0000,0.0000,41,0,0,0,0,50,0,0,0,0
zc,WS301,2012-06-15 09:00:56.590,2522.0000,453866,0,0.0000,0.0000,0,0,空换,S,2522.0000,0.0000,0.0000,0.0000,0.0000,2523.0000,0.0000,0.0000,0.0000,0.0000,41,0,0,0,0,51,0,0,0,0
zc,WS301,2012-06-15 09:00:57.073,2523.0000,453888,22,0.0000,22.0000,22,0,双开,B,2522.0000,0.0000,0.0000,0.0000,0.0000,2523.0000,0.0000,0.0000,0.0000,0.0000,42,0,0,0,0,40,0,0,0,0
zc,WS301,2012-06-15 09:00:57.840,2523.0000,453888,0,0.0000,0.0000,0,0,多换,B,2522.0000,0.0000,0.0000,0.0000,0.0000,2523.0000,0.0000,0.0000,0.0000,0.0000,42,0,0,0,0,65,0,0,0,0
zc,WS301,2012-06-15 09:00:58.357,2523.0000,453890,2,0.0000,2.0000,2,0,双开,B,2522.0000,0.0000,0.0000,0.0000,0.0000,2523.0000,0.0000,0.0000,0.0000,0.0000,44,0,0,0,0,64,0,0,0,0
zc,WS301,2012-06-15 09:00:59.120,2523.0000,453894,4,0.0000,4.0000,4,0,双开,B,2522.0000,0.0000,0.0000,0.0000,0.0000,2523.0000,0.0000,0.0000,0.0000,0.0000,44,0,0,0,0,62,0,0,0,0
zc,WS301,2012-06-15 09:00:59.590,2522.0000,453896,2,0.0000,2.0000,2,0,双开,S,2522.0000,0.0000,0.0000,0.0000,0.0000,2523.0000,0.0000,0.0000,0.0000,0.0000,58,0,0,0,0,72,0,0,0,0
zc,WS301,2012-06-15 09:01:00.340,2522.0000,453896,0,0.0000,2.0000,1,1,空换,S,2522.0000,0.0000,0.0000,0.0000,0.0000,2523.0000,0.0000,0.0000,0.0000,0.0000,57,0,0,0,0,72,0,0,0,0
zc,WS301,2012-06-15 09:01:00.823,2522.0000,453896,0,0.0000,12.0000,6,6,空换,S,2522.0000,0.0000,0.0000,0.0000,0.0000,2523.0000,0.0000,0.0000,0.0000,0.0000,51,0,0,0,0,72,0,0,0,0
zc,WS301,2012-06-15 09:01:01.557,2523.0000,453900,4,0.0000,4.0000,4,0,双开,B,2522.0000,0.0000,0.0000,0.0000,0.0000,2523.0000,0.0000,0.0000,0.0000,0.0000,51,0,0,0,0,70,0,0,0,0
zc,WS301,2012-06-15 09:01:02.057,2523.0000,453936,36,0.0000,40.0000,38,2,多开,B,2522.0000,0.0000,0.0000,0.0000,0.0000,2523.0000,0.0000,0.0000,0.0000,0.0000,52,0,0,0,0,53,0,0,0,0
zc,WS301,2012-06-15 09:01:02.807,2523.0000,453936,0,0.0000,0.0000,0,0,多换,B,2522.0000,0.0000,0.0000,0.0000,0.0000,2523.0000,0.0000,0.0000,0.0000,0.0000,82,0,0,0,0,53,0,0,0,0
zc,WS301,2012-06-15 09:01:03.357,2521.0000,454112,176,0.0000,220.0000,198,22,空开,S,2521.0000,0.0000,0.0000,0.0000,0.0000,2522.0000,0.0000,0.0000,0.0000,0.0000,118,0,0,0,0,5,0,0,0,0
zc,WS301,2012-06-15 09:01:04.107,2523.0000,454036,-76,0.0000,358.0000,141,217,空平,B,2521.0000,0.0000,0.0000,0.0000,0.0000,2523.0000,0.0000,0.0000,0.0000,0.0000,89,0,0,0,0,29,0,0,0,0
zc,WS301,2012-06-15 09:01:04.807,2523.0000,454036,0,0.0000,4.0000,2,2,多换,B,2522.0000,0.0000,0.0000,0.0000,0.0000,2523.0000,0.0000,0.0000,0.0000,0.0000,49,0,0,0,0,28,0,0,0,0
zc,WS301,2012-06-15 09:01:05.323,2522.0000,453960,-76,0.0000,76.0000,0,76,双平,S,2522.0000,0.0000,0.0000,0.0000,0.0000,2523.0000,0.0000,0.0000,0.0000,0.0000,12,0,0,0,0,28,0,0,0,0
zc,WS301,2012-06-15 09:01:06.027,2521.0000,453920,-40,0.0000,104.0000,32,72,多平,S,2522.0000,0.0000,0.0000,0.0000,0.0000,2523.0000,0.0000,0.0000,0.0000,0.0000,5,0,0,0,0,31,0,0,0,0
zc,WS301,2012-06-15 09:01:06.543,2521.0000,453920,0,0.0000,0.0000,0,0,空换,S,2522.0000,0.0000,0.0000,0.0000,0.0000,2523.0000,0.0000,0.0000,0.0000,0.0000,5,0,0,0,0,33,0,0,0,0
zc,WS301,2012-06-15 09:01:07.357,2522.0000,453920,0,0.0000,2.0000,1,1,多换,B,2522.0000,0.0000,0.0000,0.0000,0.0000,2523.0000,0.0000,0.0000,0.0000,0.0000,4,0,0,0,0,35,0,0,0,0
zc,WS301,2012-06-15 09:01:07.557,2522.0000,453920,0,0.0000,0.0000,0,0,多换,B,2522.0000,0.0000,0.0000,0.0000,0.0000,2523.0000,0.0000,0.0000,0.0000,0.0000,5,0,0,0,0,36,0,0,0,0
zc,WS301,2012-06-15 09:01:08.340,2522.0000,453918,-2,0.0000,10.0000,4,6,空平,B,2521.0000,0.0000,0.0000,0.0000,0.0000,2522.0000,0.0000,0.0000,0.0000,0.0000,59,0,0,0,0,12,0,0,0,0
zc,WS301,2012-06-15 09:01:08.857,2523.0000,453920,2,0.0000,26.0000,14,12,多开,B,2522.0000,0.0000,0.0000,0.0000,0.0000,2523.0000,0.0000,0.0000,0.0000,0.0000,38,0,0,0,0,34,0,0,0,0
zc,WS301,2012-06-15 09:01:09.823,2522.0000,453920,0,0.0000,12.0000,6,6,空换,S,2522.0000,0.0000,0.0000,0.0000,0.0000,2523.0000,0.0000,0.0000,0.0000,0.0000,84,0,0,0,0,34,0,0,0,0
zc,WS301,2012-06-15 09:01:10.357,2522.0000,453920,0,0.0000,0.0000,0,0,空换,S,2522.0000,0.0000,0.0000,0.0000,0.0000,2523.0000,0.0000,0.0000,0.0000,0.0000,94,0,0,0,0,34,0,0,0,0
zc,WS301,2012-06-15 09:01:11.057,2522.0000,453920,0,0.0000,2.0000,1,1,空换,S,2522.0000,0.0000,0.0000,0.0000,0.0000,2523.0000,0.0000,0.0000,0.0000,0.0000,93,0,0,0,0,34,0,0,0,0
zc,WS301,2012-06-15 09:01:11.620,2522.0000,453920,0,0.0000,0.0000,0,0,空换,S,2522.0000,0.0000,0.0000,0.0000,0.0000,2523.0000,0.0000,0.0000,0.0000,0.0000,94,0,0,0,0,32,0,0,0,0
zc,WS301,2012-06-15 09:01:12.277,2522.0000,453920,0,0.0000,52.0000,26,26,空换,S,2522.0000,0.0000,0.0000,0.0000,0.0000,2523.0000,0.0000,0.0000,0.0000,0.0000,69,0,0,0,0,32,0,0,0,0
zc,WS301,2012-06-15 09:01:12.840,2523.0000,453948,28,0.0000,34.0000,31,3,多开,B,2522.0000,0.0000,0.0000,0.0000,0.0000,2523.0000,0.0000,0.0000,0.0000,0.0000,69,0,0,0,0,15,0,0,0,0
zc,WS301,2012-06-15 09:01:13.307,2523.0000,453958,10,0.0000,30.0000,20,10,多开,B,2523.0000,0.0000,0.0000,0.0000,0.0000,2524.0000,0.0000,0.0000,0.0000,0.0000,10,0,0,0,0,99,0,0,0,0
zc,WS301,2012-06-15 09:01:13.807,2523.0000,453958,0,0.0000,0.0000,0,0,多换,B,2523.0000,0.0000,0.0000,0.0000,0.0000,2524.0000,0.0000,0.0000,0.0000,0.0000,13,0,0,0,0,99,0,0,0,0
zc,WS301,2012-06-15 09:01:14.543,2524.0000,453956,-2,0.0000,12.0000,5,7,空平,B,2523.0000,0.0000,0.0000,0.0000,0.0000,2524.0000,0.0000,0.0000,0.0000,0.0000,9,0,0,0,0,98,0,0,0,0
zc,WS301,2012-06-15 09:01:15.510,2523.0000,453956,0,0.0000,18.0000,9,9,空换,S,2522.0000,0.0000,0.0000,0.0000,0.0000,2523.0000,0.0000,0.0000,0.0000,0.0000,79,0,0,0,0,46,0,0,0,0
zc,WS301,2012-06-15 09:01:16.307,2523.0000,453958,2,0.0000,10.0000,6,4,空开,S,2522.0000,0.0000,0.0000,0.0000,0.0000,2523.0000,0.0000,0.0000,0.0000,0.0000,78,0,0,0,0,42,0,0,0,0
zc,WS301,2012-06-15 09:01:17.557,2522.0000,453958,0,0.0000,6.0000,3,3,空换,S,2522.0000,0.0000,0.0000,0.0000,0.0000,2523.0000,0.0000,0.0000,0.0000,0.0000,79,0,0,0,0,41,0,0,0,0
zc,WS301,2012-06-15 09:01:18.073,2522.0000,453956,-2,0.0000,10.0000,4,6,多平,S,2522.0000,0.0000,0.0000,0.0000,0.0000,2523.0000,0.0000,0.0000,0.0000,0.0000,75,0,0,0,0,40,0,0,0,0
zc,WS301,2012-06-15 09:01:18.807,2523.0000,453874,-82,0.0000,88.0000,3,85,空平,B,2522.0000,0.0000,0.0000,0.0000,0.0000,2523.0000,0.0000,0.0000,0.0000,0.0000,38,0,0,0,0,37,0,0,0,0
zc,WS301,2012-06-15 09:01:19.387,2523.0000,453858,-16,0.0000,24.0000,4,20,空平,B,2522.0000,0.0000,0.0000,0.0000,0.0000,2523.0000,0.0000,0.0000,0.0000,0.0000,47,0,0,0,0,25,0,0,0,0
zc,WS301,2012-06-15 09:01:20.340,2523.0000,453858,0,0.0000,12.0000,6,6,多换,B,2522.0000,0.0000,0.0000,0.0000,0.0000,2523.0000,0.0000,0.0000,0.0000,0.0000,47,0,0,0,0,20,0,0,0,0
zc,WS301,2012-06-15 09:01:20.857,2522.0000,453858,0,0.0000,2.0000,1,1,空换,S,2522.0000,0.0000,0.0000,0.0000,0.0000,2523.0000,0.0000,0.0000,0.0000,0.0000,46,0,0,0,0,20,0,0,0,0
zc,WS301,2012-06-15 09:01:22.073,2523.0000,453856,-2,0.0000,2.0000,0,2,双平,B,2522.0000,0.0000,0.0000,0.0000,0.0000,2523.0000,0.0000,0.0000,0.0000,0.0000,46,0,0,0,0,19,0,0,0,0
zc,WS301,2012-06-15 09:01:22.793,2523.0000,453860,4,0.0000,10.0000,7,3,多开,B,2522.0000,0.0000,0.0000,0.0000,0.0000,2523.0000,0.0000,0.0000,0.0000,0.0000,52,0,0,0,0,15,0,0,0,0
zc,WS301,2012-06-15 09:01:23.323,2522.0000,453918,58,0.0000,80.0000,69,11,空开,S,2522.0000,0.0000,0.0000,0.0000,0.0000,2523.0000,0.0000,0.0000,0.0000,0.0000,24,0,0,0,0,15,0,0,0,0
zc,WS301,2012-06-15 09:01:24.043,2522.0000,453918,0,0.0000,0.0000,0,0,空换,S,2522.0000,0.0000,0.0000,0.0000,0.0000,2523.0000,0.0000,0.0000,0.0000,0.0000,25,0,0,0,0,15,0,0,0,0
zc,WS301,2012-06-15 09:01:24.307,2523.0000,453920,2,0.0000,26.0000,14,12,多开,B,2522.0000,0.0000,0.0000,0.0000,0.0000,2523.0000,0.0000,0.0000,0.0000,0.0000,38,0,0,0,0,2,0,0,0,0
zc,WS301,2012-06-15 09:01:24.997,2523.0000,453920,0,0.0000,0.0000,0,0,多换,B,2522.0000,0.0000,0.0000,0.0000,0.0000,2523.0000,0.0000,0.0000,0.0000,0.0000,59,0,0,0,0,18,0,0,0,0
zc,WS301,2012-06-15 09:01:25.793,2523.0000,453920,0,0.0000,20.0000,10,10,多换,B,2522.0000,0.0000,0.0000,0.0000,0.0000,2523.0000,0.0000,0.0000,0.0000,0.0000,271,0,0,0,0,9,0,0,0,0
zc,WS301,2012-06-15 09:01:26.340,2523.0000,453922,2,0.0000,2.0000,2,0,双开,B,2522.0000,0.0000,0.0000,0.0000,0.0000,2523.0000,0.0000,0.0000,0.0000,0.0000,273,0,0,0,0,8,0,0,0,0
zc,WS301,2012-06-15 09:01:27.607,2523.0000,453924,2,0.0000,2.0000,2,0,双开,B,2522.0000,0.0000,0.0000,0.0000,0.0000,2523.0000,0.0000,0.0000,0.0000,0.0000,267,0,0,0,0,7,0,0,0,0
zc,WS301,2012-06-15 09:01:28.357,2523.0000,453934,10,0.0000,12.0000,11,1,多开,B,2522.0000,0.0000,0.0000,0.0000,0.0000,2523.0000,0.0000,0.0000,0.0000,0.0000,267,0,0,0,0,1,0,0,0,0
zc,WS301,2012-06-15 09:01:28.823,2523.0000,453934,0,0.0000,2.0000,1,1,多换,B,2523.0000,0.0000,0.0000,0.0000,0.0000,2524.0000,0.0000,0.0000,0.0000,0.0000,3,0,0,0,0,68,0,0,0,0
zc,WS301,2012-06-15 09:01:29.340,2523.0000,453934,0,0.0000,0.0000,0,0,多换,B,2523.0000,0.0000,0.0000,0.0000,0.0000,2524.0000,0.0000,0.0000,0.0000,0.0000,33,0,0,0,0,68,0,0,0,0
zc,WS301,2012-06-15 09:01:29.777,2524.0000,453934,0,0.0000,2.0000,1,1,多换,B,2523.0000,0.0000,0.0000,0.0000,0.0000,2524.0000,0.0000,0.0000,0.0000,0.0000,63,0,0,0,0,65,0,0,0,0
zc,WS301,2012-06-15 09:01:30.230,2524.0000,453934,0,0.0000,0.0000,0,0,多换,B,2523.0000,0.0000,0.0000,0.0000,0.0000,2524.0000,0.0000,0.0000,0.0000,0.0000,63,0,0,0,0,68,0,0,0,0
zc,WS301,2012-06-15 09:01:30.607,2524.0000,453934,0,0.0000,0.0000,0,0,多换,B,2523.0000,0.0000,0.0000,0.0000,0.0000,2524.0000,0.0000,0.0000,0.0000,0.0000,64,0,0,0,0,68,0,0,0,0
zc,WS301,2012-06-15 09:01:31.090,2523.0000,453932,-2,0.0000,6.0000,2,4,多平,S,2523.0000,0.0000,0.0000,0.0000,0.0000,2524.0000,0.0000,0.0000,0.0000,0.0000,66,0,0,0,0,66,0,0,0,0
zc,WS301,2012-06-15 09:01:31.527,2523.0000,453932,0,0.0000,6.0000,3,3,空换,S,2523.0000,0.0000,0.0000,0.0000,0.0000,2524.0000,0.0000,0.0000,0.0000,0.0000,73,0,0,0,0,65,0,0,0,0
zc,WS301,2012-06-15 09:01:32.277,2523.0000,453932,0,0.0000,0.0000,0,0,空换,S,2523.0000,0.0000,0.0000,0.0000,0.0000,2524.0000,0.0000,0.0000,0.0000,0.0000,74,0,0,0,0,65,0,0,0,0
zc,WS301,2012-06-15 09:01:32.793,2523.0000,453932,0,0.0000,0.0000,0,0,空换,S,2523.0000,0.0000,0.0000,0.0000,0.0000,2524.0000,0.0000,0.0000,0.0000,0.0000,96,0,0,0,0,54,0,0,0,0
zc,WS301,2012-06-15 09:01:33.510,2523.0000,453932,0,0.0000,0.0000,0,0,空换,S,2523.0000,0.0000,0.0000,0.0000,0.0000,2524.0000,0.0000,0.0000,0.0000,0.0000,100,0,0,0,0,54,0,0,0,0
zc,WS301,2012-06-15 09:01:33.807,2523.0000,453908,-24,0.0000,66.0000,21,45,多平,S,2523.0000,0.0000,0.0000,0.0000,0.0000,2524.0000,0.0000,0.0000,0.0000,0.0000,104,0,0,0,0,31,0,0,0,0
zc,WS301,2012-06-15 09:01:34.840,2524.0000,453912,4,0.0000,8.0000,6,2,多开,B,2523.0000,0.0000,0.0000,0.0000,0.0000,2524.0000,0.0000,0.0000,0.0000,0.0000,104,0,0,0,0,29,0,0,0,0
zc,WS301,2012-06-15 09:01:35.260,2524.0000,453912,0,0.0000,0.0000,0,0,多换,B,2523.0000,0.0000,0.0000,0.0000,0.0000,2524.0000,0.0000,0.0000,0.0000,0.0000,120,0,0,0,0,59,0,0,0,0
zc,WS301,2012-06-15 09:01:35.980,2524.0000,453912,0,0.0000,80.0000,40,40,多换,B,2523.0000,0.0000,0.0000,0.0000,0.0000,2524.0000,0.0000,0.0000,0.0000,0.0000,86,0,0,0,0,53,0,0,0,0
zc,WS301,2012-06-15 09:01:36.543,2524.0000,453912,0,0.0000,0.0000,0,0,多换,B,2523.0000,0.0000,0.0000,0.0000,0.0000,2524.0000,0.0000,0.0000,0.0000,0.0000,86,0,0,0,0,52,0,0,0,0
zc,WS301,2012-06-15 09:01:37.307,2523.0000,453922,10,0.0000,10.0000,10,0,双开,S,2523.0000,0.0000,0.0000,0.0000,0.0000,2524.0000,0.0000,0.0000,0.0000,0.0000,63,0,0,0,0,52,0,0,0,0
zc,WS301,2012-06-15 09:01:37.903,2524.0000,453948,26,0.0000,60.0000,43,17,多开,B,2523.0000,0.0000,0.0000,0.0000,0.0000,2524.0000,0.0000,0.0000,0.0000,0.0000,63,0,0,0,0,22,0,0,0,0
zc,WS301,2012-06-15 09:01:38.557,2524.0000,453948,0,0.0000,10.0000,5,5,多换,B,2523.0000,0.0000,0.0000,0.0000,0.0000,2524.0000,0.0000,0.0000,0.0000,0.0000,66,0,0,0,0,17,0,0,0,0
zc,WS301,2012-06-15 09:01:38.870,2524.0000,453948,0,0.0000,2.0000,1,1,多换,B,2523.0000,0.0000,0.0000,0.0000,0.0000,2524.0000,0.0000,0.0000,0.0000,0.0000,79,0,0,0,0,18,0,0,0,0
zc,WS301,2012-06-15 09:01:39.620,2524.0000,453948,0,0.0000,0.0000,0,0,多换,B,2523.0000,0.0000,0.0000,0.0000,0.0000,2524.0000,0.0000,0.0000,0.0000,0.0000,80,0,0,0,0,18,0,0,0,0
zc,WS301,2012-06-15 09:01:40.107,2524.0000,453948,0,0.0000,2.0000,1,1,多换,B,2523.0000,0.0000,0.0000,0.0000,0.0000,2524.0000,0.0000,0.0000,0.0000,0.0000,82,0,0,0,0,17,0,0,0,0
zc,WS301,2012-06-15 09:01:40.807,2523.0000,453948,0,0.0000,8.0000,4,4,空换,S,2523.0000,0.0000,0.0000,0.0000,0.0000,2524.0000,0.0000,0.0000,0.0000,0.0000,84,0,0,0,0,53,0,0,0,0
zc,WS301,2012-06-15 09:01:41.573,2524.0000,453944,-4,0.0000,28.0000,12,16,空平,B,2523.0000,0.0000,0.0000,0.0000,0.0000,2524.0000,0.0000,0.0000,0.0000,0.0000,84,0,0,0,0,39,0,0,0,0
zc,WS301,2012-06-15 09:01:42.073,2524.0000,453944,0,0.0000,2.0000,1,1,多换,B,2523.0000,0.0000,0.0000,0.0000,0.0000,2524.0000,0.0000,0.0000,0.0000,0.0000,84,0,0,0,0,43,0,0,0,0
zc,WS301,2012-06-15 09:01:42.840,2524.0000,453944,0,0.0000,0.0000,0,0,多换,B,2523.0000,0.0000,0.0000,0.0000,0.0000,2524.0000,0.0000,0.0000,0.0000,0.0000,80,0,0,0,0,47,0,0,0,0
zc,WS301,2012-06-15 09:01:43.340,2524.0000,453944,0,0.0000,14.0000,7,7,多换,B,2523.0000,0.0000,0.0000,0.0000,0.0000,2524.0000,0.0000,0.0000,0.0000,0.0000,83,0,0,0,0,41,0,0,0,0
zc,WS301,2012-06-15 09:01:44.057,2523.0000,453992,48,0.0000,88.0000,68,20,空开,S,2523.0000,0.0000,0.0000,0.0000,0.0000,2524.0000,0.0000,0.0000,0.0000,0.0000,49,0,0,0,0,31,0,0,0,0
zc,WS301,2012-06-15 09:01:44.527,2524.0000,454032,40,0.0000,52.0000,46,6,多开,B,2524.0000,0.0000,0.0000,0.0000,0.0000,2525.0000,0.0000,0.0000,0.0000,0.0000,21,0,0,0,0,515,0,0,0,0
zc,WS301,2012-06-15 09:01:45.293,2524.0000,454032,0,0.0000,0.0000,0,0,多换,B,2524.0000,0.0000,0.0000,0.0000,0.0000,2525.0000,0.0000,0.0000,0.0000,0.0000,22,0,0,0,0,515,0,0,0,0
zc,WS301,2012-06-15 09:01:45.777,2524.0000,454034,2,0.0000,16.0000,9,7,多开,B,2524.0000,0.0000,0.0000,0.0000,0.0000,2525.0000,0.0000,0.0000,0.0000,0.0000,22,0,0,0,0,512,0,0,0,0
zc,WS301,2012-06-15 09:01:46.543,2525.0000,454034,0,0.0000,10.0000,5,5,多换,B,2524.0000,0.0000,0.0000,0.0000,0.0000,2525.0000,0.0000,0.0000,0.0000,0.0000,22,0,0,0,0,519,0,0,0,0
zc,WS301,2012-06-15 09:01:47.107,2525.0000,454034,0,0.0000,8.0000,4,4,多换,B,2524.0000,0.0000,0.0000,0.0000,0.0000,2525.0000,0.0000,0.0000,0.0000,0.0000,51,0,0,0,0,515,0,0,0,0
zc,WS301,2012-06-15 09:01:47.777,2525.0000,454034,0,0.0000,2.0000,1,1,多换,B,2524.0000,0.0000,0.0000,0.0000,0.0000,2525.0000,0.0000,0.0000,0.0000,0.0000,51,0,0,0,0,514,0,0,0,0
zc,WS301,2012-06-15 09:01:48.307,2524.0000,453820,-214,0.0000,364.0000,75,289,多平,S,2524.0000,0.0000,0.0000,0.0000,0.0000,2525.0000,0.0000,0.0000,0.0000,0.0000,5,0,0,0,0,484,0,0,0,0
zc,WS301,2012-06-15 09:01:49.073,2524.0000,453820,0,0.0000,0.0000,0,0,空换,S,2524.0000,0.0000,0.0000,0.0000,0.0000,2525.0000,0.0000,0.0000,0.0000,0.0000,10,0,0,0,0,485,0,0,0,0
zc,WS301,2012-06-15 09:01:49.807,2525.0000,453820,0,0.0000,2.0000,1,1,多换,B,2524.0000,0.0000,0.0000,0.0000,0.0000,2525.0000,0.0000,0.0000,0.0000,0.0000,10,0,0,0,0,484,0,0,0,0
zc,WS301,2012-06-15 09:01:50.573,2524.0000,453824,4,0.0000,4.0000,4,0,双开,S,2524.0000,0.0000,0.0000,0.0000,0.0000,2525.0000,0.0000,0.0000,0.0000,0.0000,13,0,0,0,0,484,0,0,0,0
zc,WS301,2012-06-15 09:01:51.010,2525.0000,453824,0,0.0000,2.0000,1,1,多换,B,2524.0000,0.0000,0.0000,0.0000,0.0000,2525.0000,0.0000,0.0000,0.0000,0.0000,14,0,0,0,0,483,0,0,0,0
zc,WS301,2012-06-15 09:01:51.777,2524.0000,453824,0,0.0000,4.0000,2,2,空换,S,2524.0000,0.0000,0.0000,0.0000,0.0000,2525.0000,0.0000,0.0000,0.0000,0.0000,13,0,0,0,0,486,0,0,0,0
zc,WS301,2012-06-15 09:01:52.057,2525.0000,453824,0,0.0000,10.0000,5,5,多换,B,2524.0000,0.0000,0.0000,0.0000,0.0000,2525.0000,0.0000,0.0000,0.0000,0.0000,13,0,0,0,0,481,0,0,0,0
zc,WS301,2012-06-15 09:01:53.073,2525.0000,453824,0,0.0000,0.0000,0,0,多换,B,2524.0000,0.0000,0.0000,0.0000,0.0000,2525.0000,0.0000,0.0000,0.0000,0.0000,13,0,0,0,0,482,0,0,0,0
zc,WS301,2012-06-15 09:01:53.260,2524.0000,453824,0,0.0000,406.0000,203,203,空换,S,2524.0000,0.0000,0.0000,0.0000,0.0000,2525.0000,0.0000,0.0000,0.0000,0.0000,16,0,0,0,0,282,0,0,0,0
zc,WS301,2012-06-15 09:01:54.090,2524.0000,453824,0,0.0000,0.0000,0,0,空换,S,2524.0000,0.0000,0.0000,0.0000,0.0000,2525.0000,0.0000,0.0000,0.0000,0.0000,17,0,0,0,0,282,0,0,0,0
zc,WS301,2012-06-15 09:01:54.573,2524.0000,453824,0,0.0000,268.0000,134,134,空换,S,2524.0000,0.0000,0.0000,0.0000,0.0000,2525.0000,0.0000,0.0000,0.0000,0.0000,17,0,0,0,0,148,0,0,0,0
zc,WS301,2012-06-15 09:01:55.543,2524.0000,453840,16,0.0000,192.0000,104,88,空开,S,2523.0000,0.0000,0.0000,0.0000,0.0000,2524.0000,0.0000,0.0000,0.0000,0.0000,81,0,0,0,0,31,0,0,0,0
zc,WS301,2012-06-15 09:01:55.840,2524.0000,453824,-16,0.0000,22.0000,3,19,多平,S,2523.0000,0.0000,0.0000,0.0000,0.0000,2524.0000,0.0000,0.0000,0.0000,0.0000,81,0,0,0,0,20,0,0,0,0
zc,WS301,2012-06-15 09:01:56.543,2524.0000,453824,0,0.0000,40.0000,20,20,空换,S,2523.0000,0.0000,0.0000,0.0000,0.0000,2525.0000,0.0000,0.0000,0.0000,0.0000,81,0,0,0,0,70,0,0,0,0
zc,WS301,2012-06-15 09:01:57.293,2525.0000,453816,-8,0.0000,8.0000,0,8,双平,B,2524.0000,0.0000,0.0000,0.0000,0.0000,2525.0000,0.0000,0.0000,0.0000,0.0000,2,0,0,0,0,66,0,0,0,0
zc,WS301,2012-06-15 09:01:57.840,2524.0000,453816,0,0.0000,6.0000,3,3,空换,S,2524.0000,0.0000,0.0000,0.0000,0.0000,2525.0000,0.0000,0.0000,0.0000,0.0000,6,0,0,0,0,63,0,0,0,0
zc,WS301,2012-06-15 09:01:58.590,2524.0000,453816,0,0.0000,0.0000,0,0,空换,S,2524.0000,0.0000,0.0000,0.0000,0.0000,2525.0000,0.0000,0.0000,0.0000,0.0000,6,0,0,0,0,64,0,0,0,0
zc,WS301,2012-06-15 09:01:59.137,2525.0000,453812,-4,0.0000,20.0000,8,12,空平,B,2523.0000,0.0000,0.0000,0.0000,0.0000,2525.0000,0.0000,0.0000,0.0000,0.0000,80,0,0,0,0,64,0,0,0,0
zc,WS301,2012-06-15 09:01:59.840,2525.0000,453812,0,0.0000,0.0000,0,0,多换,B,2524.0000,0.0000,0.0000,0.0000,0.0000,2525.0000,0.0000,0.0000,0.0000,0.0000,2,0,0,0,0,64,0,0,0,0
zc,WS301,2012-06-15 09:02:00.293,2525.0000,453812,0,0.0000,2.0000,1,1,多换,B,2524.0000,0.0000,0.0000,0.0000,0.0000,2525.0000,0.0000,0.0000,0.0000,0.0000,2,0,0,0,0,63,0,0,0,0
zc,WS301,2012-06-15 09:02:00.840,2524.0000,453814,2,0.0000,6.0000,4,2,空开,S,2523.0000,0.0000,0.0000,0.0000,0.0000,2524.0000,0.0000,0.0000,0.0000,0.0000,82,0,0,0,0,29,0,0,0,0
zc,WS301,2012-06-15 09:02:01.293,2524.0000,453816,2,0.0000,6.0000,4,2,空开,S,2523.0000,0.0000,0.0000,0.0000,0.0000,2524.0000,0.0000,0.0000,0.0000,0.0000,82,0,0,0,0,26,0,0,0,0
zc,WS301,2012-06-15 09:02:02.043,2524.0000,453818,2,0.0000,2.0000,2,0,双开,S,2523.0000,0.0000,0.0000,0.0000,0.0000,2524.0000,0.0000,0.0000,0.0000,0.0000,82,0,0,0,0,25,0,0,0,0
zc,WS301,2012-06-15 09:02:02.573,2524.0000,453818,0,0.0000,4.0000,2,2,空换,S,2523.0000,0.0000,0.0000,0.0000,0.0000,2524.0000,0.0000,0.0000,0.0000,0.0000,84,0,0,0,0,23,0,0,0,0
zc,WS301,2012-06-15 09:02:03.277,2524.0000,453818,0,0.0000,0.0000,0,0,空换,S,2523.0000,0.0000,0.0000,0.0000,0.0000,2524.0000,0.0000,0.0000,0.0000,0.0000,84,0,0,0,0,25,0,0,0,0
zc,WS301,2012-06-15 09:02:03.760,2524.0000,453820,2,0.0000,4.0000,3,1,空开,S,2523.0000,0.0000,0.0000,0.0000,0.0000,2524.0000,0.0000,0.0000,0.0000,0.0000,85,0,0,0,0,28,0,0,0,0
zc,WS301,2012-06-15 09:02:04.543,2524.0000,453832,12,0.0000,12.0000,12,0,双开,S,2523.0000,0.0000,0.0000,0.0000,0.0000,2524.0000,0.0000,0.0000,0.0000,0.0000,85,0,0,0,0,22,0,0,0,0
zc,WS301,2012-06-15 09:02:05.043,2524.0000,453834,2,0.0000,2.0000,2,0,双开,S,2523.0000,0.0000,0.0000,0.0000,0.0000,2524.0000,0.0000,0.0000,0.0000,0.0000,85,0,0,0,0,21,0,0,0,0
zc,WS301,2012-06-15 09:02:05.590,2524.0000,453836,2,0.0000,2.0000,2,0,双开,S,2523.0000,0.0000,0.0000,0.0000,0.0000,2524.0000,0.0000,0.0000,0.0000,0.0000,116,0,0,0,0,20,0,0,0,0
zc,WS301,2012-06-15 09:02:06.323,2523.0000,453836,0,0.0000,2.0000,1,1,空换,S,2523.0000,0.0000,0.0000,0.0000,0.0000,2524.0000,0.0000,0.0000,0.0000,0.0000,115,0,0,0,0,19,0,0,0,0
zc,WS301,2012-06-15 09:02:06.857,2523.0000,453840,4,0.0000,20.0000,12,8,空开,S,2523.0000,0.0000,0.0000,0.0000,0.0000,2524.0000,0.0000,0.0000,0.0000,0.0000,106,0,0,0,0,18,0,0,0,0
zc,WS301,2012-06-15 09:02:07.590,2524.0000,453906,66,0.0000,66.0000,66,0,双开,B,2523.0000,0.0000,0.0000,0.0000,0.0000,2524.0000,0.0000,0.0000,0.0000,0.0000,107,0,0,0,0,15,0,0,0,0
zc,WS301,2012-06-15 09:02:08.090,2523.0000,453922,16,0.0000,26.0000,21,5,空开,S,2523.0000,0.0000,0.0000,0.0000,0.0000,2524.0000,0.0000,0.0000,0.0000,0.0000,96,0,0,0,0,22,0,0,0,0
zc,WS301,2012-06-15 09:02:08.823,2524.0000,453926,4,0.0000,12.0000,8,4,多开,B,2523.0000,0.0000,0.0000,0.0000,0.0000,2524.0000,0.0000,0.0000,0.0000,0.0000,94,0,0,0,0,18,0,0,0,0
zc,WS301,2012-06-15 09:02:09.510,2524.0000,453972,46,0.0000,214.0000,130,84,多开,B,2523.0000,0.0000,0.0000,0.0000,0.0000,2524.0000,0.0000,0.0000,0.0000,0.0000,34,0,0,0,0,108,0,0,0,0
zc,WS301,2012-06-15 09:02:10.357,2524.0000,453972,0,0.0000,0.0000,0,0,多换,B,2523.0000,0.0000,0.0000,0.0000,0.0000,2524.0000,0.0000,0.0000,0.0000,0.0000,39,0,0,0,0,111,0,0,0,0
zc,WS301,2012-06-15 09:02:10.823,2523.0000,453972,0,0.0000,78.0000,39,39,空换,S,2522.0000,0.0000,0.0000,0.0000,0.0000,2523.0000,0.0000,0.0000,0.0000,0.0000,397,0,0,0,0,93,0,0,0,0
zc,WS301,2012-06-15 09:02:11.620,2523.0000,453968,-4,0.0000,4.0000,0,4,双平,S,2522.0000,0.0000,0.0000,0.0000,0.0000,2523.0000,0.0000,0.0000,0.0000,0.0000,397,0,0,0,0,91,0,0,0,0
zc,WS301,2012-06-15 09:02:12.073,2523.0000,453968,0,0.0000,0.0000,0,0,空换,S,2522.0000,0.0000,0.0000,0.0000,0.0000,2523.0000,0.0000,0.0000,0.0000,0.0000,396,0,0,0,0,1,0,0,0,0
zc,WS301,2012-06-15 09:02:12.823,2524.0000,453970,2,0.0000,12.0000,7,5,多开,B,2523.0000,0.0000,0.0000,0.0000,0.0000,2524.0000,0.0000,0.0000,0.0000,0.0000,3,0,0,0,0,107,0,0,0,0
zc,WS301,2012-06-15 09:02:13.057,2522.0000,453968,-2,0.0000,96.0000,47,49,多平,S,2522.0000,0.0000,0.0000,0.0000,0.0000,2524.0000,0.0000,0.0000,0.0000,0.0000,389,0,0,0,0,107,0,0,0,0
zc,WS301,2012-06-15 09:02:13.760,2524.0000,453968,0,0.0000,2.0000,1,1,多换,B,2523.0000,0.0000,0.0000,0.0000,0.0000,2524.0000,0.0000,0.0000,0.0000,0.0000,2,0,0,0,0,106,0,0,0,0
zc,WS301,2012-06-15 09:02:14.293,2523.0000,453968,0,0.0000,2.0000,1,1,空换,S,2523.0000,0.0000,0.0000,0.0000,0.0000,2524.0000,0.0000,0.0000,0.0000,0.0000,1,0,0,0,0,106,0,0,0,0
zc,WS301,2012-06-15 09:02:15.027,2523.0000,453970,2,0.0000,2.0000,2,0,双开,S,2523.0000,0.0000,0.0000,0.0000,0.0000,2524.0000,0.0000,0.0000,0.0000,0.0000,4,0,0,0,0,106,0,0,0,0
zc,WS301,2012-06-15 09:02:15.527,2523.0000,453970,0,0.0000,0.0000,0,0,空换,S,2523.0000,0.0000,0.0000,0.0000,0.0000,2524.0000,0.0000,0.0000,0.0000,0.0000,5,0,0,0,0,106,0,0,0,0
zc,WS301,2012-06-15 09:02:16.293,2523.0000,453970,0,0.0000,2.0000,1,1,空换,S,2523.0000,0.0000,0.0000,0.0000,0.0000,2524.0000,0.0000,0.0000,0.0000,0.0000,4,0,0,0,0,106,0,0,0,0
zc,WS301,2012-06-15 09:02:16.793,2523.0000,453970,0,0.0000,2.0000,1,1,空换,S,2523.0000,0.0000,0.0000,0.0000,0.0000,2524.0000,0.0000,0.0000,0.0000,0.0000,4,0,0,0,0,106,0,0,0,0
zc,WS301,2012-06-15 09:02:17.307,2523.0000,453972,2,0.0000,2.0000,2,0,双开,S,2523.0000,0.0000,0.0000,0.0000,0.0000,2524.0000,0.0000,0.0000,0.0000,0.0000,6,0,0,0,0,106,0,0,0,0
zc,WS301,2012-06-15 09:02:18.043,2524.0000,453972,0,0.0000,4.0000,2,2,多换,B,2523.0000,0.0000,0.0000,0.0000,0.0000,2524.0000,0.0000,0.0000,0.0000,0.0000,5,0,0,0,0,105,0,0,0,0
zc,WS301,2012-06-15 09:02:18.543,2524.0000,453972,0,0.0000,0.0000,0,0,多换,B,2523.0000,0.0000,0.0000,0.0000,0.0000,2524.0000,0.0000,0.0000,0.0000,0.0000,5,0,0,0,0,113,0,0,0,0
zc,WS301,2012-06-15 09:02:19.043,2524.0000,453972,0,0.0000,2.0000,1,1,多换,B,2523.0000,0.0000,0.0000,0.0000,0.0000,2524.0000,0.0000,0.0000,0.0000,0.0000,5,0,0,0,0,113,0,0,0,0
zc,WS301,2012-06-15 09:02:19.527,2523.0000,453966,-6,0.0000,10.0000,2,8,多平,S,2523.0000,0.0000,0.0000,0.0000,0.0000,2524.0000,0.0000,0.0000,0.0000,0.0000,1,0,0,0,0,113,0,0,0,0
zc,WS301,2012-06-15 09:02:20.760,2523.0000,453968,2,0.0000,4.0000,3,1,空开,S,2523.0000,0.0000,0.0000,0.0000,0.0000,2524.0000,0.0000,0.0000,0.0000,0.0000,121,0,0,0,0,111,0,0,0,0
zc,WS301,2012-06-15 09:02:21.590,2523.0000,453972,4,0.0000,4.0000,4,0,双开,S,2523.0000,0.0000,0.0000,0.0000,0.0000,2524.0000,0.0000,0.0000,0.0000,0.0000,119,0,0,0,0,111,0,0,0,0
zc,WS301,2012-06-15 09:02:23.247,2524.0000,453972,0,0.0000,2.0000,1,1,多换,B,2523.0000,0.0000,0.0000,0.0000,0.0000,2524.0000,0.0000,0.0000,0.0000,0.0000,120,0,0,0,0,110,0,0,0,0
zc,WS301,2012-06-15 09:02:23.747,2523.0000,454002,30,0.0000,30.0000,30,0,双开,S,2523.0000,0.0000,0.0000,0.0000,0.0000,2524.0000,0.0000,0.0000,0.0000,0.0000,105,0,0,0,0,110,0,0,0,0
zc,WS301,2012-06-15 09:02:24.590,2523.0000,454002,0,0.0000,0.0000,0,0,空换,S,2523.0000,0.0000,0.0000,0.0000,0.0000,2524.0000,0.0000,0.0000,0.0000,0.0000,106,0,0,0,0,110,0,0,0,0
zc,WS301,2012-06-15 09:02:25.073,2523.0000,454002,0,0.0000,0.0000,0,0,空换,S,2523.0000,0.0000,0.0000,0.0000,0.0000,2524.0000,0.0000,0.0000,0.0000,0.0000,108,0,0,0,0,110,0,0,0,0
zc,WS301,2012-06-15 09:02:25.777,2523.0000,454004,2,0.0000,2.0000,2,0,双开,S,2523.0000,0.0000,0.0000,0.0000,0.0000,2524.0000,0.0000,0.0000,0.0000,0.0000,107,0,0,0,0,111,0,0,0,0
zc,WS301,2012-06-15 09:02:26.277,2523.0000,454004,0,0.0000,0.0000,0,0,空换,S,2523.0000,0.0000,0.0000,0.0000,0.0000,2524.0000,0.0000,0.0000,0.0000,0.0000,108,0,0,0,0,111,0,0,0,0
zc,WS301,2012-06-15 09:02:26.777,2523.0000,454014,10,0.0000,14.0000,12,2,空开,S,2523.0000,0.0000,0.0000,0.0000,0.0000,2524.0000,0.0000,0.0000,0.0000,0.0000,107,0,0,0,0,111,0,0,0,0
zc,WS301,2012-06-15 09:02:29.357,2523.0000,454014,0,0.0000,10.0000,5,5,空换,S,2523.0000,0.0000,0.0000,0.0000,0.0000,2524.0000,0.0000,0.0000,0.0000,0.0000,101,0,0,0,0,111,0,0,0,0
zc,WS301,2012-06-15 09:02:30.543,2523.0000,454020,6,0.0000,192.0000,99,93,空开,S,2523.0000,0.0000,0.0000,0.0000,0.0000,2524.0000,0.0000,0.0000,0.0000,0.0000,5,0,0,0,0,41,0,0,0,0
zc,WS301,2012-06-15 09:02:31.010,2523.0000,454020,0,0.0000,0.0000,0,0,空换,S,2523.0000,0.0000,0.0000,0.0000,0.0000,2524.0000,0.0000,0.0000,0.0000,0.0000,6,0,0,0,0,41,0,0,0,0
zc,WS301,2012-06-15 09:02:31.557,2523.0000,454020,0,0.0000,0.0000,0,0,空换,S,2523.0000,0.0000,0.0000,0.0000,0.0000,2524.0000,0.0000,0.0000,0.0000,0.0000,7,0,0,0,0,41,0,0,0,0
zc,WS301,2012-06-15 09:02:32.323,2523.0000,454028,8,0.0000,14.0000,11,3,空开,S,2522.0000,0.0000,0.0000,0.0000,0.0000,2523.0000,0.0000,0.0000,0.0000,0.0000,394,0,0,0,0,193,0,0,0,0
zc,WS301,2012-06-15 09:02:32.777,2523.0000,454028,0,0.0000,0.0000,0,0,空换,S,2522.0000,0.0000,0.0000,0.0000,0.0000,2523.0000,0.0000,0.0000,0.0000,0.0000,244,0,0,0,0,243,0,0,0,0
zc,WS301,2012-06-15 09:02:33.997,2522.0000,454288,260,0.0000,306.0000,283,23,空开,S,2522.0000,0.0000,0.0000,0.0000,0.0000,2523.0000,0.0000,0.0000,0.0000,0.0000,91,0,0,0,0,243,0,0,0,0
zc,WS301,2012-06-15 09:02:34.807,2522.0000,454442,154,0.0000,304.0000,229,75,空开,S,2521.0000,0.0000,0.0000,0.0000,0.0000,2522.0000,0.0000,0.0000,0.0000,0.0000,92,0,0,0,0,88,0,0,0,0
zc,WS301,2012-06-15 09:02:35.277,2522.0000,454442,0,0.0000,0.0000,0,0,空换,S,2521.0000,0.0000,0.0000,0.0000,0.0000,2522.0000,0.0000,0.0000,0.0000,0.0000,92,0,0,0,0,191,0,0,0,0
zc,WS301,2012-06-15 09:02:35.793,2521.0000,454438,-4,0.0000,6.0000,1,5,多平,S,2521.0000,0.0000,0.0000,0.0000,0.0000,2522.0000,0.0000,0.0000,0.0000,0.0000,97,0,0,0,0,103,0,0,0,0
zc,WS301,2012-06-15 09:02:36.573,2521.0000,454438,0,0.0000,48.0000,24,24,空换,S,2521.0000,0.0000,0.0000,0.0000,0.0000,2522.0000,0.0000,0.0000,0.0000,0.0000,67,0,0,0,0,103,0,0,0,0
zc,WS301,2012-06-15 09:02:37.073,2521.0000,454448,10,0.0000,48.0000,29,19,空开,S,2521.0000,0.0000,0.0000,0.0000,0.0000,2522.0000,0.0000,0.0000,0.0000,0.0000,43,0,0,0,0,103,0,0,0,0
zc,WS301,2012-06-15 09:02:37.823,2521.0000,454448,0,0.0000,8.0000,4,4,空换,S,2521.0000,0.0000,0.0000,0.0000,0.0000,2522.0000,0.0000,0.0000,0.0000,0.0000,19,0,0,0,0,93,0,0,0,0
zc,WS301,2012-06-15 09:02:38.307,2521.0000,454486,38,0.0000,42.0000,40,2,空开,S,2520.0000,0.0000,0.0000,0.0000,0.0000,2521.0000,0.0000,0.0000,0.0000,0.0000,226,0,0,0,0,188,0,0,0,0
zc,WS301,2012-06-15 09:02:39.010,2521.0000,454486,0,0.0000,0.0000,0,0,空换,S,2520.0000,0.0000,0.0000,0.0000,0.0000,2521.0000,0.0000,0.0000,0.0000,0.0000,233,0,0,0,0,188,0,0,0,0
zc,WS301,2012-06-15 09:02:39.557,2521.0000,454318,-168,0.0000,198.0000,15,183,多平,S,2520.0000,0.0000,0.0000,0.0000,0.0000,2521.0000,0.0000,0.0000,0.0000,0.0000,140,0,0,0,0,182,0,0,0,0
zc,WS301,2012-06-15 09:02:40.340,2521.0000,454234,-84,0.0000,240.0000,78,162,多平,S,2520.0000,0.0000,0.0000,0.0000,0.0000,2521.0000,0.0000,0.0000,0.0000,0.0000,15,0,0,0,0,179,0,0,0,0
zc,WS301,2012-06-15 09:02:40.870,2520.0000,454296,62,0.0000,82.0000,72,10,空开,S,2519.0000,0.0000,0.0000,0.0000,0.0000,2520.0000,0.0000,0.0000,0.0000,0.0000,34,0,0,0,0,93,0,0,0,0
zc,WS301,2012-06-15 09:02:41.543,2520.0000,454314,18,0.0000,18.0000,18,0,双开,S,2519.0000,0.0000,0.0000,0.0000,0.0000,2520.0000,0.0000,0.0000,0.0000,0.0000,40,0,0,0,0,118,0,0,0,0
zc,WS301,2012-06-15 09:02:41.823,2520.0000,454316,2,0.0000,2.0000,2,0,双开,S,2519.0000,0.0000,0.0000,0.0000,0.0000,2520.0000,0.0000,0.0000,0.0000,0.0000,40,0,0,0,0,117,0,0,0,0
zc,WS301,2012-06-15 09:02:42.573,2519.0000,454318,2,0.0000,38.0000,20,18,空开,S,2519.0000,0.0000,0.0000,0.0000,0.0000,2520.0000,0.0000,0.0000,0.0000,0.0000,49,0,0,0,0,114,0,0,0,0
zc,WS301,2012-06-15 09:02:43.027,2519.0000,454340,22,0.0000,66.0000,44,22,空开,S,2518.0000,0.0000,0.0000,0.0000,0.0000,2519.0000,0.0000,0.0000,0.0000,0.0000,55,0,0,0,0,10,0,0,0,0
zc,WS301,2012-06-15 09:02:43.793,2518.0000,454342,2,0.0000,14.0000,8,6,空开,S,2518.0000,0.0000,0.0000,0.0000,0.0000,2519.0000,0.0000,0.0000,0.0000,0.0000,53,0,0,0,0,10,0,0,0,0
zc,WS301,2012-06-15 09:02:44.590,2518.0000,454294,-48,0.0000,314.0000,133,181,多平,S,2518.0000,0.0000,0.0000,0.0000,0.0000,2521.0000,0.0000,0.0000,0.0000,0.0000,56,0,0,0,0,184,0,0,0,0
zc,WS301,2012-06-15 09:02:45.043,2518.0000,454272,-22,0.0000,60.0000,19,41,多平,S,2518.0000,0.0000,0.0000,0.0000,0.0000,2519.0000,0.0000,0.0000,0.0000,0.0000,26,0,0,0,0,1,0,0,0,0
zc,WS301,2012-06-15 09:02:45.823,2518.0000,454270,-2,0.0000,66.0000,32,34,多平,S,2517.0000,0.0000,0.0000,0.0000,0.0000,2518.0000,0.0000,0.0000,0.0000,0.0000,27,0,0,0,0,379,0,0,0,0
zc,WS301,2012-06-15 09:02:46.307,2518.0000,454268,-2,0.0000,4.0000,1,3,多平,S,2517.0000,0.0000,0.0000,0.0000,0.0000,2518.0000,0.0000,0.0000,0.0000,0.0000,27,0,0,0,0,388,0,0,0,0
zc,WS301,2012-06-15 09:02:47.073,2518.0000,454268,0,0.0000,2.0000,1,1,空换,S,2517.0000,0.0000,0.0000,0.0000,0.0000,2518.0000,0.0000,0.0000,0.0000,0.0000,36,0,0,0,0,388,0,0,0,0
zc,WS301,2012-06-15 09:02:47.260,2518.0000,454228,-40,0.0000,74.0000,17,57,多平,S,2517.0000,0.0000,0.0000,0.0000,0.0000,2518.0000,0.0000,0.0000,0.0000,0.0000,36,0,0,0,0,353,0,0,0,0
zc,WS301,2012-06-15 09:02:48.027,2518.0000,454206,-22,0.0000,150.0000,64,86,多平,S,2517.0000,0.0000,0.0000,0.0000,0.0000,2518.0000,0.0000,0.0000,0.0000,0.0000,34,0,0,0,0,297,0,0,0,0
zc,WS301,2012-06-15 09:02:48.527,2518.0000,454026,-180,0.0000,184.0000,2,182,多平,S,2517.0000,0.0000,0.0000,0.0000,0.0000,2518.0000,0.0000,0.0000,0.0000,0.0000,33,0,0,0,0,207,0,0,0,0
zc,WS301,2012-06-15 09:02:49.590,2517.0000,453724,-302,0.0000,316.0000,7,309,多平,S,2517.0000,0.0000,0.0000,0.0000,0.0000,2518.0000,0.0000,0.0000,0.0000,0.0000,34,0,0,0,0,50,0,0,0,0
zc,WS301,2012-06-15 09:02:50.057,2518.0000,453722,-2,0.0000,8.0000,3,5,空平,B,2517.0000,0.0000,0.0000,0.0000,0.0000,2518.0000,0.0000,0.0000,0.0000,0.0000,167,0,0,0,0,49,0,0,0,0
zc,WS301,2012-06-15 09:02:50.823,2517.0000,453700,-22,0.0000,24.0000,1,23,多平,S,2517.0000,0.0000,0.0000,0.0000,0.0000,2518.0000,0.0000,0.0000,0.0000,0.0000,176,0,0,0,0,48,0,0,0,0
zc,WS301,2012-06-15 09:02:51.277,2517.0000,453688,-12,0.0000,16.0000,2,14,多平,S,2517.0000,0.0000,0.0000,0.0000,0.0000,2518.0000,0.0000,0.0000,0.0000,0.0000,167,0,0,0,0,47,0,0,0,0
zc,WS301,2012-06-15 09:02:51.777,2518.0000,453618,-70,0.0000,96.0000,13,83,空平,B,2518.0000,0.0000,0.0000,0.0000,0.0000,2519.0000,0.0000,0.0000,0.0000,0.0000,53,0,0,0,0,2,0,0,0,0
zc,WS301,2012-06-15 09:02:52.230,2518.0000,453618,0,0.0000,72.0000,36,36,多换,B,2518.0000,0.0000,0.0000,0.0000,0.0000,2519.0000,0.0000,0.0000,0.0000,0.0000,21,0,0,0,0,3,0,0,0,0
zc,WS301,2012-06-15 09:02:53.057,2518.0000,453614,-4,0.0000,22.0000,9,13,空平,B,2518.0000,0.0000,0.0000,0.0000,0.0000,2520.0000,0.0000,0.0000,0.0000,0.0000,25,0,0,0,0,126,0,0,0,0
zc,WS301,2012-06-15 09:02:53.543,2520.0000,453612,-2,0.0000,12.0000,5,7,空平,B,2518.0000,0.0000,0.0000,0.0000,0.0000,2520.0000,0.0000,0.0000,0.0000,0.0000,24,0,0,0,0,124,0,0,0,0
zc,WS301,2012-06-15 09:02:54.260,2518.0000,453612,0,0.0000,2.0000,1,1,空换,S,2518.0000,0.0000,0.0000,0.0000,0.0000,2520.0000,0.0000,0.0000,0.0000,0.0000,24,0,0,0,0,125,0,0,0,0
zc,WS301,2012-06-15 09:02:55.510,2518.0000,453602,-10,0.0000,24.0000,7,17,多平,S,2518.0000,0.0000,0.0000,0.0000,0.0000,2520.0000,0.0000,0.0000,0.0000,0.0000,20,0,0,0,0,118,0,0,0,0
zc,WS301,2012-06-15 09:02:56.027,2518.0000,453598,-4,0.0000,32.0000,14,18,多平,S,2518.0000,0.0000,0.0000,0.0000,0.0000,2519.0000,0.0000,0.0000,0.0000,0.0000,21,0,0,0,0,1,0,0,0,0
zc,WS301,2012-06-15 09:02:56.527,2518.0000,453598,0,0.0000,0.0000,0,0,空换,S,2518.0000,0.0000,0.0000,0.0000,0.0000,2519.0000,0.0000,0.0000,0.0000,0.0000,21,0,0,0,0,2,0,0,0,0
zc,WS301,2012-06-15 09:02:57.260,2518.0000,453600,2,0.0000,44.0000,23,21,空开,S,2517.0000,0.0000,0.0000,0.0000,0.0000,2518.0000,0.0000,0.0000,0.0000,0.0000,197,0,0,0,0,7,0,0,0,0
zc,WS301,2012-06-15 09:02:57.793,2518.0000,453598,-2,0.0000,2.0000,0,2,双平,S,2517.0000,0.0000,0.0000,0.0000,0.0000,2518.0000,0.0000,0.0000,0.0000,0.0000,198,0,0,0,0,6,0,0,0,0
zc,WS301,2012-06-15 09:02:58.293,2519.0000,453582,-16,0.0000,24.0000,4,20,空平,B,2518.0000,0.0000,0.0000,0.0000,0.0000,2519.0000,0.0000,0.0000,0.0000,0.0000,21,0,0,0,0,9,0,0,0,0
zc,WS301,2012-06-15 09:02:58.807,2518.0000,453582,0,0.0000,14.0000,7,7,空换,S,2518.0000,0.0000,0.0000,0.0000,0.0000,2519.0000,0.0000,0.0000,0.0000,0.0000,15,0,0,0,0,9,0,0,0,0
zc,WS301,2012-06-15 09:02:59.527,2518.0000,453582,0,0.0000,0.0000,0,0,空换,S,2518.0000,0.0000,0.0000,0.0000,0.0000,2519.0000,0.0000,0.0000,0.0000,0.0000,74,0,0,0,0,9,0,0,0,0
zc,WS301,2012-06-15 09:03:00.260,2518.0000,453580,-2,0.0000,2.0000,0,2,双平,S,2518.0000,0.0000,0.0000,0.0000,0.0000,2519.0000,0.0000,0.0000,0.0000,0.0000,74,0,0,0,0,18,0,0,0,0
zc,WS301,2012-06-15 09:03:00.777,2518.0000,453580,0,0.0000,98.0000,49,49,空换,S,2518.0000,0.0000,0.0000,0.0000,0.0000,2519.0000,0.0000,0.0000,0.0000,0.0000,33,0,0,0,0,21,0,0,0,0
zc,WS301,2012-06-15 09:03:01.247,2519.0000,453578,-2,0.0000,6.0000,2,4,空平,B,2518.0000,0.0000,0.0000,0.0000,0.0000,2519.0000,0.0000,0.0000,0.0000,0.0000,33,0,0,0,0,19,0,0,0,0
zc,WS301,2012-06-15 09:03:01.747,2519.0000,453600,22,0.0000,60.0000,41,19,多开,B,2519.0000,0.0000,0.0000,0.0000,0.0000,2520.0000,0.0000,0.0000,0.0000,0.0000,1,0,0,0,0,123,0,0,0,0
zc,WS301,2012-06-15 09:03:02.497,2518.0000,453588,-12,0.0000,16.0000,2,14,多平,S,2518.0000,0.0000,0.0000,0.0000,0.0000,2519.0000,0.0000,0.0000,0.0000,0.0000,38,0,0,0,0,1,0,0,0,0
zc,WS301,2012-06-15 09:03:03.027,2519.0000,453588,0,0.0000,8.0000,4,4,多换,B,2518.0000,0.0000,0.0000,0.0000,0.0000,2520.0000,0.0000,0.0000,0.0000,0.0000,37,0,0,0,0,146,0,0,0,0
zc,WS301,2012-06-15 09:03:03.777,2518.0000,453684,96,0.0000,214.0000,155,59,空开,S,2518.0000,0.0000,0.0000,0.0000,0.0000,2519.0000,0.0000,0.0000,0.0000,0.0000,4,0,0,0,0,6,0,0,0,0
zc,WS301,2012-06-15 09:03:04.260,2518.0000,453688,4,0.0000,16.0000,10,6,空开,S,2518.0000,0.0000,0.0000,0.0000,0.0000,2519.0000,0.0000,0.0000,0.0000,0.0000,4,0,0,0,0,2,0,0,0,0
zc,WS301,2012-06-15 09:03:05.010,2519.0000,453694,6,0.0000,22.0000,14,8,多开,B,2518.0000,0.0000,0.0000,0.0000,0.0000,2519.0000,0.0000,0.0000,0.0000,0.0000,10,0,0,0,0,6,0,0,0,0
zc,WS301,2012-06-15 09:03:05.497,2519.0000,453694,0,0.0000,6.0000,3,3,多换,B,2518.0000,0.0000,0.0000,0.0000,0.0000,2519.0000,0.0000,0.0000,0.0000,0.0000,8,0,0,0,0,14,0,0,0,0
zc,WS301,2012-06-15 09:03:06.323,2518.0000,453688,-6,0.0000,10.0000,2,8,多平,S,2518.0000,0.0000,0.0000,0.0000,0.0000,2519.0000,0.0000,0.0000,0.0000,0.0000,8,0,0,0,0,10,0,0,0,0
zc,WS301,2012-06-15 09:03:06.793,2518.0000,453690,2,0.0000,22.0000,12,10,空开,S,2518.0000,0.0000,0.0000,0.0000,0.0000,2519.0000,0.0000,0.0000,0.0000,0.0000,4,0,0,0,0,11,0,0,0,0
zc,WS301,2012-06-15 09:03:07.543,2519.0000,453696,6,0.0000,8.0000,7,1,多开,B,2518.0000,0.0000,0.0000,0.0000,0.0000,2519.0000,0.0000,0.0000,0.0000,0.0000,5,0,0,0,0,8,0,0,0,0
zc,WS301,2012-06-15 09:03:08.043,2518.0000,453728,32,0.0000,34.0000,33,1,空开,S,2517.0000,0.0000,0.0000,0.0000,0.0000,2518.0000,0.0000,0.0000,0.0000,0.0000,177,0,0,0,0,10,0,0,0,0
zc,WS301,2012-06-15 09:03:08.620,2518.0000,453728,0,0.0000,12.0000,6,6,空换,S,2517.0000,0.0000,0.0000,0.0000,0.0000,2518.0000,0.0000,0.0000,0.0000,0.0000,184,0,0,0,0,11,0,0,0,0
zc,WS301,2012-06-15 09:03:09.340,2519.0000,453748,20,0.0000,26.0000,23,3,多开,B,2519.0000,0.0000,0.0000,0.0000,0.0000,2520.0000,0.0000,0.0000,0.0000,0.0000,14,0,0,0,0,146,0,0,0,0
zc,WS301,2012-06-15 09:03:10.043,2519.0000,453760,12,0.0000,12.0000,12,0,双开,B,2519.0000,0.0000,0.0000,0.0000,0.0000,2520.0000,0.0000,0.0000,0.0000,0.0000,23,0,0,0,0,155,0,0,0,0
zc,WS301,2012-06-15 09:03:10.590,2519.0000,453740,-20,0.0000,76.0000,28,48,空平,B,2518.0000,0.0000,0.0000,0.0000,0.0000,2519.0000,0.0000,0.0000,0.0000,0.0000,1,0,0,0,0,2,0,0,0,0
zc,WS301,2012-06-15 09:03:11.057,2518.0000,453744,4,0.0000,4.0000,4,0,双开,S,2517.0000,0.0000,0.0000,0.0000,0.0000,2518.0000,0.0000,0.0000,0.0000,0.0000,186,0,0,0,0,29,0,0,0,0
zc,WS301,2012-06-15 09:03:11.777,2518.0000,453802,58,0.0000,138.0000,98,40,空开,S,2518.0000,0.0000,0.0000,0.0000,0.0000,2519.0000,0.0000,0.0000,0.0000,0.0000,11,0,0,0,0,6,0,0,0,0
zc,WS301,2012-06-15 09:03:12.293,2518.0000,453802,0,0.0000,0.0000,0,0,空换,S,2518.0000,0.0000,0.0000,0.0000,0.0000,2519.0000,0.0000,0.0000,0.0000,0.0000,16,0,0,0,0,6,0,0,0,0
zc,WS301,2012-06-15 09:03:13.043,2518.0000,453802,0,0.0000,8.0000,4,4,空换,S,2518.0000,0.0000,0.0000,0.0000,0.0000,2519.0000,0.0000,0.0000,0.0000,0.0000,29,0,0,0,0,5,0,0,0,0
zc,WS301,2012-06-15 09:03:13.260,2519.0000,453802,0,0.0000,2.0000,1,1,多换,B,2518.0000,0.0000,0.0000,0.0000,0.0000,2519.0000,0.0000,0.0000,0.0000,0.0000,36,0,0,0,0,4,0,0,0,0
zc,WS301,2012-06-15 09:03:14.073,2518.0000,453816,14,0.0000,14.0000,14,0,双开,S,2518.0000,0.0000,0.0000,0.0000,0.0000,2519.0000,0.0000,0.0000,0.0000,0.0000,110,0,0,0,0,4,0,0,0,0
zc,WS301,2012-06-15 09:03:14.527,2519.0000,453814,-2,0.0000,6.0000,2,4,空平,B,2518.0000,0.0000,0.0000,0.0000,0.0000,2519.0000,0.0000,0.0000,0.0000,0.0000,108,0,0,0,0,8,0,0,0,0
zc,WS301,2012-06-15 09:03:15.247,2519.0000,453832,18,0.0000,44.0000,31,13,多开,B,2518.0000,0.0000,0.0000,0.0000,0.0000,2519.0000,0.0000,0.0000,0.0000,0.0000,96,0,0,0,0,9,0,0,0,0
zc,WS301,2012-06-15 09:03:15.793,2519.0000,453832,0,0.0000,0.0000,0,0,多换,B,2518.0000,0.0000,0.0000,0.0000,0.0000,2519.0000,0.0000,0.0000,0.0000,0.0000,98,0,0,0,0,10,0,0,0,0
zc,WS301,2012-06-15 09:03:16.293,2519.0000,453860,28,0.0000,60.0000,44,16,多开,B,2518.0000,0.0000,0.0000,0.0000,0.0000,2519.0000,0.0000,0.0000,0.0000,0.0000,93,0,0,0,0,11,0,0,0,0
zc,WS301,2012-06-15 09:03:17.027,2519.0000,453860,0,0.0000,0.0000,0,0,多换,B,2518.0000,0.0000,0.0000,0.0000,0.0000,2519.0000,0.0000,0.0000,0.0000,0.0000,113,0,0,0,0,10,0,0,0,0
zc,WS301,2012-06-15 09:03:17.527,2519.0000,453878,18,0.0000,18.0000,18,0,双开,B,2518.0000,0.0000,0.0000,0.0000,0.0000,2519.0000,0.0000,0.0000,0.0000,0.0000,113,0,0,0,0,5,0,0,0,0
zc,WS301,2012-06-15 09:03:18.323,2519.0000,453878,0,0.0000,0.0000,0,0,多换,B,2518.0000,0.0000,0.0000,0.0000,0.0000,2519.0000,0.0000,0.0000,0.0000,0.0000,119,0,0,0,0,17,0,0,0,0
zc,WS301,2012-06-15 09:03:18.747,2518.0000,453880,2,0.0000,8.0000,5,3,空开,S,2518.0000,0.0000,0.0000,0.0000,0.0000,2519.0000,0.0000,0.0000,0.0000,0.0000,117,0,0,0,0,15,0,0,0,0
zc,WS301,2012-06-15 09:03:19.793,2519.0000,453894,14,0.0000,18.0000,16,2,多开,B,2518.0000,0.0000,0.0000,0.0000,0.0000,2519.0000,0.0000,0.0000,0.0000,0.0000,122,0,0,0,0,6,0,0,0,0
zc,WS301,2012-06-15 09:03:20.307,2519.0000,453896,2,0.0000,2.0000,2,0,双开,B,2518.0000,0.0000,0.0000,0.0000,0.0000,2519.0000,0.0000,0.0000,0.0000,0.0000,122,0,0,0,0,6,0,0,0,0
zc,WS301,2012-06-15 09:03:20.793,2518.0000,453902,6,0.0000,8.0000,7,1,空开,S,2518.0000,0.0000,0.0000,0.0000,0.0000,2519.0000,0.0000,0.0000,0.0000,0.0000,120,0,0,0,0,5,0,0,0,0
zc,WS301,2012-06-15 09:03:21.307,2519.0000,453906,4,0.0000,6.0000,5,1,多开,B,2518.0000,0.0000,0.0000,0.0000,0.0000,2519.0000,0.0000,0.0000,0.0000,0.0000,140,0,0,0,0,4,0,0,0,0
zc,WS301,2012-06-15 09:03:22.043,2518.0000,453906,0,0.0000,2.0000,1,1,空换,S,2518.0000,0.0000,0.0000,0.0000,0.0000,2519.0000,0.0000,0.0000,0.0000,0.0000,139,0,0,0,0,15,0,0,0,0
zc,WS301,2012-06-15 09:03:22.607,2519.0000,453920,14,0.0000,32.0000,23,9,多开,B,2519.0000,0.0000,0.0000,0.0000,0.0000,2520.0000,0.0000,0.0000,0.0000,0.0000,85,0,0,0,0,56,0,0,0,0
zc,WS301,2012-06-15 09:03:23.260,2519.0000,453940,20,0.0000,20.0000,20,0,双开,B,2519.0000,0.0000,0.0000,0.0000,0.0000,2520.0000,0.0000,0.0000,0.0000,0.0000,77,0,0,0,0,57,0,0,0,0
zc,WS301,2012-06-15 09:03:23.760,2520.0000,453966,26,0.0000,26.0000,26,0,双开,B,2519.0000,0.0000,0.0000,0.0000,0.0000,2520.0000,0.0000,0.0000,0.0000,0.0000,76,0,0,0,0,55,0,0,0,0
zc,WS301,2012-06-15 09:03:24.340,2519.0000,453970,4,0.0000,4.0000,4,0,双开,S,2519.0000,0.0000,0.0000,0.0000,0.0000,2520.0000,0.0000,0.0000,0.0000,0.0000,274,0,0,0,0,55,0,0,0,0
zc,WS301,2012-06-15 09:03:25.057,2519.0000,453976,6,0.0000,6.0000,6,0,双开,S,2519.0000,0.0000,0.0000,0.0000,0.0000,2520.0000,0.0000,0.0000,0.0000,0.0000,282,0,0,0,0,55,0,0,0,0
zc,WS301,2012-06-15 09:03:25.527,2520.0000,453968,-8,0.0000,16.0000,4,12,空平,B,2519.0000,0.0000,0.0000,0.0000,0.0000,2520.0000,0.0000,0.0000,0.0000,0.0000,282,0,0,0,0,47,0,0,0,0
zc,WS301,2012-06-15 09:03:26.090,2520.0000,453920,-48,0.0000,102.0000,27,75,空平,B,2520.0000,0.0000,0.0000,0.0000,0.0000,2521.0000,0.0000,0.0000,0.0000,0.0000,153,0,0,0,0,45,0,0,0,0
zc,WS301,2012-06-15 09:03:26.497,2520.0000,453920,0,0.0000,2.0000,1,1,多换,B,2520.0000,0.0000,0.0000,0.0000,0.0000,2521.0000,0.0000,0.0000,0.0000,0.0000,156,0,0,0,0,53,0,0,0,0
zc,WS301,2012-06-15 09:03:27.260,2521.0000,453922,2,0.0000,6.0000,4,2,多开,B,2520.0000,0.0000,0.0000,0.0000,0.0000,2521.0000,0.0000,0.0000,0.0000,0.0000,154,0,0,0,0,52,0,0,0,0
zc,WS301,2012-06-15 09:03:27.777,2520.0000,453918,-4,0.0000,4.0000,0,4,双平,S,2520.0000,0.0000,0.0000,0.0000,0.0000,2521.0000,0.0000,0.0000,0.0000,0.0000,187,0,0,0,0,32,0,0,0,0
zc,WS301,2012-06-15 09:03:28.230,2520.0000,453920,2,0.0000,6.0000,4,2,空开,S,2520.0000,0.0000,0.0000,0.0000,0.0000,2521.0000,0.0000,0.0000,0.0000,0.0000,197,0,0,0,0,32,0,0,0,0
zc,WS301,2012-06-15 09:03:29.057,2520.0000,453920,0,0.0000,0.0000,0,0,空换,S,2520.0000,0.0000,0.0000,0.0000,0.0000,2521.0000,0.0000,0.0000,0.0000,0.0000,197,0,0,0,0,31,0,0,0,0
zc,WS301,2012-06-15 09:03:29.590,2521.0000,453924,4,0.0000,4.0000,4,0,双开,B,2520.0000,0.0000,0.0000,0.0000,0.0000,2521.0000,0.0000,0.0000,0.0000,0.0000,201,0,0,0,0,29,0,0,0,0
zc,WS301,2012-06-15 09:03:30.340,2521.0000,453924,0,0.0000,6.0000,3,3,多换,B,2520.0000,0.0000,0.0000,0.0000,0.0000,2521.0000,0.0000,0.0000,0.0000,0.0000,201,0,0,0,0,26,0,0,0,0
zc,WS301,2012-06-15 09:03:30.557,2521.0000,453924,0,0.0000,0.0000,0,0,多换,B,2520.0000,0.0000,0.0000,0.0000,0.0000,2521.0000,0.0000,0.0000,0.0000,0.0000,206,0,0,0,0,26,0,0,0,0
zc,WS301,2012-06-15 09:03:31.247,2521.0000,453922,-2,0.0000,4.0000,1,3,空平,B,2520.0000,0.0000,0.0000,0.0000,0.0000,2521.0000,0.0000,0.0000,0.0000,0.0000,206,0,0,0,0,25,0,0,0,0
zc,WS301,2012-06-15 09:03:31.807,2520.0000,453918,-4,0.0000,10.0000,3,7,多平,S,2520.0000,0.0000,0.0000,0.0000,0.0000,2521.0000,0.0000,0.0000,0.0000,0.0000,204,0,0,0,0,22,0,0,0,0
zc,WS301,2012-06-15 09:03:32.307,2520.0000,453918,0,0.0000,0.0000,0,0,空换,S,2520.0000,0.0000,0.0000,0.0000,0.0000,2521.0000,0.0000,0.0000,0.0000,0.0000,204,0,0,0,0,26,0,0,0,0
zc,WS301,2012-06-15 09:03:33.027,2521.0000,453928,10,0.0000,46.0000,28,18,多开,B,2520.0000,0.0000,0.0000,0.0000,0.0000,2521.0000,0.0000,0.0000,0.0000,0.0000,206,0,0,0,0,3,0,0,0,0
zc,WS301,2012-06-15 09:03:33.573,2521.0000,453936,8,0.0000,8.0000,8,0,双开,B,2520.0000,0.0000,0.0000,0.0000,0.0000,2522.0000,0.0000,0.0000,0.0000,0.0000,206,0,0,0,0,18,0,0,0,0
zc,WS301,2012-06-15 09:03:34.277,2521.0000,453936,0,0.0000,2.0000,1,1,多换,B,2520.0000,0.0000,0.0000,0.0000,0.0000,2522.0000,0.0000,0.0000,0.0000,0.0000,206,0,0,0,0,19,0,0,0,0
zc,WS301,2012-06-15 09:03:34.793,2522.0000,453938,2,0.0000,62.0000,32,30,多开,B,2521.0000,0.0000,0.0000,0.0000,0.0000,2522.0000,0.0000,0.0000,0.0000,0.0000,1,0,0,0,0,29,0,0,0,0
zc,WS301,2012-06-15 09:03:35.527,2521.0000,453940,2,0.0000,10.0000,6,4,空开,S,2520.0000,0.0000,0.0000,0.0000,0.0000,2522.0000,0.0000,0.0000,0.0000,0.0000,180,0,0,0,0,29,0,0,0,0
zc,WS301,2012-06-15 09:03:35.760,2521.0000,453940,0,0.0000,0.0000,0,0,空换,S,2520.0000,0.0000,0.0000,0.0000,0.0000,2522.0000,0.0000,0.0000,0.0000,0.0000,182,0,0,0,0,29,0,0,0,0
zc,WS301,2012-06-15 09:03:36.527,2520.0000,453940,0,0.0000,8.0000,4,4,空换,S,2520.0000,0.0000,0.0000,0.0000,0.0000,2521.0000,0.0000,0.0000,0.0000,0.0000,180,0,0,0,0,100,0,0,0,0
zc,WS301,2012-06-15 09:03:36.997,2521.0000,453932,-8,0.0000,50.0000,21,29,空平,B,2520.0000,0.0000,0.0000,0.0000,0.0000,2521.0000,0.0000,0.0000,0.0000,0.0000,183,0,0,0,0,76,0,0,0,0
zc,WS301,2012-06-15 09:03:37.510,2521.0000,453932,0,0.0000,2.0000,1,1,多换,B,2520.0000,0.0000,0.0000,0.0000,0.0000,2521.0000,0.0000,0.0000,0.0000,0.0000,182,0,0,0,0,75,0,0,0,0
zc,WS301,2012-06-15 09:03:38.247,2521.0000,453930,-2,0.0000,2.0000,0,2,双平,B,2520.0000,0.0000,0.0000,0.0000,0.0000,2521.0000,0.0000,0.0000,0.0000,0.0000,182,0,0,0,0,74,0,0,0,0
zc,WS301,2012-06-15 09:03:38.730,2520.0000,453930,0,0.0000,6.0000,3,3,空换,S,2520.0000,0.0000,0.0000,0.0000,0.0000,2521.0000,0.0000,0.0000,0.0000,0.0000,180,0,0,0,0,74,0,0,0,0
zc,WS301,2012-06-15 09:03:39.510,2521.0000,453920,-10,0.0000,12.0000,1,11,空平,B,2520.0000,0.0000,0.0000,0.0000,0.0000,2521.0000,0.0000,0.0000,0.0000,0.0000,181,0,0,0,0,70,0,0,0,0
zc,WS301,2012-06-15 09:03:39.747,2520.0000,453920,0,0.0000,4.0000,2,2,空换,S,2520.0000,0.0000,0.0000,0.0000,0.0000,2521.0000,0.0000,0.0000,0.0000,0.0000,185,0,0,0,0,69,0,0,0,0
zc,WS301,2012-06-15 09:03:40.527,2520.0000,453920,0,0.0000,0.0000,0,0,空换,S,2520.0000,0.0000,0.0000,0.0000,0.0000,2521.0000,0.0000,0.0000,0.0000,0.0000,185,0,0,0,0,70,0,0,0,0
zc,WS301,2012-06-15 09:03:41.027,2521.0000,453920,0,0.0000,8.0000,4,4,多换,B,2520.0000,0.0000,0.0000,0.0000,0.0000,2521.0000,0.0000,0.0000,0.0000,0.0000,180,0,0,0,0,69,0,0,0,0
zc,WS301,2012-06-15 09:03:41.760,2521.0000,453910,-10,0.0000,14.0000,2,12,空平,B,2520.0000,0.0000,0.0000,0.0000,0.0000,2521.0000,0.0000,0.0000,0.0000,0.0000,181,0,0,0,0,62,0,0,0,0
zc,WS301,2012-06-15 09:03:42.293,2520.0000,453910,0,0.0000,30.0000,15,15,空换,S,2520.0000,0.0000,0.0000,0.0000,0.0000,2521.0000,0.0000,0.0000,0.0000,0.0000,169,0,0,0,0,58,0,0,0,0
zc,WS301,2012-06-15 09:03:43.010,2520.0000,453910,0,0.0000,0.0000,0,0,空换,S,2520.0000,0.0000,0.0000,0.0000,0.0000,2521.0000,0.0000,0.0000,0.0000,0.0000,184,0,0,0,0,58,0,0,0,0
zc,WS301,2012-06-15 09:03:43.557,2520.0000,453870,-40,0.0000,40.0000,0,40,双平,S,2520.0000,0.0000,0.0000,0.0000,0.0000,2521.0000,0.0000,0.0000,0.0000,0.0000,164,0,0,0,0,58,0,0,0,0
zc,WS301,2012-06-15 09:03:44.043,2520.0000,453870,0,0.0000,0.0000,0,0,空换,S,2520.0000,0.0000,0.0000,0.0000,0.0000,2521.0000,0.0000,0.0000,0.0000,0.0000,159,0,0,0,0,68,0,0,0,0
zc,WS301,2012-06-15 09:03:44.777,2520.0000,453870,0,0.0000,0.0000,0,0,空换,S,2520.0000,0.0000,0.0000,0.0000,0.0000,2521.0000,0.0000,0.0000,0.0000,0.0000,159,0,0,0,0,70,0,0,0,0
zc,WS301,2012-06-15 09:03:45.277,2521.0000,453870,0,0.0000,4.0000,2,2,多换,B,2520.0000,0.0000,0.0000,0.0000,0.0000,2521.0000,0.0000,0.0000,0.0000,0.0000,159,0,0,0,0,69,0,0,0,0
zc,WS301,2012-06-15 09:03:45.730,2521.0000,453860,-10,0.0000,14.0000,2,12,空平,B,2520.0000,0.0000,0.0000,0.0000,0.0000,2521.0000,0.0000,0.0000,0.0000,0.0000,155,0,0,0,0,73,0,0,0,0
zc,WS301,2012-06-15 09:03:46.277,2521.0000,453902,42,0.0000,160.0000,101,59,多开,B,2521.0000,0.0000,0.0000,0.0000,0.0000,2522.0000,0.0000,0.0000,0.0000,0.0000,24,0,0,0,0,47,0,0,0,0
zc,WS301,2012-06-15 09:03:46.997,2521.0000,453902,0,0.0000,0.0000,0,0,多换,B,2521.0000,0.0000,0.0000,0.0000,0.0000,2522.0000,0.0000,0.0000,0.0000,0.0000,26,0,0,0,0,47,0,0,0,0
zc,WS301,2012-06-15 09:03:47.510,2521.0000,453902,0,0.0000,2.0000,1,1,多换,B,2521.0000,0.0000,0.0000,0.0000,0.0000,2522.0000,0.0000,0.0000,0.0000,0.0000,25,0,0,0,0,47,0,0,0,0
zc,WS301,2012-06-15 09:03:48.043,2521.0000,453910,8,0.0000,8.0000,8,0,双开,B,2521.0000,0.0000,0.0000,0.0000,0.0000,2522.0000,0.0000,0.0000,0.0000,0.0000,22,0,0,0,0,47,0,0,0,0
zc,WS301,2012-06-15 09:03:48.777,2520.0000,453952,42,0.0000,84.0000,63,21,空开,S,2520.0000,0.0000,0.0000,0.0000,0.0000,2522.0000,0.0000,0.0000,0.0000,0.0000,146,0,0,0,0,47,0,0,0,0
zc,WS301,2012-06-15 09:03:49.247,2522.0000,454024,72,0.0000,110.0000,91,19,多开,B,2522.0000,0.0000,0.0000,0.0000,0.0000,2523.0000,0.0000,0.0000,0.0000,0.0000,96,0,0,0,0,106,0,0,0,0
zc,WS301,2012-06-15 09:03:49.793,2522.0000,454024,0,0.0000,2.0000,1,1,多换,B,2522.0000,0.0000,0.0000,0.0000,0.0000,2523.0000,0.0000,0.0000,0.0000,0.0000,96,0,0,0,0,124,0,0,0,0
zc,WS301,2012-06-15 09:03:50.293,2522.0000,454036,12,0.0000,12.0000,12,0,双开,B,2522.0000,0.0000,0.0000,0.0000,0.0000,2523.0000,0.0000,0.0000,0.0000,0.0000,90,0,0,0,0,122,0,0,0,0
zc,WS301,2012-06-15 09:03:51.090,2522.0000,454036,0,0.0000,2.0000,1,1,多换,B,2522.0000,0.0000,0.0000,0.0000,0.0000,2523.0000,0.0000,0.0000,0.0000,0.0000,89,0,0,0,0,122,0,0,0,0
zc,WS301,2012-06-15 09:03:51.497,2522.0000,454036,0,0.0000,0.0000,0,0,多换,B,2522.0000,0.0000,0.0000,0.0000,0.0000,2523.0000,0.0000,0.0000,0.0000,0.0000,88,0,0,0,0,122,0,0,0,0
zc,WS301,2012-06-15 09:03:52.247,2522.0000,454038,2,0.0000,2.0000,2,0,双开,B,2522.0000,0.0000,0.0000,0.0000,0.0000,2523.0000,0.0000,0.0000,0.0000,0.0000,88,0,0,0,0,121,0,0,0,0
zc,WS301,2012-06-15 09:03:52.807,2523.0000,454038,0,0.0000,10.0000,5,5,多换,B,2522.0000,0.0000,0.0000,0.0000,0.0000,2523.0000,0.0000,0.0000,0.0000,0.0000,88,0,0,0,0,116,0,0,0,0
zc,WS301,2012-06-15 09:03:53.293,2522.0000,454038,0,0.0000,4.0000,2,2,空换,S,2522.0000,0.0000,0.0000,0.0000,0.0000,2523.0000,0.0000,0.0000,0.0000,0.0000,86,0,0,0,0,116,0,0,0,0
zc,WS301,2012-06-15 09:03:54.027,2522.0000,454056,18,0.0000,22.0000,20,2,空开,S,2522.0000,0.0000,0.0000,0.0000,0.0000,2523.0000,0.0000,0.0000,0.0000,0.0000,76,0,0,0,0,113,0,0,0,0
zc,WS301,2012-06-15 09:03:54.527,2522.0000,454058,2,0.0000,2.0000,2,0,双开,S,2522.0000,0.0000,0.0000,0.0000,0.0000,2523.0000,0.0000,0.0000,0.0000,0.0000,75,0,0,0,0,112,0,0,0,0
zc,WS301,2012-06-15 09:03:55.497,2522.0000,454060,2,0.0000,2.0000,2,0,双开,S,2522.0000,0.0000,0.0000,0.0000,0.0000,2523.0000,0.0000,0.0000,0.0000,0.0000,76,0,0,0,0,111,0,0,0,0
zc,WS301,2012-06-15 09:03:56.277,2523.0000,454038,-22,0.0000,22.0000,0,22,双平,B,2522.0000,0.0000,0.0000,0.0000,0.0000,2523.0000,0.0000,0.0000,0.0000,0.0000,81,0,0,0,0,100,0,0,0,0
zc,WS301,2012-06-15 09:03:56.840,2523.0000,454038,0,0.0000,0.0000,0,0,多换,B,2522.0000,0.0000,0.0000,0.0000,0.0000,2523.0000,0.0000,0.0000,0.0000,0.0000,81,0,0,0,0,122,0,0,0,0
zc,WS301,2012-06-15 09:03:57.637,2523.0000,454036,-2,0.0000,6.0000,2,4,空平,B,2522.0000,0.0000,0.0000,0.0000,0.0000,2523.0000,0.0000,0.0000,0.0000,0.0000,79,0,0,0,0,122,0,0,0,0
zc,WS301,2012-06-15 09:03:58.027,2523.0000,454036,0,0.0000,0.0000,0,0,多换,B,2522.0000,0.0000,0.0000,0.0000,0.0000,2523.0000,0.0000,0.0000,0.0000,0.0000,80,0,0,0,0,122,0,0,0,0
zc,WS301,2012-06-15 09:03:58.510,2523.0000,454036,0,0.0000,0.0000,0,0,多换,B,2522.0000,0.0000,0.0000,0.0000,0.0000,2523.0000,0.0000,0.0000,0.0000,0.0000,82,0,0,0,0,132,0,0,0,0
zc,WS301,2012-06-15 09:03:59.260,2522.0000,454040,4,0.0000,4.0000,4,0,双开,S,2522.0000,0.0000,0.0000,0.0000,0.0000,2523.0000,0.0000,0.0000,0.0000,0.0000,83,0,0,0,0,130,0,0,0,0
zc,WS301,2012-06-15 09:03:59.807,2522.0000,454038,-2,0.0000,6.0000,2,4,多平,S,2522.0000,0.0000,0.0000,0.0000,0.0000,2523.0000,0.0000,0.0000,0.0000,0.0000,162,0,0,0,0,129,0,0,0,0
zc,WS301,2012-06-15 09:04:00.590,2522.0000,454044,6,0.0000,10.0000,8,2,空开,S,2522.0000,0.0000,0.0000,0.0000,0.0000,2523.0000,0.0000,0.0000,0.0000,0.0000,158,0,0,0,0,132,0,0,0,0
zc,WS301,2012-06-15 09:04:01.043,2523.0000,454082,38,0.0000,100.0000,69,31,多开,B,2522.0000,0.0000,0.0000,0.0000,0.0000,2523.0000,0.0000,0.0000,0.0000,0.0000,160,0,0,0,0,113,0,0,0,0
zc,WS301,2012-06-15 09:04:01.823,2523.0000,454082,0,0.0000,0.0000,0,0,多换,B,2522.0000,0.0000,0.0000,0.0000,0.0000,2523.0000,0.0000,0.0000,0.0000,0.0000,160,0,0,0,0,123,0,0,0,0
zc,WS301,2012-06-15 09:04:02.357,2523.0000,453912,-170,0.0000,306.0000,68,238,空平,B,2522.0000,0.0000,0.0000,0.0000,0.0000,2523.0000,0.0000,0.0000,0.0000,0.0000,161,0,0,0,0,52,0,0,0,0
zc,WS301,2012-06-15 09:04:03.057,2522.0000,454002,90,0.0000,90.0000,90,0,双开,S,2522.0000,0.0000,0.0000,0.0000,0.0000,2523.0000,0.0000,0.0000,0.0000,0.0000,116,0,0,0,0,53,0,0,0,0
zc,WS301,2012-06-15 09:04:03.260,2522.0000,454002,0,0.0000,0.0000,0,0,空换,S,2522.0000,0.0000,0.0000,0.0000,0.0000,2523.0000,0.0000,0.0000,0.0000,0.0000,118,0,0,0,0,52,0,0,0,0
zc,WS301,2012-06-15 09:04:04.010,2522.0000,454014,12,0.0000,16.0000,14,2,空开,S,2522.0000,0.0000,0.0000,0.0000,0.0000,2523.0000,0.0000,0.0000,0.0000,0.0000,116,0,0,0,0,46,0,0,0,0
zc,WS301,2012-06-15 09:04:04.777,2523.0000,454016,2,0.0000,2.0000,2,0,双开,B,2522.0000,0.0000,0.0000,0.0000,0.0000,2523.0000,0.0000,0.0000,0.0000,0.0000,116,0,0,0,0,56,0,0,0,0
zc,WS301,2012-06-15 09:04:05.510,2523.0000,454018,2,0.0000,10.0000,6,4,多开,B,2522.0000,0.0000,0.0000,0.0000,0.0000,2523.0000,0.0000,0.0000,0.0000,0.0000,116,0,0,0,0,51,0,0,0,0
zc,WS301,2012-06-15 09:04:06.090,2523.0000,454018,0,0.0000,8.0000,4,4,多换,B,2522.0000,0.0000,0.0000,0.0000,0.0000,2523.0000,0.0000,0.0000,0.0000,0.0000,116,0,0,0,0,47,0,0,0,0
zc,WS301,2012-06-15 09:04:06.510,2522.0000,454018,0,0.0000,6.0000,3,3,空换,S,2522.0000,0.0000,0.0000,0.0000,0.0000,2523.0000,0.0000,0.0000,0.0000,0.0000,114,0,0,0,0,46,0,0,0,0
zc,WS301,2012-06-15 09:04:07.010,2523.0000,454032,14,0.0000,38.0000,26,12,多开,B,2522.0000,0.0000,0.0000,0.0000,0.0000,2523.0000,0.0000,0.0000,0.0000,0.0000,114,0,0,0,0,27,0,0,0,0
zc,WS301,2012-06-15 09:04:07.760,2523.0000,454032,0,0.0000,0.0000,0,0,多换,B,2522.0000,0.0000,0.0000,0.0000,0.0000,2523.0000,0.0000,0.0000,0.0000,0.0000,114,0,0,0,0,26,0,0,0,0
zc,WS301,2012-06-15 09:04:08.527,2523.0000,454036,4,0.0000,4.0000,4,0,双开,B,2522.0000,0.0000,0.0000,0.0000,0.0000,2523.0000,0.0000,0.0000,0.0000,0.0000,113,0,0,0,0,31,0,0,0,0
zc,WS301,2012-06-15 09:04:08.997,2523.0000,454038,2,0.0000,2.0000,2,0,双开,B,2522.0000,0.0000,0.0000,0.0000,0.0000,2523.0000,0.0000,0.0000,0.0000,0.0000,115,0,0,0,0,31,0,0,0,0
zc,WS301,2012-06-15 09:04:09.497,2523.0000,454042,4,0.0000,10.0000,7,3,多开,B,2522.0000,0.0000,0.0000,0.0000,0.0000,2523.0000,0.0000,0.0000,0.0000,0.0000,115,0,0,0,0,26,0,0,0,0
zc,WS301,2012-06-15 09:04:10.010,2523.0000,454038,-4,0.0000,24.0000,10,14,空平,B,2522.0000,0.0000,0.0000,0.0000,0.0000,2523.0000,0.0000,0.0000,0.0000,0.0000,142,0,0,0,0,15,0,0,0,0
zc,WS301,2012-06-15 09:04:10.793,2523.0000,454052,14,0.0000,32.0000,23,9,多开,B,2523.0000,0.0000,0.0000,0.0000,0.0000,2524.0000,0.0000,0.0000,0.0000,0.0000,5,0,0,0,0,165,0,0,0,0
zc,WS301,2012-06-15 09:04:11.307,2523.0000,454054,2,0.0000,2.0000,2,0,双开,B,2523.0000,0.0000,0.0000,0.0000,0.0000,2524.0000,0.0000,0.0000,0.0000,0.0000,5,0,0,0,0,171,0,0,0,0
zc,WS301,2012-06-15 09:04:11.997,2523.0000,454076,22,0.0000,22.0000,22,0,双开,B,2522.0000,0.0000,0.0000,0.0000,0.0000,2523.0000,0.0000,0.0000,0.0000,0.0000,142,0,0,0,0,23,0,0,0,0
zc,WS301,2012-06-15 09:04:12.510,2523.0000,454076,0,0.0000,0.0000,0,0,多换,B,2522.0000,0.0000,0.0000,0.0000,0.0000,2523.0000,0.0000,0.0000,0.0000,0.0000,144,0,0,0,0,23,0,0,0,0
zc,WS301,2012-06-15 09:04:13.293,2523.0000,454078,2,0.0000,2.0000,2,0,双开,B,2522.0000,0.0000,0.0000,0.0000,0.0000,2523.0000,0.0000,0.0000,0.0000,0.0000,144,0,0,0,0,32,0,0,0,0
zc,WS301,2012-06-15 09:04:13.760,2522.0000,454078,0,0.0000,8.0000,4,4,空换,S,2522.0000,0.0000,0.0000,0.0000,0.0000,2523.0000,0.0000,0.0000,0.0000,0.0000,140,0,0,0,0,37,0,0,0,0
zc,WS301,2012-06-15 09:04:14.497,2523.0000,454080,2,0.0000,2.0000,2,0,双开,B,2522.0000,0.0000,0.0000,0.0000,0.0000,2523.0000,0.0000,0.0000,0.0000,0.0000,140,0,0,0,0,36,0,0,0,0
zc,WS301,2012-06-15 09:04:15.027,2523.0000,454084,4,0.0000,4.0000,4,0,双开,B,2522.0000,0.0000,0.0000,0.0000,0.0000,2523.0000,0.0000,0.0000,0.0000,0.0000,140,0,0,0,0,34,0,0,0,0
zc,WS301,2012-06-15 09:04:15.557,2523.0000,454084,0,0.0000,0.0000,0,0,多换,B,2522.0000,0.0000,0.0000,0.0000,0.0000,2523.0000,0.0000,0.0000,0.0000,0.0000,140,0,0,0,0,39,0,0,0,0
zc,WS301,2012-06-15 09:04:16.293,2523.0000,454084,0,0.0000,0.0000,0,0,多换,B,2522.0000,0.0000,0.0000,0.0000,0.0000,2523.0000,0.0000,0.0000,0.0000,0.0000,140,0,0,0,0,49,0,0,0,0
zc,WS301,2012-06-15 09:04:16.793,2523.0000,454084,0,0.0000,0.0000,0,0,多换,B,2522.0000,0.0000,0.0000,0.0000,0.0000,2523.0000,0.0000,0.0000,0.0000,0.0000,143,0,0,0,0,99,0,0,0,0
zc,WS301,2012-06-15 09:04:17.307,2523.0000,454086,2,0.0000,4.0000,3,1,多开,B,2522.0000,0.0000,0.0000,0.0000,0.0000,2523.0000,0.0000,0.0000,0.0000,0.0000,143,0,0,0,0,100,0,0,0,0
zc,WS301,2012-06-15 09:04:17.777,2522.0000,454086,0,0.0000,4.0000,2,2,空换,S,2522.0000,0.0000,0.0000,0.0000,0.0000,2523.0000,0.0000,0.0000,0.0000,0.0000,141,0,0,0,0,101,0,0,0,0
zc,WS301,2012-06-15 09:04:18.573,2523.0000,454092,6,0.0000,6.0000,6,0,双开,B,2522.0000,0.0000,0.0000,0.0000,0.0000,2523.0000,0.0000,0.0000,0.0000,0.0000,141,0,0,0,0,98,0,0,0,0
zc,WS301,2012-06-15 09:04:19.027,2523.0000,454106,14,0.0000,14.0000,14,0,双开,B,2522.0000,0.0000,0.0000,0.0000,0.0000,2523.0000,0.0000,0.0000,0.0000,0.0000,136,0,0,0,0,98,0,0,0,0
zc,WS301,2012-06-15 09:04:19.823,2523.0000,454110,4,0.0000,54.0000,29,25,多开,B,2522.0000,0.0000,0.0000,0.0000,0.0000,2523.0000,0.0000,0.0000,0.0000,0.0000,137,0,0,0,0,71,0,0,0,0
zc,WS301,2012-06-15 09:04:20.260,2523.0000,454108,-2,0.0000,2.0000,0,2,双平,B,2522.0000,0.0000,0.0000,0.0000,0.0000,2523.0000,0.0000,0.0000,0.0000,0.0000,138,0,0,0,0,70,0,0,0,0
zc,WS301,2012-06-15 09:04:21.027,2523.0000,454108,0,0.0000,12.0000,6,6,多换,B,2522.0000,0.0000,0.0000,0.0000,0.0000,2523.0000,0.0000,0.0000,0.0000,0.0000,138,0,0,0,0,64,0,0,0,0
zc,WS301,2012-06-15 09:04:21.557,2523.0000,454108,0,0.0000,2.0000,1,1,多换,B,2522.0000,0.0000,0.0000,0.0000,0.0000,2523.0000,0.0000,0.0000,0.0000,0.0000,147,0,0,0,0,74,0,0,0,0
zc,WS301,2012-06-15 09:04:22.357,2523.0000,454108,0,0.0000,0.0000,0,0,多换,B,2522.0000,0.0000,0.0000,0.0000,0.0000,2523.0000,0.0000,0.0000,0.0000,0.0000,146,0,0,0,0,74,0,0,0,0
zc,WS301,2012-06-15 09:04:22.807,2522.0000,454108,0,0.0000,4.0000,2,2,空换,S,2522.0000,0.0000,0.0000,0.0000,0.0000,2523.0000,0.0000,0.0000,0.0000,0.0000,145,0,0,0,0,73,0,0,0,0
zc,WS301,2012-06-15 09:04:23.543,2523.0000,454108,0,0.0000,2.0000,1,1,多换,B,2522.0000,0.0000,0.0000,0.0000,0.0000,2523.0000,0.0000,0.0000,0.0000,0.0000,145,0,0,0,0,72,0,0,0,0
zc,WS301,2012-06-15 09:04:24.090,2524.0000,454164,56,0.0000,204.0000,130,74,多开,B,2523.0000,0.0000,0.0000,0.0000,0.0000,2524.0000,0.0000,0.0000,0.0000,0.0000,1,0,0,0,0,154,0,0,0,0
zc,WS301,2012-06-15 09:04:25.277,2523.0000,454164,0,0.0000,4.0000,2,2,空换,S,2522.0000,0.0000,0.0000,0.0000,0.0000,2523.0000,0.0000,0.0000,0.0000,0.0000,143,0,0,0,0,2,0,0,0,0
zc,WS301,2012-06-15 09:04:25.747,2523.0000,454164,0,0.0000,0.0000,0,0,空换,S,2522.0000,0.0000,0.0000,0.0000,0.0000,2523.0000,0.0000,0.0000,0.0000,0.0000,142,0,0,0,0,2,0,0,0,0
zc,WS301,2012-06-15 09:04:27.010,2523.0000,454164,0,0.0000,0.0000,0,0,空换,S,2522.0000,0.0000,0.0000,0.0000,0.0000,2523.0000,0.0000,0.0000,0.0000,0.0000,150,0,0,0,0,3,0,0,0,0
zc,WS301,2012-06-15 09:04:27.510,2524.0000,454174,10,0.0000,12.0000,11,1,多开,B,2523.0000,0.0000,0.0000,0.0000,0.0000,2524.0000,0.0000,0.0000,0.0000,0.0000,11,0,0,0,0,151,0,0,0,0
zc,WS301,2012-06-15 09:04:28.043,2524.0000,454172,-2,0.0000,14.0000,6,8,空平,B,2523.0000,0.0000,0.0000,0.0000,0.0000,2524.0000,0.0000,0.0000,0.0000,0.0000,10,0,0,0,0,149,0,0,0,0
zc,WS301,2012-06-15 09:04:28.760,2523.0000,454176,4,0.0000,16.0000,10,6,空开,S,2523.0000,0.0000,0.0000,0.0000,0.0000,2524.0000,0.0000,0.0000,0.0000,0.0000,2,0,0,0,0,149,0,0,0,0
zc,WS301,2012-06-15 09:04:29.510,2524.0000,454196,20,0.0000,32.0000,26,6,多开,B,2523.0000,0.0000,0.0000,0.0000,0.0000,2524.0000,0.0000,0.0000,0.0000,0.0000,2,0,0,0,0,133,0,0,0,0
zc,WS301,2012-06-15 09:04:30.747,2524.0000,454208,12,0.0000,14.0000,13,1,多开,B,2523.0000,0.0000,0.0000,0.0000,0.0000,2524.0000,0.0000,0.0000,0.0000,0.0000,1,0,0,0,0,127,0,0,0,0
zc,WS301,2012-06-15 09:04:31.010,2523.0000,454208,0,0.0000,2.0000,1,1,空换,S,2523.0000,0.0000,0.0000,0.0000,0.0000,2524.0000,0.0000,0.0000,0.0000,0.0000,1,0,0,0,0,106,0,0,0,0
zc,WS301,2012-06-15 09:04:31.760,2524.0000,454210,2,0.0000,2.0000,2,0,双开,B,2523.0000,0.0000,0.0000,0.0000,0.0000,2524.0000,0.0000,0.0000,0.0000,0.0000,11,0,0,0,0,105,0,0,0,0
zc,WS301,2012-06-15 09:04:32.323,2523.0000,454248,38,0.0000,40.0000,39,1,空开,S,2523.0000,0.0000,0.0000,0.0000,0.0000,2524.0000,0.0000,0.0000,0.0000,0.0000,31,0,0,0,0,95,0,0,0,0
zc,WS301,2012-06-15 09:04:33.137,2523.0000,454268,20,0.0000,84.0000,52,32,空开,S,2522.0000,0.0000,0.0000,0.0000,0.0000,2523.0000,0.0000,0.0000,0.0000,0.0000,175,0,0,0,0,8,0,0,0,0
zc,WS301,2012-06-15 09:04:33.823,2524.0000,454362,94,0.0000,110.0000,102,8,多开,B,2522.0000,0.0000,0.0000,0.0000,0.0000,2524.0000,0.0000,0.0000,0.0000,0.0000,170,0,0,0,0,37,0,0,0,0
zc,WS301,2012-06-15 09:04:34.323,2524.0000,454368,6,0.0000,6.0000,6,0,双开,B,2523.0000,0.0000,0.0000,0.0000,0.0000,2524.0000,0.0000,0.0000,0.0000,0.0000,8,0,0,0,0,34,0,0,0,0
zc,WS301,2012-06-15 09:04:34.807,2524.0000,454370,2,0.0000,2.0000,2,0,双开,B,2523.0000,0.0000,0.0000,0.0000,0.0000,2524.0000,0.0000,0.0000,0.0000,0.0000,13,0,0,0,0,33,0,0,0,0
zc,WS301,2012-06-15 09:04:35.543,2523.0000,454370,0,0.0000,2.0000,1,1,空换,S,2523.0000,0.0000,0.0000,0.0000,0.0000,2524.0000,0.0000,0.0000,0.0000,0.0000,179,0,0,0,0,33,0,0,0,0
zc,WS301,2012-06-15 09:04:36.090,2523.0000,454370,0,0.0000,0.0000,0,0,空换,S,2523.0000,0.0000,0.0000,0.0000,0.0000,2524.0000,0.0000,0.0000,0.0000,0.0000,98,0,0,0,0,33,0,0,0,0
zc,WS301,2012-06-15 09:04:36.760,2523.0000,454366,-4,0.0000,4.0000,0,4,双平,S,2523.0000,0.0000,0.0000,0.0000,0.0000,2524.0000,0.0000,0.0000,0.0000,0.0000,96,0,0,0,0,33,0,0,0,0
zc,WS301,2012-06-15 09:04:37.323,2524.0000,454366,0,0.0000,2.0000,1,1,多换,B,2523.0000,0.0000,0.0000,0.0000,0.0000,2524.0000,0.0000,0.0000,0.0000,0.0000,97,0,0,0,0,32,0,0,0,0
zc,WS301,2012-06-15 09:04:38.090,2524.0000,454366,0,0.0000,0.0000,0,0,多换,B,2523.0000,0.0000,0.0000,0.0000,0.0000,2524.0000,0.0000,0.0000,0.0000,0.0000,98,0,0,0,0,32,0,0,0,0
zc,WS301,2012-06-15 09:04:39.010,2524.0000,454366,0,0.0000,2.0000,1,1,多换,B,2523.0000,0.0000,0.0000,0.0000,0.0000,2524.0000,0.0000,0.0000,0.0000,0.0000,98,0,0,0,0,31,0,0,0,0
zc,WS301,2012-06-15 09:04:40.027,2524.0000,454366,0,0.0000,0.0000,0,0,多换,B,2523.0000,0.0000,0.0000,0.0000,0.0000,2524.0000,0.0000,0.0000,0.0000,0.0000,105,0,0,0,0,31,0,0,0,0
zc,WS301,2012-06-15 09:04:40.607,2524.0000,454366,0,0.0000,0.0000,0,0,多换,B,2523.0000,0.0000,0.0000,0.0000,0.0000,2524.0000,0.0000,0.0000,0.0000,0.0000,107,0,0,0,0,32,0,0,0,0
zc,WS301,2012-06-15 09:04:41.357,2524.0000,454366,0,0.0000,0.0000,0,0,多换,B,2523.0000,0.0000,0.0000,0.0000,0.0000,2524.0000,0.0000,0.0000,0.0000,0.0000,109,0,0,0,0,32,0,0,0,0
zc,WS301,2012-06-15 09:04:41.823,2524.0000,454364,-2,0.0000,2.0000,0,2,双平,B,2523.0000,0.0000,0.0000,0.0000,0.0000,2524.0000,0.0000,0.0000,0.0000,0.0000,111,0,0,0,0,31,0,0,0,0
zc,WS301,2012-06-15 09:04:42.543,2524.0000,454364,0,0.0000,0.0000,0,0,多换,B,2523.0000,0.0000,0.0000,0.0000,0.0000,2524.0000,0.0000,0.0000,0.0000,0.0000,132,0,0,0,0,31,0,0,0,0
zc,WS301,2012-06-15 09:04:43.043,2524.0000,454362,-2,0.0000,4.0000,1,3,空平,B,2523.0000,0.0000,0.0000,0.0000,0.0000,2524.0000,0.0000,0.0000,0.0000,0.0000,132,0,0,0,0,34,0,0,0,0
zc,WS301,2012-06-15 09:04:43.527,2524.0000,454362,0,0.0000,2.0000,1,1,多换,B,2523.0000,0.0000,0.0000,0.0000,0.0000,2524.0000,0.0000,0.0000,0.0000,0.0000,131,0,0,0,0,33,0,0,0,0
zc,WS301,2012-06-15 09:04:44.323,2524.0000,454356,-6,0.0000,6.0000,0,6,双平,B,2523.0000,0.0000,0.0000,0.0000,0.0000,2524.0000,0.0000,0.0000,0.0000,0.0000,138,0,0,0,0,35,0,0,0,0
zc,WS301,2012-06-15 09:04:45.357,2524.0000,454356,0,0.0000,2.0000,1,1,多换,B,2523.0000,0.0000,0.0000,0.0000,0.0000,2524.0000,0.0000,0.0000,0.0000,0.0000,138,0,0,0,0,34,0,0,0,0
zc,WS301,2012-06-15 09:04:46.027,2523.0000,454356,0,0.0000,2.0000,1,1,空换,S,2523.0000,0.0000,0.0000,0.0000,0.0000,2524.0000,0.0000,0.0000,0.0000,0.0000,137,0,0,0,0,34,0,0,0,0
zc,WS301,2012-06-15 09:04:46.497,2523.0000,454356,0,0.0000,16.0000,8,8,空换,S,2523.0000,0.0000,0.0000,0.0000,0.0000,2524.0000,0.0000,0.0000,0.0000,0.0000,129,0,0,0,0,34,0,0,0,0
zc,WS301,2012-06-15 09:04:47.260,2524.0000,454374,18,0.0000,20.0000,19,1,多开,B,2523.0000,0.0000,0.0000,0.0000,0.0000,2524.0000,0.0000,0.0000,0.0000,0.0000,129,0,0,0,0,37,0,0,0,0
zc,WS301,2012-06-15 09:04:47.777,2523.0000,454380,6,0.0000,14.0000,10,4,空开,S,2523.0000,0.0000,0.0000,0.0000,0.0000,2524.0000,0.0000,0.0000,0.0000,0.0000,132,0,0,0,0,40,0,0,0,0
zc,WS301,2012-06-15 09:04:48.293,2524.0000,454378,-2,0.0000,12.0000,5,7,空平,B,2523.0000,0.0000,0.0000,0.0000,0.0000,2524.0000,0.0000,0.0000,0.0000,0.0000,135,0,0,0,0,44,0,0,0,0
zc,WS301,2012-06-15 09:04:49.027,2524.0000,454374,-4,0.0000,4.0000,0,4,双平,B,2523.0000,0.0000,0.0000,0.0000,0.0000,2524.0000,0.0000,0.0000,0.0000,0.0000,135,0,0,0,0,42,0,0,0,0
zc,WS301,2012-06-15 09:04:49.510,2524.0000,454374,0,0.0000,0.0000,0,0,多换,B,2523.0000,0.0000,0.0000,0.0000,0.0000,2524.0000,0.0000,0.0000,0.0000,0.0000,135,0,0,0,0,44,0,0,0,0
zc,WS301,2012-06-15 09:04:50.357,2523.0000,454374,0,0.0000,2.0000,1,1,空换,S,2523.0000,0.0000,0.0000,0.0000,0.0000,2524.0000,0.0000,0.0000,0.0000,0.0000,134,0,0,0,0,46,0,0,0,0
zc,WS301,2012-06-15 09:04:50.747,2524.0000,454376,2,0.0000,24.0000,13,11,多开,B,2523.0000,0.0000,0.0000,0.0000,0.0000,2524.0000,0.0000,0.0000,0.0000,0.0000,135,0,0,0,0,34,0,0,0,0
zc,WS301,2012-06-15 09:04:52.590,2524.0000,454376,0,0.0000,2.0000,1,1,多换,B,2523.0000,0.0000,0.0000,0.0000,0.0000,2524.0000,0.0000,0.0000,0.0000,0.0000,135,0,0,0,0,33,0,0,0,0
zc,WS301,2012-06-15 09:04:53.027,2524.0000,454376,0,0.0000,0.0000,0,0,多换,B,2523.0000,0.0000,0.0000,0.0000,0.0000,2524.0000,0.0000,0.0000,0.0000,0.0000,135,0,0,0,0,35,0,0,0,0
zc,WS301,2012-06-15 09:04:53.747,2524.0000,454376,0,0.0000,0.0000,0,0,多换,B,2523.0000,0.0000,0.0000,0.0000,0.0000,2524.0000,0.0000,0.0000,0.0000,0.0000,135,0,0,0,0,31,0,0,0,0
zc,WS301,2012-06-15 09:04:55.277,2524.0000,454380,4,0.0000,10.0000,7,3,多开,B,2523.0000,0.0000,0.0000,0.0000,0.0000,2524.0000,0.0000,0.0000,0.0000,0.0000,135,0,0,0,0,25,0,0,0,0
zc,WS301,2012-06-15 09:04:56.260,2524.0000,454382,2,0.0000,2.0000,2,0,双开,B,2523.0000,0.0000,0.0000,0.0000,0.0000,2524.0000,0.0000,0.0000,0.0000,0.0000,130,0,0,0,0,24,0,0,0,0
zc,WS301,2012-06-15 09:04:57.027,2524.0000,454384,2,0.0000,4.0000,3,1,多开,B,2523.0000,0.0000,0.0000,0.0000,0.0000,2524.0000,0.0000,0.0000,0.0000,0.0000,130,0,0,0,0,42,0,0,0,0
zc,WS301,2012-06-15 09:04:57.480,2524.0000,454396,12,0.0000,20.0000,16,4,多开,B,2523.0000,0.0000,0.0000,0.0000,0.0000,2524.0000,0.0000,0.0000,0.0000,0.0000,130,0,0,0,0,32,0,0,0,0
zc,WS301,2012-06-15 09:04:58.777,2523.0000,454398,2,0.0000,2.0000,2,0,双开,S,2523.0000,0.0000,0.0000,0.0000,0.0000,2524.0000,0.0000,0.0000,0.0000,0.0000,129,0,0,0,0,32,0,0,0,0
zc,WS301,2012-06-15 09:05:00.043,2524.0000,454400,2,0.0000,2.0000,2,0,双开,B,2523.0000,0.0000,0.0000,0.0000,0.0000,2524.0000,0.0000,0.0000,0.0000,0.0000,130,0,0,0,0,33,0,0,0,0
zc,WS301,2012-06-15 09:05:01.260,2523.0000,454400,0,0.0000,2.0000,1,1,空换,S,2523.0000,0.0000,0.0000,0.0000,0.0000,2524.0000,0.0000,0.0000,0.0000,0.0000,132,0,0,0,0,37,0,0,0,0
zc,WS301,2012-06-15 09:05:02.057,2524.0000,454406,6,0.0000,6.0000,6,0,双开,B,2523.0000,0.0000,0.0000,0.0000,0.0000,2524.0000,0.0000,0.0000,0.0000,0.0000,164,0,0,0,0,35,0,0,0,0
zc,WS301,2012-06-15 09:05:02.260,2524.0000,454406,0,0.0000,0.0000,0,0,多换,B,2523.0000,0.0000,0.0000,0.0000,0.0000,2524.0000,0.0000,0.0000,0.0000,0.0000,101,0,0,0,0,36,0,0,0,0
zc,WS301,2012-06-15 09:05:03.510,2524.0000,454408,2,0.0000,2.0000,2,0,双开,B,2523.0000,0.0000,0.0000,0.0000,0.0000,2524.0000,0.0000,0.0000,0.0000,0.0000,101,0,0,0,0,45,0,0,0,0
zc,WS301,2012-06-15 09:05:04.557,2524.0000,454408,0,0.0000,0.0000,0,0,多换,B,2523.0000,0.0000,0.0000,0.0000,0.0000,2524.0000,0.0000,0.0000,0.0000,0.0000,101,0,0,0,0,46,0,0,0,0
zc,WS301,2012-06-15 09:05:05.010,2524.0000,454410,2,0.0000,2.0000,2,0,双开,B,2523.0000,0.0000,0.0000,0.0000,0.0000,2524.0000,0.0000,0.0000,0.0000,0.0000,101,0,0,0,0,45,0,0,0,0
zc,WS301,2012-06-15 09:05:05.590,2524.0000,454410,0,0.0000,0.0000,0,0,多换,B,2523.0000,0.0000,0.0000,0.0000,0.0000,2524.0000,0.0000,0.0000,0.0000,0.0000,111,0,0,0,0,46,0,0,0,0
zc,WS301,2012-06-15 09:05:06.073,2524.0000,454414,4,0.0000,4.0000,4,0,双开,B,2523.0000,0.0000,0.0000,0.0000,0.0000,2524.0000,0.0000,0.0000,0.0000,0.0000,113,0,0,0,0,44,0,0,0,0
zc,WS301,2012-06-15 09:05:06.747,2524.0000,454414,0,0.0000,0.0000,0,0,多换,B,2523.0000,0.0000,0.0000,0.0000,0.0000,2524.0000,0.0000,0.0000,0.0000,0.0000,117,0,0,0,0,44,0,0,0,0
zc,WS301,2012-06-15 09:05:07.293,2524.0000,454414,0,0.0000,0.0000,0,0,多换,B,2523.0000,0.0000,0.0000,0.0000,0.0000,2524.0000,0.0000,0.0000,0.0000,0.0000,117,0,0,0,0,45,0,0,0,0
zc,WS301,2012-06-15 09:05:07.793,2524.0000,454410,-4,0.0000,12.0000,4,8,空平,B,2523.0000,0.0000,0.0000,0.0000,0.0000,2524.0000,0.0000,0.0000,0.0000,0.0000,120,0,0,0,0,39,0,0,0,0
zc,WS301,2012-06-15 09:05:08.590,2524.0000,454416,6,0.0000,6.0000,6,0,双开,B,2523.0000,0.0000,0.0000,0.0000,0.0000,2524.0000,0.0000,0.0000,0.0000,0.0000,121,0,0,0,0,86,0,0,0,0
zc,WS301,2012-06-15 09:05:09.010,2524.0000,454416,0,0.0000,4.0000,2,2,多换,B,2523.0000,0.0000,0.0000,0.0000,0.0000,2524.0000,0.0000,0.0000,0.0000,0.0000,122,0,0,0,0,84,0,0,0,0
zc,WS301,2012-06-15 09:05:09.793,2524.0000,454418,2,0.0000,6.0000,4,2,多开,B,2523.0000,0.0000,0.0000,0.0000,0.0000,2524.0000,0.0000,0.0000,0.0000,0.0000,152,0,0,0,0,82,0,0,0,0
zc,WS301,2012-06-15 09:05:10.277,2524.0000,454418,0,0.0000,2.0000,1,1,多换,B,2523.0000,0.0000,0.0000,0.0000,0.0000,2524.0000,0.0000,0.0000,0.0000,0.0000,155,0,0,0,0,81,0,0,0,0
zc,WS301,2012-06-15 09:05:11.510,2524.0000,454420,2,0.0000,2.0000,2,0,双开,B,2523.0000,0.0000,0.0000,0.0000,0.0000,2524.0000,0.0000,0.0000,0.0000,0.0000,155,0,0,0,0,80,0,0,0,0
zc,WS301,2012-06-15 09:05:12.293,2524.0000,454420,0,0.0000,0.0000,0,0,多换,B,2523.0000,0.0000,0.0000,0.0000,0.0000,2524.0000,0.0000,0.0000,0.0000,0.0000,157,0,0,0,0,80,0,0,0,0
zc,WS301,2012-06-15 09:05:12.807,2524.0000,454422,2,0.0000,2.0000,2,0,双开,B,2523.0000,0.0000,0.0000,0.0000,0.0000,2524.0000,0.0000,0.0000,0.0000,0.0000,137,0,0,0,0,81,0,0,0,0
zc,WS301,2012-06-15 09:05:13.323,2524.0000,454422,0,0.0000,0.0000,0,0,多换,B,2523.0000,0.0000,0.0000,0.0000,0.0000,2524.0000,0.0000,0.0000,0.0000,0.0000,138,0,0,0,0,101,0,0,0,0
zc,WS301,2012-06-15 09:05:13.997,2524.0000,454422,0,0.0000,0.0000,0,0,多换,B,2523.0000,0.0000,0.0000,0.0000,0.0000,2524.0000,0.0000,0.0000,0.0000,0.0000,139,0,0,0,0,101,0,0,0,0
zc,WS301,2012-06-15 09:05:14.527,2524.0000,454422,0,0.0000,0.0000,0,0,多换,B,2523.0000,0.0000,0.0000,0.0000,0.0000,2524.0000,0.0000,0.0000,0.0000,0.0000,139,0,0,0,0,102,0,0,0,0
zc,WS301,2012-06-15 09:05:15.260,2524.0000,454422,0,0.0000,0.0000,0,0,多换,B,2523.0000,0.0000,0.0000,0.0000,0.0000,2524.0000,0.0000,0.0000,0.0000,0.0000,138,0,0,0,0,106,0,0,0,0
zc,WS301,2012-06-15 09:05:15.840,2524.0000,454422,0,0.0000,0.0000,0,0,多换,B,2523.0000,0.0000,0.0000,0.0000,0.0000,2524.0000,0.0000,0.0000,0.0000,0.0000,138,0,0,0,0,107,0,0,0,0
zc,WS301,2012-06-15 09:05:16.497,2524.0000,454422,0,0.0000,0.0000,0,0,多换,B,2523.0000,0.0000,0.0000,0.0000,0.0000,2524.0000,0.0000,0.0000,0.0000,0.0000,136,0,0,0,0,107,0,0,0,0
zc,WS301,2012-06-15 09:05:16.777,2524.0000,454424,2,0.0000,2.0000,2,0,双开,B,2523.0000,0.0000,0.0000,0.0000,0.0000,2524.0000,0.0000,0.0000,0.0000,0.0000,136,0,0,0,0,110,0,0,0,0
zc,WS301,2012-06-15 09:05:17.510,2523.0000,454424,0,0.0000,2.0000,1,1,空换,S,2523.0000,0.0000,0.0000,0.0000,0.0000,2524.0000,0.0000,0.0000,0.0000,0.0000,135,0,0,0,0,110,0,0,0,0
zc,WS301,2012-06-15 09:05:18.043,2524.0000,454426,2,0.0000,2.0000,2,0,双开,B,2523.0000,0.0000,0.0000,0.0000,0.0000,2524.0000,0.0000,0.0000,0.0000,0.0000,136,0,0,0,0,109,0,0,0,0
zc,WS301,2012-06-15 09:05:18.870,2524.0000,454288,-138,0.0000,160.0000,11,149,空平,B,2523.0000,0.0000,0.0000,0.0000,0.0000,2524.0000,0.0000,0.0000,0.0000,0.0000,136,0,0,0,0,80,0,0,0,0
zc,WS301,2012-06-15 09:05:19.293,2523.0000,454284,-4,0.0000,6.0000,1,5,多平,S,2523.0000,0.0000,0.0000,0.0000,0.0000,2524.0000,0.0000,0.0000,0.0000,0.0000,155,0,0,0,0,81,0,0,0,0
zc,WS301,2012-06-15 09:05:19.793,2524.0000,454282,-2,0.0000,22.0000,10,12,空平,B,2523.0000,0.0000,0.0000,0.0000,0.0000,2524.0000,0.0000,0.0000,0.0000,0.0000,155,0,0,0,0,21,0,0,0,0
zc,WS301,2012-06-15 09:05:20.573,2524.0000,454282,0,0.0000,0.0000,0,0,多换,B,2523.0000,0.0000,0.0000,0.0000,0.0000,2524.0000,0.0000,0.0000,0.0000,0.0000,155,0,0,0,0,31,0,0,0,0
zc,WS301,2012-06-15 09:05:21.057,2524.0000,454270,-12,0.0000,54.0000,21,33,空平,B,2523.0000,0.0000,0.0000,0.0000,0.0000,2524.0000,0.0000,0.0000,0.0000,0.0000,139,0,0,0,0,5,0,0,0,0
zc,WS301,2012-06-15 09:05:21.760,2524.0000,454270,0,0.0000,2.0000,1,1,多换,B,2523.0000,0.0000,0.0000,0.0000,0.0000,2524.0000,0.0000,0.0000,0.0000,0.0000,139,0,0,0,0,16,0,0,0,0
zc,WS301,2012-06-15 09:05:22.793,2524.0000,454270,0,0.0000,0.0000,0,0,多换,B,2523.0000,0.0000,0.0000,0.0000,0.0000,2524.0000,0.0000,0.0000,0.0000,0.0000,137,0,0,0,0,46,0,0,0,0
zc,WS301,2012-06-15 09:05:23.307,2524.0000,454268,-2,0.0000,4.0000,1,3,空平,B,2523.0000,0.0000,0.0000,0.0000,0.0000,2524.0000,0.0000,0.0000,0.0000,0.0000,137,0,0,0,0,44,0,0,0,0
zc,WS301,2012-06-15 09:05:24.057,2524.0000,454264,-4,0.0000,8.0000,2,6,空平,B,2523.0000,0.0000,0.0000,0.0000,0.0000,2524.0000,0.0000,0.0000,0.0000,0.0000,135,0,0,0,0,40,0,0,0,0
zc,WS301,2012-06-15 09:05:24.557,2524.0000,454264,0,0.0000,0.0000,0,0,多换,B,2523.0000,0.0000,0.0000,0.0000,0.0000,2524.0000,0.0000,0.0000,0.0000,0.0000,139,0,0,0,0,40,0,0,0,0
zc,WS301,2012-06-15 09:05:25.277,2524.0000,454236,-28,0.0000,38.0000,5,33,空平,B,2523.0000,0.0000,0.0000,0.0000,0.0000,2524.0000,0.0000,0.0000,0.0000,0.0000,150,0,0,0,0,24,0,0,0,0
zc,WS301,2012-06-15 09:05:25.760,2524.0000,454236,0,0.0000,0.0000,0,0,多换,B,2523.0000,0.0000,0.0000,0.0000,0.0000,2524.0000,0.0000,0.0000,0.0000,0.0000,150,0,0,0,0,25,0,0,0,0
zc,WS301,2012-06-15 09:05:26.277,2524.0000,454232,-4,0.0000,4.0000,0,4,双平,B,2523.0000,0.0000,0.0000,0.0000,0.0000,2524.0000,0.0000,0.0000,0.0000,0.0000,153,0,0,0,0,23,0,0,0,0
zc,WS301,2012-06-15 09:05:27.043,2524.0000,454224,-8,0.0000,10.0000,1,9,空平,B,2523.0000,0.0000,0.0000,0.0000,0.0000,2524.0000,0.0000,0.0000,0.0000,0.0000,150,0,0,0,0,19,0,0,0,0
zc,WS301,2012-06-15 09:05:28.307,2524.0000,454196,-28,0.0000,38.0000,5,33,空平,B,2524.0000,0.0000,0.0000,0.0000,0.0000,2525.0000,0.0000,0.0000,0.0000,0.0000,101,0,0,0,0,158,0,0,0,0
zc,WS301,2012-06-15 09:05:28.543,2524.0000,454262,66,0.0000,68.0000,67,1,多开,B,2524.0000,0.0000,0.0000,0.0000,0.0000,2525.0000,0.0000,0.0000,0.0000,0.0000,70,0,0,0,0,177,0,0,0,0
zc,WS301,2012-06-15 09:05:29.307,2524.0000,454262,0,0.0000,0.0000,0,0,多换,B,2524.0000,0.0000,0.0000,0.0000,0.0000,2525.0000,0.0000,0.0000,0.0000,0.0000,72,0,0,0,0,179,0,0,0,0
zc,WS301,2012-06-15 09:05:30.277,2524.0000,454262,0,0.0000,0.0000,0,0,多换,B,2524.0000,0.0000,0.0000,0.0000,0.0000,2525.0000,0.0000,0.0000,0.0000,0.0000,92,0,0,0,0,179,0,0,0,0
zc,WS301,2012-06-15 09:05:31.010,2524.0000,454272,10,0.0000,10.0000,10,0,双开,B,2524.0000,0.0000,0.0000,0.0000,0.0000,2525.0000,0.0000,0.0000,0.0000,0.0000,86,0,0,0,0,181,0,0,0,0
zc,WS301,2012-06-15 09:05:31.527,2524.0000,454272,0,0.0000,0.0000,0,0,多换,B,2524.0000,0.0000,0.0000,0.0000,0.0000,2525.0000,0.0000,0.0000,0.0000,0.0000,89,0,0,0,0,181,0,0,0,0
zc,WS301,2012-06-15 09:05:32.323,2524.0000,454226,-46,0.0000,180.0000,67,113,空平,B,2523.0000,0.0000,0.0000,0.0000,0.0000,2524.0000,0.0000,0.0000,0.0000,0.0000,147,0,0,0,0,11,0,0,0,0
zc,WS301,2012-06-15 09:05:32.557,2524.0000,454226,0,0.0000,2.0000,1,1,多换,B,2523.0000,0.0000,0.0000,0.0000,0.0000,2524.0000,0.0000,0.0000,0.0000,0.0000,147,0,0,0,0,10,0,0,0,0
zc,WS301,2012-06-15 09:05:33.247,2524.0000,454224,-2,0.0000,2.0000,0,2,双平,B,2523.0000,0.0000,0.0000,0.0000,0.0000,2524.0000,0.0000,0.0000,0.0000,0.0000,147,0,0,0,0,9,0,0,0,0
zc,WS301,2012-06-15 09:05:33.777,2524.0000,454220,-4,0.0000,4.0000,0,4,双平,B,2523.0000,0.0000,0.0000,0.0000,0.0000,2524.0000,0.0000,0.0000,0.0000,0.0000,147,0,0,0,0,7,0,0,0,0
zc,WS301,2012-06-15 09:05:34.277,2524.0000,454220,0,0.0000,2.0000,1,1,多换,B,2523.0000,0.0000,0.0000,0.0000,0.0000,2524.0000,0.0000,0.0000,0.0000,0.0000,148,0,0,0,0,12,0,0,0,0
zc,WS301,2012-06-15 09:05:35.027,2524.0000,454220,0,0.0000,0.0000,0,0,多换,B,2523.0000,0.0000,0.0000,0.0000,0.0000,2524.0000,0.0000,0.0000,0.0000,0.0000,148,0,0,0,0,15,0,0,0,0
zc,WS301,2012-06-15 09:05:35.510,2524.0000,454238,18,0.0000,30.0000,24,6,多开,B,2524.0000,0.0000,0.0000,0.0000,0.0000,2525.0000,0.0000,0.0000,0.0000,0.0000,18,0,0,0,0,182,0,0,0,0
zc,WS301,2012-06-15 09:05:36.543,2524.0000,454240,2,0.0000,2.0000,2,0,双开,B,2524.0000,0.0000,0.0000,0.0000,0.0000,2525.0000,0.0000,0.0000,0.0000,0.0000,17,0,0,0,0,182,0,0,0,0
zc,WS301,2012-06-15 09:05:37.260,2524.0000,454240,0,0.0000,0.0000,0,0,多换,B,2524.0000,0.0000,0.0000,0.0000,0.0000,2525.0000,0.0000,0.0000,0.0000,0.0000,19,0,0,0,0,182,0,0,0,0
zc,WS301,2012-06-15 09:05:37.573,2524.0000,454128,-112,0.0000,160.0000,24,136,空平,B,2524.0000,0.0000,0.0000,0.0000,0.0000,2525.0000,0.0000,0.0000,0.0000,0.0000,7,0,0,0,0,182,0,0,0,0
zc,WS301,2012-06-15 09:05:38.277,2525.0000,454124,-4,0.0000,4.0000,0,4,双平,B,2524.0000,0.0000,0.0000,0.0000,0.0000,2525.0000,0.0000,0.0000,0.0000,0.0000,7,0,0,0,0,180,0,0,0,0
zc,WS301,2012-06-15 09:05:39.043,2525.0000,454124,0,0.0000,0.0000,0,0,多换,B,2524.0000,0.0000,0.0000,0.0000,0.0000,2525.0000,0.0000,0.0000,0.0000,0.0000,4,0,0,0,0,181,0,0,0,0
zc,WS301,2012-06-15 09:05:39.260,2525.0000,454124,0,0.0000,0.0000,0,0,多换,B,2524.0000,0.0000,0.0000,0.0000,0.0000,2525.0000,0.0000,0.0000,0.0000,0.0000,6,0,0,0,0,182,0,0,0,0
zc,WS301,2012-06-15 09:05:40.260,2524.0000,454126,2,0.0000,4.0000,3,1,空开,S,2524.0000,0.0000,0.0000,0.0000,0.0000,2525.0000,0.0000,0.0000,0.0000,0.0000,4,0,0,0,0,182,0,0,0,0
zc,WS301,2012-06-15 09:05:40.557,2524.0000,454128,2,0.0000,4.0000,3,1,空开,S,2524.0000,0.0000,0.0000,0.0000,0.0000,2525.0000,0.0000,0.0000,0.0000,0.0000,2,0,0,0,0,182,0,0,0,0
zc,WS301,2012-06-15 09:05:41.340,2524.0000,454128,0,0.0000,0.0000,0,0,空换,S,2524.0000,0.0000,0.0000,0.0000,0.0000,2525.0000,0.0000,0.0000,0.0000,0.0000,2,0,0,0,0,184,0,0,0,0
zc,WS301,2012-06-15 09:05:41.777,2524.0000,454128,0,0.0000,4.0000,2,2,空换,S,2523.0000,0.0000,0.0000,0.0000,0.0000,2524.0000,0.0000,0.0000,0.0000,0.0000,159,0,0,0,0,13,0,0,0,0
zc,WS301,2012-06-15 09:05:42.260,2524.0000,454102,-26,0.0000,26.0000,0,26,双平,S,2524.0000,0.0000,0.0000,0.0000,0.0000,2525.0000,0.0000,0.0000,0.0000,0.0000,42,0,0,0,0,182,0,0,0,0
zc,WS301,2012-06-15 09:05:42.747,2524.0000,454102,0,0.0000,0.0000,0,0,空换,S,2524.0000,0.0000,0.0000,0.0000,0.0000,2525.0000,0.0000,0.0000,0.0000,0.0000,72,0,0,0,0,182,0,0,0,0
zc,WS301,2012-06-15 09:05:43.497,2524.0000,454098,-4,0.0000,4.0000,0,4,双平,S,2524.0000,0.0000,0.0000,0.0000,0.0000,2525.0000,0.0000,0.0000,0.0000,0.0000,70,0,0,0,0,182,0,0,0,0
zc,WS301,2012-06-15 09:05:44.323,2524.0000,454098,0,0.0000,28.0000,14,14,空换,S,2524.0000,0.0000,0.0000,0.0000,0.0000,2525.0000,0.0000,0.0000,0.0000,0.0000,56,0,0,0,0,182,0,0,0,0
zc,WS301,2012-06-15 09:05:44.793,2524.0000,454098,0,0.0000,0.0000,0,0,空换,S,2524.0000,0.0000,0.0000,0.0000,0.0000,2525.0000,0.0000,0.0000,0.0000,0.0000,56,0,0,0,0,183,0,0,0,0
zc,WS301,2012-06-15 09:05:46.997,2525.0000,454098,0,0.0000,4.0000,2,2,多换,B,2524.0000,0.0000,0.0000,0.0000,0.0000,2525.0000,0.0000,0.0000,0.0000,0.0000,78,0,0,0,0,182,0,0,0,0
zc,WS301,2012-06-15 09:05:47.760,2525.0000,454098,0,0.0000,2.0000,1,1,多换,B,2524.0000,0.0000,0.0000,0.0000,0.0000,2525.0000,0.0000,0.0000,0.0000,0.0000,78,0,0,0,0,182,0,0,0,0
zc,WS301,2012-06-15 09:05:48.293,2525.0000,454098,0,0.0000,12.0000,6,6,多换,B,2524.0000,0.0000,0.0000,0.0000,0.0000,2525.0000,0.0000,0.0000,0.0000,0.0000,89,0,0,0,0,184,0,0,0,0
zc,WS301,2012-06-15 09:05:48.760,2524.0000,454082,-16,0.0000,16.0000,0,16,双平,S,2524.0000,0.0000,0.0000,0.0000,0.0000,2525.0000,0.0000,0.0000,0.0000,0.0000,89,0,0,0,0,179,0,0,0,0
zc,WS301,2012-06-15 09:05:49.510,2525.0000,454068,-14,0.0000,14.0000,0,14,双平,B,2524.0000,0.0000,0.0000,0.0000,0.0000,2525.0000,0.0000,0.0000,0.0000,0.0000,89,0,0,0,0,172,0,0,0,0
zc,WS301,2012-06-15 09:05:50.497,2525.0000,454068,0,0.0000,0.0000,0,0,多换,B,2524.0000,0.0000,0.0000,0.0000,0.0000,2525.0000,0.0000,0.0000,0.0000,0.0000,90,0,0,0,0,172,0,0,0,0
zc,WS301,2012-06-15 09:05:51.010,2525.0000,454068,0,0.0000,0.0000,0,0,多换,B,2524.0000,0.0000,0.0000,0.0000,0.0000,2525.0000,0.0000,0.0000,0.0000,0.0000,91,0,0,0,0,172,0,0,0,0
zc,WS301,2012-06-15 09:05:51.747,2525.0000,454068,0,0.0000,0.0000,0,0,多换,B,2524.0000,0.0000,0.0000,0.0000,0.0000,2525.0000,0.0000,0.0000,0.0000,0.0000,91,0,0,0,0,173,0,0,0,0
