市场代码,合约代码,时间,最新,持仓,增仓,成交额,成交量,开仓,平仓,成交类型,方向,买一价,买二价,买三价,买四价,买五价,卖一价,卖二价,卖三价,卖四价,卖五价,买一量,买二量,买三量,买四量,买五量,卖一量,卖二量,卖三量,卖四量,卖五量
zc,TA301,2012-06-19 07:59:10.980,0.0000,161618,0,0.0000,0.0000,0,0,空换,S,0.0000,0.0000,0.0000,0.0000,0.0000,0.0000,0.0000,0.0000,0.0000,0.0000,0,0,0,0,0,0,0,0,0,0
zc,TA301,2012-06-19 08:03:10.997,0.0000,161618,0,0.0000,0.0000,0,0,空换,S,0.0000,0.0000,0.0000,0.0000,0.0000,0.0000,0.0000,0.0000,0.0000,0.0000,0,0,0,0,0,0,0,0,0,0
zc,TA301,2012-06-19 08:11:10.997,0.0000,161618,0,0.0000,0.0000,0,0,空换,S,0.0000,0.0000,0.0000,0.0000,0.0000,0.0000,0.0000,0.0000,0.0000,0.0000,0,0,0,0,0,0,0,0,0,0
zc,TA301,2012-06-19 08:25:10.980,0.0000,161618,0,0.0000,0.0000,0,0,空换,S,0.0000,0.0000,0.0000,0.0000,0.0000,0.0000,0.0000,0.0000,0.0000,0.0000,0,0,0,0,0,0,0,0,0,0
zc,TA301,2012-06-19 08:26:10.980,0.0000,161618,0,0.0000,0.0000,0,0,空换,S,0.0000,0.0000,0.0000,0.0000,0.0000,0.0000,0.0000,0.0000,0.0000,0.0000,0,0,0,0,0,0,0,0,0,0
zc,TA301,2012-06-19 08:31:10.963,0.0000,161618,0,0.0000,0.0000,0,0,空换,S,0.0000,0.0000,0.0000,0.0000,0.0000,0.0000,0.0000,0.0000,0.0000,0.0000,0,0,0,0,0,0,0,0,0,0
zc,TA301,2012-06-19 08:36:10.963,0.0000,161618,0,0.0000,0.0000,0,0,空换,S,0.0000,0.0000,0.0000,0.0000,0.0000,0.0000,0.0000,0.0000,0.0000,0.0000,0,0,0,0,0,0,0,0,0,0
zc,TA301,2012-06-19 08:38:10.963,0.0000,161618,0,0.0000,0.0000,0,0,空换,S,0.0000,0.0000,0.0000,0.0000,0.0000,0.0000,0.0000,0.0000,0.0000,0.0000,0,0,0,0,0,0,0,0,0,0
zc,TA301,2012-06-19 08:41:10.963,0.0000,161618,0,0.0000,0.0000,0,0,空换,S,0.0000,0.0000,0.0000,0.0000,0.0000,0.0000,0.0000,0.0000,0.0000,0.0000,0,0,0,0,0,0,0,0,0,0
zc,TA301,2012-06-19 08:43:10.963,0.0000,161618,0,0.0000,0.0000,0,0,空换,S,0.0000,0.0000,0.0000,0.0000,0.0000,0.0000,0.0000,0.0000,0.0000,0.0000,0,0,0,0,0,0,0,0,0,0
zc,TA301,2012-06-19 08:46:10.963,0.0000,161618,0,0.0000,0.0000,0,0,空换,S,0.0000,0.0000,0.0000,0.0000,0.0000,0.0000,0.0000,0.0000,0.0000,0.0000,0,0,0,0,0,0,0,0,0,0
zc,TA301,2012-06-19 08:51:10.947,0.0000,161618,0,0.0000,0.0000,0,0,空换,S,0.0000,0.0000,0.0000,0.0000,0.0000,0.0000,0.0000,0.0000,0.0000,0.0000,0,0,0,0,0,0,0,0,0,0
zc,TA301,2012-06-19 08:55:00.713,0.0000,161618,0,0.0000,0.0000,0,0,空换,S,0.0000,0.0000,0.0000,0.0000,0.0000,0.0000,0.0000,0.0000,0.0000,0.0000,0,0,0,0,0,0,0,0,0,0
zc,TA301,2012-06-19 08:55:01.480,0.0000,161618,0,0.0000,0.0000,0,0,空换,S,0.0000,0.0000,0.0000,0.0000,0.0000,0.0000,0.0000,0.0000,0.0000,0.0000,0,0,0,0,0,0,0,0,0,0
zc,TA301,2012-06-19 08:55:02.183,0.0000,161618,0,0.0000,0.0000,0,0,空换,S,0.0000,0.0000,0.0000,0.0000,0.0000,0.0000,0.0000,0.0000,0.0000,0.0000,0,0,0,0,0,0,0,0,0,0
zc,TA301,2012-06-19 08:55:02.713,0.0000,161618,0,0.0000,0.0000,0,0,空换,S,0.0000,0.0000,0.0000,0.0000,0.0000,0.0000,0.0000,0.0000,0.0000,0.0000,0,0,0,0,0,0,0,0,0,0
zc,TA301,2012-06-19 08:58:04.683,0.0000,161618,0,0.0000,0.0000,0,0,空换,S,0.0000,0.0000,0.0000,0.0000,0.0000,0.0000,0.0000,0.0000,0.0000,0.0000,0,0,0,0,0,0,0,0,0,0
zc,TA301,2012-06-19 08:58:16.947,0.0000,161618,0,0.0000,0.0000,0,0,空换,S,0.0000,0.0000,0.0000,0.0000,0.0000,0.0000,0.0000,0.0000,0.0000,0.0000,0,0,0,0,0,0,0,0,0,0
zc,TA301,2012-06-19 08:58:22.433,0.0000,161618,0,0.0000,0.0000,0,0,空换,S,0.0000,0.0000,0.0000,0.0000,0.0000,0.0000,0.0000,0.0000,0.0000,0.0000,0,0,0,0,0,0,0,0,0,0
zc,TA301,2012-06-19 08:58:25.683,0.0000,161618,0,0.0000,0.0000,0,0,空换,S,0.0000,0.0000,0.0000,0.0000,0.0000,0.0000,0.0000,0.0000,0.0000,0.0000,0,0,0,0,0,0,0,0,0,0
zc,TA301,2012-06-19 08:58:28.933,0.0000,161618,0,0.0000,0.0000,0,0,空换,S,0.0000,0.0000,0.0000,0.0000,0.0000,0.0000,0.0000,0.0000,0.0000,0.0000,0,0,0,0,0,0,0,0,0,0
zc,TA301,2012-06-19 08:58:30.697,0.0000,161618,0,0.0000,0.0000,0,0,空换,S,0.0000,0.0000,0.0000,0.0000,0.0000,0.0000,0.0000,0.0000,0.0000,0.0000,0,0,0,0,0,0,0,0,0,0
zc,TA301,2012-06-19 08:58:31.683,0.0000,161618,0,0.0000,0.0000,0,0,空换,S,0.0000,0.0000,0.0000,0.0000,0.0000,0.0000,0.0000,0.0000,0.0000,0.0000,0,0,0,0,0,0,0,0,0,0
zc,TA301,2012-06-19 08:58:44.183,0.0000,161618,0,0.0000,0.0000,0,0,空换,S,0.0000,0.0000,0.0000,0.0000,0.0000,0.0000,0.0000,0.0000,0.0000,0.0000,0,0,0,0,0,0,0,0,0,0
zc,TA301,2012-06-19 08:58:49.447,0.0000,161618,0,0.0000,0.0000,0,0,空换,S,0.0000,0.0000,0.0000,0.0000,0.0000,0.0000,0.0000,0.0000,0.0000,0.0000,0,0,0,0,0,0,0,0,0,0
zc,TA301,2012-06-19 08:58:50.697,0.0000,161618,0,0.0000,0.0000,0,0,空换,S,0.0000,0.0000,0.0000,0.0000,0.0000,0.0000,0.0000,0.0000,0.0000,0.0000,0,0,0,0,0,0,0,0,0,0
zc,TA301,2012-06-19 08:59:00.137,7268.0000,161414,-204,0.0000,454.0000,125,329,空平,B,7268.0000,0.0000,0.0000,0.0000,0.0000,7270.0000,0.0000,0.0000,0.0000,0.0000,3,0,0,0,0,20,0,0,0,0
zc,TA301,2012-06-19 08:59:59.980,7268.0000,161414,0,0.0000,0.0000,0,0,多换,B,7268.0000,0.0000,0.0000,0.0000,0.0000,7270.0000,0.0000,0.0000,0.0000,0.0000,3,0,0,0,0,32,0,0,0,0
zc,TA301,2012-06-19 09:00:00.603,7268.0000,161420,6,0.0000,8.0000,7,1,多开,B,7266.0000,0.0000,0.0000,0.0000,0.0000,7268.0000,0.0000,0.0000,0.0000,0.0000,2,0,0,0,0,6,0,0,0,0
zc,TA301,2012-06-19 09:00:02.120,7270.0000,161374,-46,0.0000,462.0000,208,254,空平,B,7268.0000,0.0000,0.0000,0.0000,0.0000,7270.0000,0.0000,0.0000,0.0000,0.0000,145,0,0,0,0,26,0,0,0,0
zc,TA301,2012-06-19 09:00:03.087,7268.0000,161370,-4,0.0000,262.0000,129,133,多平,S,7268.0000,0.0000,0.0000,0.0000,0.0000,7270.0000,0.0000,0.0000,0.0000,0.0000,39,0,0,0,0,5,0,0,0,0
zc,TA301,2012-06-19 09:00:03.837,7270.0000,161398,28,0.0000,56.0000,42,14,多开,B,7270.0000,0.0000,0.0000,0.0000,0.0000,7272.0000,0.0000,0.0000,0.0000,0.0000,3,0,0,0,0,1,0,0,0,0
zc,TA301,2012-06-19 09:00:04.387,7268.0000,161466,68,0.0000,82.0000,75,7,空开,S,7268.0000,0.0000,0.0000,0.0000,0.0000,7270.0000,0.0000,0.0000,0.0000,0.0000,103,0,0,0,0,12,0,0,0,0
zc,TA301,2012-06-19 09:00:04.807,7268.0000,161534,68,0.0000,106.0000,87,19,空开,S,7268.0000,0.0000,0.0000,0.0000,0.0000,7272.0000,0.0000,0.0000,0.0000,0.0000,158,0,0,0,0,4,0,0,0,0
zc,TA301,2012-06-19 09:00:05.603,7268.0000,161544,10,0.0000,16.0000,13,3,空开,S,7268.0000,0.0000,0.0000,0.0000,0.0000,7272.0000,0.0000,0.0000,0.0000,0.0000,253,0,0,0,0,2,0,0,0,0
zc,TA301,2012-06-19 09:00:06.087,7268.0000,161700,156,0.0000,180.0000,168,12,空开,S,7268.0000,0.0000,0.0000,0.0000,0.0000,7274.0000,0.0000,0.0000,0.0000,0.0000,174,0,0,0,0,8,0,0,0,0
zc,TA301,2012-06-19 09:00:06.853,7270.0000,161732,32,0.0000,36.0000,34,2,多开,B,7270.0000,0.0000,0.0000,0.0000,0.0000,7272.0000,0.0000,0.0000,0.0000,0.0000,8,0,0,0,0,3,0,0,0,0
zc,TA301,2012-06-19 09:00:07.353,7270.0000,161742,10,0.0000,50.0000,30,20,多开,B,7268.0000,0.0000,0.0000,0.0000,0.0000,7270.0000,0.0000,0.0000,0.0000,0.0000,149,0,0,0,0,7,0,0,0,0
zc,TA301,2012-06-19 09:00:08.043,7268.0000,161842,100,0.0000,136.0000,118,18,空开,S,7268.0000,0.0000,0.0000,0.0000,0.0000,7270.0000,0.0000,0.0000,0.0000,0.0000,91,0,0,0,0,5,0,0,0,0
zc,TA301,2012-06-19 09:00:08.307,7270.0000,161858,16,0.0000,44.0000,30,14,多开,B,7268.0000,0.0000,0.0000,0.0000,0.0000,7270.0000,0.0000,0.0000,0.0000,0.0000,91,0,0,0,0,1,0,0,0,0
zc,TA301,2012-06-19 09:00:09.057,7272.0000,161884,26,0.0000,64.0000,45,19,多开,B,7268.0000,0.0000,0.0000,0.0000,0.0000,7272.0000,0.0000,0.0000,0.0000,0.0000,71,0,0,0,0,9,0,0,0,0
zc,TA301,2012-06-19 09:00:09.557,7270.0000,161928,44,0.0000,58.0000,51,7,空开,S,7268.0000,0.0000,0.0000,0.0000,0.0000,7270.0000,0.0000,0.0000,0.0000,0.0000,59,0,0,0,0,6,0,0,0,0
zc,TA301,2012-06-19 09:00:10.557,7270.0000,161926,-2,0.0000,66.0000,32,34,多平,S,7268.0000,0.0000,0.0000,0.0000,0.0000,7270.0000,0.0000,0.0000,0.0000,0.0000,54,0,0,0,0,25,0,0,0,0
zc,TA301,2012-06-19 09:00:11.183,7270.0000,162010,84,0.0000,86.0000,85,1,空开,S,7268.0000,0.0000,0.0000,0.0000,0.0000,7270.0000,0.0000,0.0000,0.0000,0.0000,13,0,0,0,0,2,0,0,0,0
zc,TA301,2012-06-19 09:00:12.073,7268.0000,161994,-16,0.0000,28.0000,6,22,多平,S,7266.0000,0.0000,0.0000,0.0000,0.0000,7268.0000,0.0000,0.0000,0.0000,0.0000,5,0,0,0,0,94,0,0,0,0
zc,TA301,2012-06-19 09:00:12.603,7268.0000,161826,-168,0.0000,226.0000,29,197,多平,S,7264.0000,0.0000,0.0000,0.0000,0.0000,7270.0000,0.0000,0.0000,0.0000,0.0000,4,0,0,0,0,3,0,0,0,0
zc,TA301,2012-06-19 09:00:13.370,7268.0000,161826,0,0.0000,2.0000,1,1,空换,S,7268.0000,0.0000,0.0000,0.0000,0.0000,7270.0000,0.0000,0.0000,0.0000,0.0000,2,0,0,0,0,3,0,0,0,0
zc,TA301,2012-06-19 09:00:13.557,7268.0000,161826,0,0.0000,6.0000,3,3,空换,S,7268.0000,0.0000,0.0000,0.0000,0.0000,7270.0000,0.0000,0.0000,0.0000,0.0000,2,0,0,0,0,2,0,0,0,0
zc,TA301,2012-06-19 09:00:14.337,7268.0000,161828,2,0.0000,16.0000,9,7,空开,S,7266.0000,0.0000,0.0000,0.0000,0.0000,7268.0000,0.0000,0.0000,0.0000,0.0000,5,0,0,0,0,5,0,0,0,0
zc,TA301,2012-06-19 09:00:14.807,7270.0000,161814,-14,0.0000,16.0000,1,15,空平,B,7268.0000,0.0000,0.0000,0.0000,0.0000,7270.0000,0.0000,0.0000,0.0000,0.0000,23,0,0,0,0,2,0,0,0,0
zc,TA301,2012-06-19 09:00:15.620,7270.0000,161812,-2,0.0000,8.0000,3,5,空平,B,7270.0000,0.0000,0.0000,0.0000,0.0000,7272.0000,0.0000,0.0000,0.0000,0.0000,2,0,0,0,0,1,0,0,0,0
zc,TA301,2012-06-19 09:00:16.103,7272.0000,161804,-8,0.0000,16.0000,4,12,空平,B,7272.0000,0.0000,0.0000,0.0000,0.0000,7274.0000,0.0000,0.0000,0.0000,0.0000,15,0,0,0,0,3,0,0,0,0
zc,TA301,2012-06-19 09:00:17.073,7276.0000,161792,-12,0.0000,20.0000,4,16,空平,B,7274.0000,0.0000,0.0000,0.0000,0.0000,7276.0000,0.0000,0.0000,0.0000,0.0000,13,0,0,0,0,7,0,0,0,0
zc,TA301,2012-06-19 09:00:17.557,7276.0000,161792,0,0.0000,18.0000,9,9,多换,B,7276.0000,0.0000,0.0000,0.0000,0.0000,7278.0000,0.0000,0.0000,0.0000,0.0000,21,0,0,0,0,7,0,0,0,0
zc,TA301,2012-06-19 09:00:18.307,7278.0000,161794,2,0.0000,10.0000,6,4,多开,B,7276.0000,0.0000,0.0000,0.0000,0.0000,7278.0000,0.0000,0.0000,0.0000,0.0000,39,0,0,0,0,2,0,0,0,0
zc,TA301,2012-06-19 09:00:19.087,7276.0000,161794,0,0.0000,6.0000,3,3,空换,S,7276.0000,0.0000,0.0000,0.0000,0.0000,7278.0000,0.0000,0.0000,0.0000,0.0000,39,0,0,0,0,9,0,0,0,0
zc,TA301,2012-06-19 09:00:20.073,7280.0000,161778,-16,0.0000,24.0000,4,20,空平,B,7278.0000,0.0000,0.0000,0.0000,0.0000,7280.0000,0.0000,0.0000,0.0000,0.0000,11,0,0,0,0,25,0,0,0,0
zc,TA301,2012-06-19 09:00:20.527,7280.0000,161778,0,0.0000,0.0000,0,0,多换,B,7278.0000,0.0000,0.0000,0.0000,0.0000,7280.0000,0.0000,0.0000,0.0000,0.0000,12,0,0,0,0,34,0,0,0,0
zc,TA301,2012-06-19 09:00:21.337,7280.0000,161780,2,0.0000,2.0000,2,0,双开,B,7278.0000,0.0000,0.0000,0.0000,0.0000,7280.0000,0.0000,0.0000,0.0000,0.0000,31,0,0,0,0,31,0,0,0,0
zc,TA301,2012-06-19 09:00:22.057,7282.0000,161744,-36,0.0000,116.0000,40,76,空平,B,7280.0000,0.0000,0.0000,0.0000,0.0000,7282.0000,0.0000,0.0000,0.0000,0.0000,38,0,0,0,0,1,0,0,0,0
zc,TA301,2012-06-19 09:00:22.557,7280.0000,161740,-4,0.0000,24.0000,10,14,多平,S,7280.0000,0.0000,0.0000,0.0000,0.0000,7282.0000,0.0000,0.0000,0.0000,0.0000,29,0,0,0,0,15,0,0,0,0
zc,TA301,2012-06-19 09:00:23.307,7280.0000,161740,0,0.0000,2.0000,1,1,空换,S,7282.0000,0.0000,0.0000,0.0000,0.0000,7284.0000,0.0000,0.0000,0.0000,0.0000,1,0,0,0,0,1,0,0,0,0
zc,TA301,2012-06-19 09:00:24.043,7284.0000,161736,-4,0.0000,4.0000,0,4,双平,B,7282.0000,0.0000,0.0000,0.0000,0.0000,7286.0000,0.0000,0.0000,0.0000,0.0000,9,0,0,0,0,1,0,0,0,0
zc,TA301,2012-06-19 09:00:24.573,7282.0000,161736,0,0.0000,8.0000,4,4,空换,S,7282.0000,0.0000,0.0000,0.0000,0.0000,7286.0000,0.0000,0.0000,0.0000,0.0000,6,0,0,0,0,16,0,0,0,0
zc,TA301,2012-06-19 09:00:25.387,7282.0000,161744,8,0.0000,44.0000,26,18,空开,S,7280.0000,0.0000,0.0000,0.0000,0.0000,7282.0000,0.0000,0.0000,0.0000,0.0000,39,0,0,0,0,2,0,0,0,0
zc,TA301,2012-06-19 09:00:25.807,7280.0000,161750,6,0.0000,46.0000,26,20,空开,S,7280.0000,0.0000,0.0000,0.0000,0.0000,7282.0000,0.0000,0.0000,0.0000,0.0000,2,0,0,0,0,3,0,0,0,0
zc,TA301,2012-06-19 09:00:26.543,7282.0000,161756,6,0.0000,6.0000,6,0,双开,B,7282.0000,0.0000,0.0000,0.0000,0.0000,7284.0000,0.0000,0.0000,0.0000,0.0000,7,0,0,0,0,1,0,0,0,0
zc,TA301,2012-06-19 09:00:27.027,7284.0000,161750,-6,0.0000,28.0000,11,17,空平,B,7278.0000,0.0000,0.0000,0.0000,0.0000,7284.0000,0.0000,0.0000,0.0000,0.0000,2,0,0,0,0,2,0,0,0,0
zc,TA301,2012-06-19 09:00:27.793,7282.0000,161738,-12,0.0000,12.0000,0,12,双平,S,7278.0000,0.0000,0.0000,0.0000,0.0000,7284.0000,0.0000,0.0000,0.0000,0.0000,2,0,0,0,0,2,0,0,0,0
zc,TA301,2012-06-19 09:00:28.307,7282.0000,161760,22,0.0000,26.0000,24,2,空开,S,7278.0000,0.0000,0.0000,0.0000,0.0000,7282.0000,0.0000,0.0000,0.0000,0.0000,1,0,0,0,0,6,0,0,0,0
zc,TA301,2012-06-19 09:00:29.293,7278.0000,161760,0,0.0000,2.0000,1,1,空换,S,7276.0000,0.0000,0.0000,0.0000,0.0000,7280.0000,0.0000,0.0000,0.0000,0.0000,12,0,0,0,0,12,0,0,0,0
zc,TA301,2012-06-19 09:00:30.073,7280.0000,161782,22,0.0000,28.0000,25,3,多开,B,7278.0000,0.0000,0.0000,0.0000,0.0000,7280.0000,0.0000,0.0000,0.0000,0.0000,1,0,0,0,0,1,0,0,0,0
zc,TA301,2012-06-19 09:00:30.807,7280.0000,161782,0,0.0000,6.0000,3,3,多换,B,7278.0000,0.0000,0.0000,0.0000,0.0000,7282.0000,0.0000,0.0000,0.0000,0.0000,9,0,0,0,0,11,0,0,0,0
zc,TA301,2012-06-19 09:00:31.587,7278.0000,161758,-24,0.0000,32.0000,4,28,多平,S,7278.0000,0.0000,0.0000,0.0000,0.0000,7280.0000,0.0000,0.0000,0.0000,0.0000,5,0,0,0,0,1,0,0,0,0
zc,TA301,2012-06-19 09:00:32.073,7278.0000,161756,-2,0.0000,34.0000,16,18,多平,S,7276.0000,0.0000,0.0000,0.0000,0.0000,7278.0000,0.0000,0.0000,0.0000,0.0000,14,0,0,0,0,17,0,0,0,0
zc,TA301,2012-06-19 09:00:32.587,7278.0000,161776,20,0.0000,34.0000,27,7,空开,S,7280.0000,0.0000,0.0000,0.0000,0.0000,7282.0000,0.0000,0.0000,0.0000,0.0000,3,0,0,0,0,6,0,0,0,0
zc,TA301,2012-06-19 09:00:33.057,7278.0000,161766,-10,0.0000,12.0000,1,11,多平,S,7278.0000,0.0000,0.0000,0.0000,0.0000,7282.0000,0.0000,0.0000,0.0000,0.0000,5,0,0,0,0,6,0,0,0,0
zc,TA301,2012-06-19 09:00:33.777,7278.0000,161766,0,0.0000,2.0000,1,1,空换,S,7278.0000,0.0000,0.0000,0.0000,0.0000,7282.0000,0.0000,0.0000,0.0000,0.0000,8,0,0,0,0,6,0,0,0,0
zc,TA301,2012-06-19 09:00:34.573,7282.0000,161776,10,0.0000,46.0000,28,18,多开,B,7282.0000,0.0000,0.0000,0.0000,0.0000,7284.0000,0.0000,0.0000,0.0000,0.0000,30,0,0,0,0,5,0,0,0,0
zc,TA301,2012-06-19 09:00:35.073,7282.0000,161776,0,0.0000,2.0000,1,1,多换,B,7282.0000,0.0000,0.0000,0.0000,0.0000,7284.0000,0.0000,0.0000,0.0000,0.0000,35,0,0,0,0,5,0,0,0,0
zc,TA301,2012-06-19 09:00:35.760,7282.0000,161776,0,0.0000,2.0000,1,1,多换,B,7282.0000,0.0000,0.0000,0.0000,0.0000,7284.0000,0.0000,0.0000,0.0000,0.0000,34,0,0,0,0,5,0,0,0,0
zc,TA301,2012-06-19 09:00:36.293,7282.0000,161792,16,0.0000,60.0000,38,22,多开,B,7282.0000,0.0000,0.0000,0.0000,0.0000,7286.0000,0.0000,0.0000,0.0000,0.0000,4,0,0,0,0,11,0,0,0,0
zc,TA301,2012-06-19 09:00:37.087,7282.0000,161790,-2,0.0000,4.0000,1,3,空平,B,7282.0000,0.0000,0.0000,0.0000,0.0000,7284.0000,0.0000,0.0000,0.0000,0.0000,2,0,0,0,0,6,0,0,0,0
zc,TA301,2012-06-19 09:00:37.603,7282.0000,161794,4,0.0000,6.0000,5,1,多开,B,7278.0000,0.0000,0.0000,0.0000,0.0000,7280.0000,0.0000,0.0000,0.0000,0.0000,6,0,0,0,0,11,0,0,0,0
zc,TA301,2012-06-19 09:00:38.307,7280.0000,161800,6,0.0000,6.0000,6,0,双开,S,7278.0000,0.0000,0.0000,0.0000,0.0000,7280.0000,0.0000,0.0000,0.0000,0.0000,5,0,0,0,0,16,0,0,0,0
zc,TA301,2012-06-19 09:00:38.793,7278.0000,161800,0,0.0000,2.0000,1,1,空换,S,7278.0000,0.0000,0.0000,0.0000,0.0000,7280.0000,0.0000,0.0000,0.0000,0.0000,4,0,0,0,0,16,0,0,0,0
zc,TA301,2012-06-19 09:00:39.573,7278.0000,161810,10,0.0000,10.0000,10,0,双开,S,7276.0000,0.0000,0.0000,0.0000,0.0000,7278.0000,0.0000,0.0000,0.0000,0.0000,9,0,0,0,0,38,0,0,0,0
zc,TA301,2012-06-19 09:00:40.087,7276.0000,161822,12,0.0000,26.0000,19,7,空开,S,7276.0000,0.0000,0.0000,0.0000,0.0000,7278.0000,0.0000,0.0000,0.0000,0.0000,6,0,0,0,0,28,0,0,0,0
zc,TA301,2012-06-19 09:00:40.807,7278.0000,161822,0,0.0000,4.0000,2,2,多换,B,7276.0000,0.0000,0.0000,0.0000,0.0000,7278.0000,0.0000,0.0000,0.0000,0.0000,8,0,0,0,0,36,0,0,0,0
zc,TA301,2012-06-19 09:00:41.277,7278.0000,161822,0,0.0000,20.0000,10,10,多换,B,7276.0000,0.0000,0.0000,0.0000,0.0000,7278.0000,0.0000,0.0000,0.0000,0.0000,10,0,0,0,0,26,0,0,0,0
zc,TA301,2012-06-19 09:00:42.057,7278.0000,161822,0,0.0000,0.0000,0,0,多换,B,7276.0000,0.0000,0.0000,0.0000,0.0000,7278.0000,0.0000,0.0000,0.0000,0.0000,9,0,0,0,0,26,0,0,0,0
zc,TA301,2012-06-19 09:00:42.573,7278.0000,161822,0,0.0000,2.0000,1,1,多换,B,7276.0000,0.0000,0.0000,0.0000,0.0000,7278.0000,0.0000,0.0000,0.0000,0.0000,7,0,0,0,0,25,0,0,0,0
zc,TA301,2012-06-19 09:00:43.307,7276.0000,161818,-4,0.0000,4.0000,0,4,双平,S,7276.0000,0.0000,0.0000,0.0000,0.0000,7278.0000,0.0000,0.0000,0.0000,0.0000,5,0,0,0,0,25,0,0,0,0
zc,TA301,2012-06-19 09:00:43.807,7278.0000,161818,0,0.0000,2.0000,1,1,多换,B,7276.0000,0.0000,0.0000,0.0000,0.0000,7278.0000,0.0000,0.0000,0.0000,0.0000,6,0,0,0,0,26,0,0,0,0
zc,TA301,2012-06-19 09:00:44.603,7276.0000,161804,-14,0.0000,14.0000,0,14,双平,S,7276.0000,0.0000,0.0000,0.0000,0.0000,7278.0000,0.0000,0.0000,0.0000,0.0000,5,0,0,0,0,26,0,0,0,0
zc,TA301,2012-06-19 09:00:45.087,7276.0000,161810,6,0.0000,14.0000,10,4,空开,S,7274.0000,0.0000,0.0000,0.0000,0.0000,7276.0000,0.0000,0.0000,0.0000,0.0000,8,0,0,0,0,1,0,0,0,0
zc,TA301,2012-06-19 09:00:45.557,7278.0000,161800,-10,0.0000,12.0000,1,11,空平,B,7276.0000,0.0000,0.0000,0.0000,0.0000,7278.0000,0.0000,0.0000,0.0000,0.0000,3,0,0,0,0,32,0,0,0,0
zc,TA301,2012-06-19 09:00:46.337,7276.0000,161794,-6,0.0000,8.0000,1,7,多平,S,7274.0000,0.0000,0.0000,0.0000,0.0000,7276.0000,0.0000,0.0000,0.0000,0.0000,10,0,0,0,0,18,0,0,0,0
zc,TA301,2012-06-19 09:00:47.073,7276.0000,161794,0,0.0000,0.0000,0,0,空换,S,7274.0000,0.0000,0.0000,0.0000,0.0000,7276.0000,0.0000,0.0000,0.0000,0.0000,10,0,0,0,0,20,0,0,0,0
zc,TA301,2012-06-19 09:00:47.543,7274.0000,161808,14,0.0000,34.0000,24,10,空开,S,7274.0000,0.0000,0.0000,0.0000,0.0000,7276.0000,0.0000,0.0000,0.0000,0.0000,11,0,0,0,0,20,0,0,0,0
zc,TA301,2012-06-19 09:00:48.293,7276.0000,161834,26,0.0000,40.0000,33,7,多开,B,7274.0000,0.0000,0.0000,0.0000,0.0000,7276.0000,0.0000,0.0000,0.0000,0.0000,24,0,0,0,0,1,0,0,0,0
zc,TA301,2012-06-19 09:00:48.807,7274.0000,161836,2,0.0000,4.0000,3,1,空开,S,7274.0000,0.0000,0.0000,0.0000,0.0000,7278.0000,0.0000,0.0000,0.0000,0.0000,23,0,0,0,0,32,0,0,0,0
zc,TA301,2012-06-19 09:00:49.527,7274.0000,161836,0,0.0000,0.0000,0,0,空换,S,7276.0000,0.0000,0.0000,0.0000,0.0000,7278.0000,0.0000,0.0000,0.0000,0.0000,1,0,0,0,0,32,0,0,0,0
zc,TA301,2012-06-19 09:00:50.307,7276.0000,161838,2,0.0000,2.0000,2,0,双开,B,7276.0000,0.0000,0.0000,0.0000,0.0000,7278.0000,0.0000,0.0000,0.0000,0.0000,10,0,0,0,0,32,0,0,0,0
zc,TA301,2012-06-19 09:00:50.793,7276.0000,161838,0,0.0000,0.0000,0,0,多换,B,7276.0000,0.0000,0.0000,0.0000,0.0000,7278.0000,0.0000,0.0000,0.0000,0.0000,10,0,0,0,0,40,0,0,0,0
zc,TA301,2012-06-19 09:00:52.043,7278.0000,161838,0,0.0000,2.0000,1,1,多换,B,7276.0000,0.0000,0.0000,0.0000,0.0000,7278.0000,0.0000,0.0000,0.0000,0.0000,10,0,0,0,0,26,0,0,0,0
zc,TA301,2012-06-19 09:00:52.823,7276.0000,161834,-4,0.0000,6.0000,1,5,多平,S,7276.0000,0.0000,0.0000,0.0000,0.0000,7278.0000,0.0000,0.0000,0.0000,0.0000,7,0,0,0,0,26,0,0,0,0
zc,TA301,2012-06-19 09:00:53.277,7278.0000,161824,-10,0.0000,10.0000,0,10,双平,B,7276.0000,0.0000,0.0000,0.0000,0.0000,7278.0000,0.0000,0.0000,0.0000,0.0000,7,0,0,0,0,21,0,0,0,0
zc,TA301,2012-06-19 09:00:54.043,7276.0000,161822,-2,0.0000,6.0000,2,4,多平,S,7276.0000,0.0000,0.0000,0.0000,0.0000,7278.0000,0.0000,0.0000,0.0000,0.0000,4,0,0,0,0,26,0,0,0,0
zc,TA301,2012-06-19 09:00:54.527,7278.0000,161824,2,0.0000,28.0000,15,13,多开,B,7274.0000,0.0000,0.0000,0.0000,0.0000,7276.0000,0.0000,0.0000,0.0000,0.0000,32,0,0,0,0,3,0,0,0,0
zc,TA301,2012-06-19 09:00:55.260,7276.0000,161824,0,0.0000,2.0000,1,1,空换,S,7274.0000,0.0000,0.0000,0.0000,0.0000,7276.0000,0.0000,0.0000,0.0000,0.0000,35,0,0,0,0,2,0,0,0,0
zc,TA301,2012-06-19 09:00:55.823,7276.0000,161808,-16,0.0000,18.0000,1,17,多平,S,7276.0000,0.0000,0.0000,0.0000,0.0000,7278.0000,0.0000,0.0000,0.0000,0.0000,5,0,0,0,0,17,0,0,0,0
zc,TA301,2012-06-19 09:00:56.527,7276.0000,161808,0,0.0000,0.0000,0,0,空换,S,7276.0000,0.0000,0.0000,0.0000,0.0000,7278.0000,0.0000,0.0000,0.0000,0.0000,23,0,0,0,0,17,0,0,0,0
zc,TA301,2012-06-19 09:00:56.997,7276.0000,161808,0,0.0000,4.0000,2,2,空换,S,7276.0000,0.0000,0.0000,0.0000,0.0000,7278.0000,0.0000,0.0000,0.0000,0.0000,22,0,0,0,0,16,0,0,0,0
zc,TA301,2012-06-19 09:00:58.307,7276.0000,161808,0,0.0000,0.0000,0,0,空换,S,7276.0000,0.0000,0.0000,0.0000,0.0000,7278.0000,0.0000,0.0000,0.0000,0.0000,22,0,0,0,0,20,0,0,0,0
zc,TA301,2012-06-19 09:00:59.010,7276.0000,161808,0,0.0000,2.0000,1,1,空换,S,7276.0000,0.0000,0.0000,0.0000,0.0000,7278.0000,0.0000,0.0000,0.0000,0.0000,20,0,0,0,0,19,0,0,0,0
zc,TA301,2012-06-19 09:00:59.543,7278.0000,161786,-22,0.0000,36.0000,7,29,空平,B,7276.0000,0.0000,0.0000,0.0000,0.0000,7278.0000,0.0000,0.0000,0.0000,0.0000,9,0,0,0,0,9,0,0,0,0
zc,TA301,2012-06-19 09:01:00.323,7276.0000,161786,0,0.0000,18.0000,9,9,空换,S,7274.0000,0.0000,0.0000,0.0000,0.0000,7278.0000,0.0000,0.0000,0.0000,0.0000,30,0,0,0,0,18,0,0,0,0
zc,TA301,2012-06-19 09:01:00.837,7278.0000,161786,0,0.0000,18.0000,9,9,多换,B,7278.0000,0.0000,0.0000,0.0000,0.0000,7280.0000,0.0000,0.0000,0.0000,0.0000,1,0,0,0,0,19,0,0,0,0
zc,TA301,2012-06-19 09:01:01.557,7278.0000,161786,0,0.0000,2.0000,1,1,多换,B,7274.0000,0.0000,0.0000,0.0000,0.0000,7278.0000,0.0000,0.0000,0.0000,0.0000,30,0,0,0,0,8,0,0,0,0
zc,TA301,2012-06-19 09:01:02.337,7278.0000,161776,-10,0.0000,14.0000,2,12,空平,B,7278.0000,0.0000,0.0000,0.0000,0.0000,7280.0000,0.0000,0.0000,0.0000,0.0000,5,0,0,0,0,18,0,0,0,0
zc,TA301,2012-06-19 09:01:03.087,7276.0000,161776,0,0.0000,12.0000,6,6,空换,S,7276.0000,0.0000,0.0000,0.0000,0.0000,7278.0000,0.0000,0.0000,0.0000,0.0000,14,0,0,0,0,2,0,0,0,0
zc,TA301,2012-06-19 09:01:03.497,7278.0000,161778,2,0.0000,4.0000,3,1,多开,B,7276.0000,0.0000,0.0000,0.0000,0.0000,7278.0000,0.0000,0.0000,0.0000,0.0000,14,0,0,0,0,4,0,0,0,0
zc,TA301,2012-06-19 09:01:04.027,7276.0000,161778,0,0.0000,16.0000,8,8,空换,S,7276.0000,0.0000,0.0000,0.0000,0.0000,7278.0000,0.0000,0.0000,0.0000,0.0000,6,0,0,0,0,2,0,0,0,0
zc,TA301,2012-06-19 09:01:04.543,7276.0000,161798,20,0.0000,30.0000,25,5,空开,S,7274.0000,0.0000,0.0000,0.0000,0.0000,7276.0000,0.0000,0.0000,0.0000,0.0000,23,0,0,0,0,8,0,0,0,0
zc,TA301,2012-06-19 09:01:05.293,7276.0000,161806,8,0.0000,10.0000,9,1,空开,S,7274.0000,0.0000,0.0000,0.0000,0.0000,7276.0000,0.0000,0.0000,0.0000,0.0000,23,0,0,0,0,15,0,0,0,0
zc,TA301,2012-06-19 09:01:06.027,7276.0000,161846,40,0.0000,42.0000,41,1,空开,S,7274.0000,0.0000,0.0000,0.0000,0.0000,7276.0000,0.0000,0.0000,0.0000,0.0000,14,0,0,0,0,24,0,0,0,0
zc,TA301,2012-06-19 09:01:06.543,7276.0000,161746,-100,0.0000,302.0000,101,201,多平,S,7276.0000,0.0000,0.0000,0.0000,0.0000,7278.0000,0.0000,0.0000,0.0000,0.0000,23,0,0,0,0,6,0,0,0,0
zc,TA301,2012-06-19 09:01:07.277,7278.0000,161756,10,0.0000,46.0000,28,18,多开,B,7276.0000,0.0000,0.0000,0.0000,0.0000,7278.0000,0.0000,0.0000,0.0000,0.0000,6,0,0,0,0,3,0,0,0,0
zc,TA301,2012-06-19 09:01:07.823,7276.0000,161758,2,0.0000,12.0000,7,5,空开,S,7272.0000,0.0000,0.0000,0.0000,0.0000,7274.0000,0.0000,0.0000,0.0000,0.0000,12,0,0,0,0,1,0,0,0,0
zc,TA301,2012-06-19 09:01:08.543,7276.0000,161756,-2,0.0000,4.0000,1,3,多平,S,7272.0000,0.0000,0.0000,0.0000,0.0000,7276.0000,0.0000,0.0000,0.0000,0.0000,12,0,0,0,0,30,0,0,0,0
zc,TA301,2012-06-19 09:01:09.073,7276.0000,161760,4,0.0000,4.0000,4,0,双开,S,7274.0000,0.0000,0.0000,0.0000,0.0000,7276.0000,0.0000,0.0000,0.0000,0.0000,2,0,0,0,0,22,0,0,0,0
zc,TA301,2012-06-19 09:01:09.760,7276.0000,161760,0,0.0000,36.0000,18,18,空换,S,7274.0000,0.0000,0.0000,0.0000,0.0000,7276.0000,0.0000,0.0000,0.0000,0.0000,2,0,0,0,0,12,0,0,0,0
zc,TA301,2012-06-19 09:01:10.277,7274.0000,161756,-4,0.0000,12.0000,4,8,多平,S,7274.0000,0.0000,0.0000,0.0000,0.0000,7276.0000,0.0000,0.0000,0.0000,0.0000,1,0,0,0,0,12,0,0,0,0
zc,TA301,2012-06-19 09:01:10.963,7276.0000,161758,2,0.0000,4.0000,3,1,多开,B,7272.0000,0.0000,0.0000,0.0000,0.0000,7276.0000,0.0000,0.0000,0.0000,0.0000,14,0,0,0,0,10,0,0,0,0
zc,TA301,2012-06-19 09:01:11.277,7276.0000,161758,0,0.0000,0.0000,0,0,多换,B,7274.0000,0.0000,0.0000,0.0000,0.0000,7276.0000,0.0000,0.0000,0.0000,0.0000,1,0,0,0,0,10,0,0,0,0
zc,TA301,2012-06-19 09:01:12.260,7274.0000,161762,4,0.0000,4.0000,4,0,双开,S,7272.0000,0.0000,0.0000,0.0000,0.0000,7274.0000,0.0000,0.0000,0.0000,0.0000,44,0,0,0,0,38,0,0,0,0
zc,TA301,2012-06-19 09:01:12.807,7274.0000,161748,-14,0.0000,94.0000,40,54,多平,S,7274.0000,0.0000,0.0000,0.0000,0.0000,7276.0000,0.0000,0.0000,0.0000,0.0000,1,0,0,0,0,10,0,0,0,0
zc,TA301,2012-06-19 09:01:13.527,7276.0000,161746,-2,0.0000,12.0000,5,7,空平,B,7272.0000,0.0000,0.0000,0.0000,0.0000,7276.0000,0.0000,0.0000,0.0000,0.0000,50,0,0,0,0,8,0,0,0,0
zc,TA301,2012-06-19 09:01:14.043,7274.0000,161716,-30,0.0000,32.0000,1,31,多平,S,7274.0000,0.0000,0.0000,0.0000,0.0000,7276.0000,0.0000,0.0000,0.0000,0.0000,3,0,0,0,0,4,0,0,0,0
zc,TA301,2012-06-19 09:01:14.777,7276.0000,161720,4,0.0000,4.0000,4,0,双开,B,7274.0000,0.0000,0.0000,0.0000,0.0000,7276.0000,0.0000,0.0000,0.0000,0.0000,3,0,0,0,0,2,0,0,0,0
zc,TA301,2012-06-19 09:01:15.293,7276.0000,161720,0,0.0000,0.0000,0,0,多换,B,7274.0000,0.0000,0.0000,0.0000,0.0000,7276.0000,0.0000,0.0000,0.0000,0.0000,13,0,0,0,0,4,0,0,0,0
zc,TA301,2012-06-19 09:01:16.043,7276.0000,161720,0,0.0000,2.0000,1,1,多换,B,7274.0000,0.0000,0.0000,0.0000,0.0000,7276.0000,0.0000,0.0000,0.0000,0.0000,13,0,0,0,0,3,0,0,0,0
zc,TA301,2012-06-19 09:01:16.557,7274.0000,161714,-6,0.0000,10.0000,2,8,多平,S,7274.0000,0.0000,0.0000,0.0000,0.0000,7276.0000,0.0000,0.0000,0.0000,0.0000,19,0,0,0,0,4,0,0,0,0
zc,TA301,2012-06-19 09:01:17.027,7276.0000,161714,0,0.0000,8.0000,4,4,多换,B,7274.0000,0.0000,0.0000,0.0000,0.0000,7278.0000,0.0000,0.0000,0.0000,0.0000,17,0,0,0,0,32,0,0,0,0
zc,TA301,2012-06-19 09:01:17.777,7274.0000,161668,-46,0.0000,66.0000,10,56,多平,S,7272.0000,0.0000,0.0000,0.0000,0.0000,7274.0000,0.0000,0.0000,0.0000,0.0000,49,0,0,0,0,8,0,0,0,0
zc,TA301,2012-06-19 09:01:18.293,7278.0000,161658,-10,0.0000,48.0000,19,29,空平,B,7276.0000,0.0000,0.0000,0.0000,0.0000,7278.0000,0.0000,0.0000,0.0000,0.0000,5,0,0,0,0,41,0,0,0,0
zc,TA301,2012-06-19 09:01:18.997,7276.0000,161658,0,0.0000,2.0000,1,1,空换,S,7274.0000,0.0000,0.0000,0.0000,0.0000,7278.0000,0.0000,0.0000,0.0000,0.0000,5,0,0,0,0,41,0,0,0,0
zc,TA301,2012-06-19 09:01:19.573,7274.0000,161662,4,0.0000,6.0000,5,1,空开,S,7274.0000,0.0000,0.0000,0.0000,0.0000,7278.0000,0.0000,0.0000,0.0000,0.0000,4,0,0,0,0,41,0,0,0,0
zc,TA301,2012-06-19 09:01:20.260,7274.0000,161662,0,0.0000,2.0000,1,1,空换,S,7274.0000,0.0000,0.0000,0.0000,0.0000,7278.0000,0.0000,0.0000,0.0000,0.0000,3,0,0,0,0,41,0,0,0,0
zc,TA301,2012-06-19 09:01:20.760,7274.0000,161662,0,0.0000,0.0000,0,0,空换,S,7274.0000,0.0000,0.0000,0.0000,0.0000,7278.0000,0.0000,0.0000,0.0000,0.0000,106,0,0,0,0,41,0,0,0,0
zc,TA301,2012-06-19 09:01:21.277,7276.0000,161664,2,0.0000,2.0000,2,0,双开,B,7274.0000,0.0000,0.0000,0.0000,0.0000,7278.0000,0.0000,0.0000,0.0000,0.0000,106,0,0,0,0,40,0,0,0,0
zc,TA301,2012-06-19 09:01:21.793,7274.0000,161666,2,0.0000,2.0000,2,0,双开,S,7274.0000,0.0000,0.0000,0.0000,0.0000,7276.0000,0.0000,0.0000,0.0000,0.0000,110,0,0,0,0,11,0,0,0,0
zc,TA301,2012-06-19 09:01:22.527,7274.0000,161688,22,0.0000,24.0000,23,1,空开,S,7274.0000,0.0000,0.0000,0.0000,0.0000,7278.0000,0.0000,0.0000,0.0000,0.0000,112,0,0,0,0,76,0,0,0,0
zc,TA301,2012-06-19 09:01:23.010,7278.0000,161682,-6,0.0000,60.0000,27,33,空平,B,7274.0000,0.0000,0.0000,0.0000,0.0000,7276.0000,0.0000,0.0000,0.0000,0.0000,112,0,0,0,0,10,0,0,0,0
zc,TA301,2012-06-19 09:01:23.510,7274.0000,161680,-2,0.0000,2.0000,0,2,双平,S,7274.0000,0.0000,0.0000,0.0000,0.0000,7276.0000,0.0000,0.0000,0.0000,0.0000,117,0,0,0,0,10,0,0,0,0
zc,TA301,2012-06-19 09:01:24.213,7274.0000,161678,-2,0.0000,2.0000,0,2,双平,S,7274.0000,0.0000,0.0000,0.0000,0.0000,7276.0000,0.0000,0.0000,0.0000,0.0000,117,0,0,0,0,10,0,0,0,0
zc,TA301,2012-06-19 09:01:24.793,7278.0000,161710,32,0.0000,32.0000,32,0,双开,B,7274.0000,0.0000,0.0000,0.0000,0.0000,7278.0000,0.0000,0.0000,0.0000,0.0000,117,0,0,0,0,40,0,0,0,0
zc,TA301,2012-06-19 09:01:25.573,7274.0000,161684,-26,0.0000,344.0000,159,185,多平,S,7272.0000,0.0000,0.0000,0.0000,0.0000,7274.0000,0.0000,0.0000,0.0000,0.0000,51,0,0,0,0,428,0,0,0,0
zc,TA301,2012-06-19 09:01:26.043,7274.0000,161680,-4,0.0000,34.0000,15,19,多平,S,7272.0000,0.0000,0.0000,0.0000,0.0000,7274.0000,0.0000,0.0000,0.0000,0.0000,50,0,0,0,0,412,0,0,0,0
zc,TA301,2012-06-19 09:01:26.760,7274.0000,161656,-24,0.0000,28.0000,2,26,多平,S,7272.0000,0.0000,0.0000,0.0000,0.0000,7274.0000,0.0000,0.0000,0.0000,0.0000,51,0,0,0,0,398,0,0,0,0
zc,TA301,2012-06-19 09:01:27.277,7274.0000,161650,-6,0.0000,76.0000,35,41,多平,S,7272.0000,0.0000,0.0000,0.0000,0.0000,7274.0000,0.0000,0.0000,0.0000,0.0000,84,0,0,0,0,360,0,0,0,0
zc,TA301,2012-06-19 09:01:27.777,7274.0000,161606,-44,0.0000,78.0000,17,61,多平,S,7272.0000,0.0000,0.0000,0.0000,0.0000,7274.0000,0.0000,0.0000,0.0000,0.0000,29,0,0,0,0,321,0,0,0,0
zc,TA301,2012-06-19 09:01:28.277,7272.0000,161612,6,0.0000,24.0000,15,9,空开,S,7272.0000,0.0000,0.0000,0.0000,0.0000,7274.0000,0.0000,0.0000,0.0000,0.0000,17,0,0,0,0,321,0,0,0,0
zc,TA301,2012-06-19 09:01:29.510,7274.0000,161412,-200,0.0000,262.0000,31,231,空平,B,7272.0000,0.0000,0.0000,0.0000,0.0000,7274.0000,0.0000,0.0000,0.0000,0.0000,17,0,0,0,0,190,0,0,0,0
zc,TA301,2012-06-19 09:01:30.027,7272.0000,161412,0,0.0000,2.0000,1,1,空换,S,7272.0000,0.0000,0.0000,0.0000,0.0000,7274.0000,0.0000,0.0000,0.0000,0.0000,18,0,0,0,0,190,0,0,0,0
zc,TA301,2012-06-19 09:01:31.307,7274.0000,161408,-4,0.0000,8.0000,2,6,空平,B,7272.0000,0.0000,0.0000,0.0000,0.0000,7274.0000,0.0000,0.0000,0.0000,0.0000,37,0,0,0,0,187,0,0,0,0
zc,TA301,2012-06-19 09:01:32.027,7272.0000,161412,4,0.0000,6.0000,5,1,空开,S,7272.0000,0.0000,0.0000,0.0000,0.0000,7274.0000,0.0000,0.0000,0.0000,0.0000,41,0,0,0,0,186,0,0,0,0
zc,TA301,2012-06-19 09:01:33.260,7274.0000,161406,-6,0.0000,8.0000,1,7,空平,B,7272.0000,0.0000,0.0000,0.0000,0.0000,7274.0000,0.0000,0.0000,0.0000,0.0000,146,0,0,0,0,182,0,0,0,0
zc,TA301,2012-06-19 09:01:33.480,7272.0000,161406,0,0.0000,2.0000,1,1,空换,S,7272.0000,0.0000,0.0000,0.0000,0.0000,7274.0000,0.0000,0.0000,0.0000,0.0000,149,0,0,0,0,182,0,0,0,0
zc,TA301,2012-06-19 09:01:34.293,7274.0000,161406,0,0.0000,202.0000,101,101,多换,B,7272.0000,0.0000,0.0000,0.0000,0.0000,7274.0000,0.0000,0.0000,0.0000,0.0000,144,0,0,0,0,81,0,0,0,0
zc,TA301,2012-06-19 09:01:34.747,7272.0000,161408,2,0.0000,20.0000,11,9,空开,S,7272.0000,0.0000,0.0000,0.0000,0.0000,7274.0000,0.0000,0.0000,0.0000,0.0000,135,0,0,0,0,73,0,0,0,0
zc,TA301,2012-06-19 09:01:35.497,7272.0000,161400,-8,0.0000,22.0000,7,15,多平,S,7272.0000,0.0000,0.0000,0.0000,0.0000,7274.0000,0.0000,0.0000,0.0000,0.0000,129,0,0,0,0,65,0,0,0,0
zc,TA301,2012-06-19 09:01:36.010,7274.0000,161394,-6,0.0000,14.0000,4,10,空平,B,7272.0000,0.0000,0.0000,0.0000,0.0000,7274.0000,0.0000,0.0000,0.0000,0.0000,128,0,0,0,0,58,0,0,0,0
zc,TA301,2012-06-19 09:01:36.793,7274.0000,161320,-74,0.0000,222.0000,74,148,空平,B,7272.0000,0.0000,0.0000,0.0000,0.0000,7274.0000,0.0000,0.0000,0.0000,0.0000,53,0,0,0,0,50,0,0,0,0
zc,TA301,2012-06-19 09:01:37.543,7272.0000,161316,-4,0.0000,6.0000,1,5,多平,S,7272.0000,0.0000,0.0000,0.0000,0.0000,7274.0000,0.0000,0.0000,0.0000,0.0000,52,0,0,0,0,48,0,0,0,0
zc,TA301,2012-06-19 09:01:38.027,7274.0000,161314,-2,0.0000,4.0000,1,3,空平,B,7272.0000,0.0000,0.0000,0.0000,0.0000,7274.0000,0.0000,0.0000,0.0000,0.0000,57,0,0,0,0,46,0,0,0,0
zc,TA301,2012-06-19 09:01:39.543,7272.0000,161314,0,0.0000,2.0000,1,1,空换,S,7272.0000,0.0000,0.0000,0.0000,0.0000,7274.0000,0.0000,0.0000,0.0000,0.0000,56,0,0,0,0,46,0,0,0,0
zc,TA301,2012-06-19 09:01:39.997,7272.0000,161314,0,0.0000,2.0000,1,1,空换,S,7272.0000,0.0000,0.0000,0.0000,0.0000,7274.0000,0.0000,0.0000,0.0000,0.0000,75,0,0,0,0,46,0,0,0,0
zc,TA301,2012-06-19 09:01:40.510,7272.0000,161314,0,0.0000,60.0000,30,30,空换,S,7272.0000,0.0000,0.0000,0.0000,0.0000,7274.0000,0.0000,0.0000,0.0000,0.0000,52,0,0,0,0,46,0,0,0,0
zc,TA301,2012-06-19 09:01:41.277,7274.0000,161312,-2,0.0000,2.0000,0,2,双平,B,7272.0000,0.0000,0.0000,0.0000,0.0000,7274.0000,0.0000,0.0000,0.0000,0.0000,51,0,0,0,0,45,0,0,0,0
zc,TA301,2012-06-19 09:01:41.760,7272.0000,161362,50,0.0000,64.0000,57,7,空开,S,7272.0000,0.0000,0.0000,0.0000,0.0000,7274.0000,0.0000,0.0000,0.0000,0.0000,34,0,0,0,0,46,0,0,0,0
zc,TA301,2012-06-19 09:01:42.527,7272.0000,161318,-44,0.0000,72.0000,14,58,多平,S,7272.0000,0.0000,0.0000,0.0000,0.0000,7274.0000,0.0000,0.0000,0.0000,0.0000,34,0,0,0,0,12,0,0,0,0
zc,TA301,2012-06-19 09:01:43.277,7274.0000,161320,2,0.0000,24.0000,13,11,多开,B,7274.0000,0.0000,0.0000,0.0000,0.0000,7276.0000,0.0000,0.0000,0.0000,0.0000,16,0,0,0,0,20,0,0,0,0
zc,TA301,2012-06-19 09:01:44.027,7274.0000,161320,0,0.0000,20.0000,10,10,多换,B,7274.0000,0.0000,0.0000,0.0000,0.0000,7276.0000,0.0000,0.0000,0.0000,0.0000,11,0,0,0,0,20,0,0,0,0
zc,TA301,2012-06-19 09:01:44.260,7274.0000,161332,12,0.0000,20.0000,16,4,多开,B,7274.0000,0.0000,0.0000,0.0000,0.0000,7276.0000,0.0000,0.0000,0.0000,0.0000,2,0,0,0,0,20,0,0,0,0
zc,TA301,2012-06-19 09:01:45.010,7276.0000,161336,4,0.0000,8.0000,6,2,多开,B,7272.0000,0.0000,0.0000,0.0000,0.0000,7276.0000,0.0000,0.0000,0.0000,0.0000,59,0,0,0,0,20,0,0,0,0
zc,TA301,2012-06-19 09:01:45.543,7276.0000,161336,0,0.0000,0.0000,0,0,多换,B,7272.0000,0.0000,0.0000,0.0000,0.0000,7276.0000,0.0000,0.0000,0.0000,0.0000,60,0,0,0,0,20,0,0,0,0
zc,TA301,2012-06-19 09:01:46.260,7272.0000,161342,6,0.0000,6.0000,6,0,双开,S,7272.0000,0.0000,0.0000,0.0000,0.0000,7276.0000,0.0000,0.0000,0.0000,0.0000,57,0,0,0,0,20,0,0,0,0
zc,TA301,2012-06-19 09:01:47.027,7272.0000,161342,0,0.0000,0.0000,0,0,空换,S,7274.0000,0.0000,0.0000,0.0000,0.0000,7276.0000,0.0000,0.0000,0.0000,0.0000,2,0,0,0,0,20,0,0,0,0
zc,TA301,2012-06-19 09:01:47.543,7276.0000,161344,2,0.0000,2.0000,2,0,双开,B,7274.0000,0.0000,0.0000,0.0000,0.0000,7276.0000,0.0000,0.0000,0.0000,0.0000,2,0,0,0,0,19,0,0,0,0
zc,TA301,2012-06-19 09:01:48.260,7276.0000,161346,2,0.0000,2.0000,2,0,双开,B,7274.0000,0.0000,0.0000,0.0000,0.0000,7276.0000,0.0000,0.0000,0.0000,0.0000,2,0,0,0,0,18,0,0,0,0
zc,TA301,2012-06-19 09:01:49.073,7276.0000,161352,6,0.0000,10.0000,8,2,多开,B,7274.0000,0.0000,0.0000,0.0000,0.0000,7276.0000,0.0000,0.0000,0.0000,0.0000,1,0,0,0,0,15,0,0,0,0
zc,TA301,2012-06-19 09:01:49.543,7276.0000,161352,0,0.0000,0.0000,0,0,多换,B,7274.0000,0.0000,0.0000,0.0000,0.0000,7276.0000,0.0000,0.0000,0.0000,0.0000,2,0,0,0,0,15,0,0,0,0
zc,TA301,2012-06-19 09:01:50.247,7274.0000,161350,-2,0.0000,2.0000,0,2,双平,S,7274.0000,0.0000,0.0000,0.0000,0.0000,7276.0000,0.0000,0.0000,0.0000,0.0000,1,0,0,0,0,15,0,0,0,0
zc,TA301,2012-06-19 09:01:50.730,7276.0000,161352,2,0.0000,2.0000,2,0,双开,B,7274.0000,0.0000,0.0000,0.0000,0.0000,7276.0000,0.0000,0.0000,0.0000,0.0000,14,0,0,0,0,14,0,0,0,0
zc,TA301,2012-06-19 09:01:52.323,7276.0000,161352,0,0.0000,4.0000,2,2,多换,B,7274.0000,0.0000,0.0000,0.0000,0.0000,7276.0000,0.0000,0.0000,0.0000,0.0000,14,0,0,0,0,14,0,0,0,0
zc,TA301,2012-06-19 09:01:52.730,7276.0000,161352,0,0.0000,0.0000,0,0,多换,B,7274.0000,0.0000,0.0000,0.0000,0.0000,7276.0000,0.0000,0.0000,0.0000,0.0000,25,0,0,0,0,14,0,0,0,0
zc,TA301,2012-06-19 09:01:53.293,7276.0000,161354,2,0.0000,2.0000,2,0,双开,B,7274.0000,0.0000,0.0000,0.0000,0.0000,7276.0000,0.0000,0.0000,0.0000,0.0000,27,0,0,0,0,13,0,0,0,0
zc,TA301,2012-06-19 09:01:54.057,7276.0000,161338,-16,0.0000,40.0000,12,28,空平,B,7274.0000,0.0000,0.0000,0.0000,0.0000,7278.0000,0.0000,0.0000,0.0000,0.0000,27,0,0,0,0,20,0,0,0,0
zc,TA301,2012-06-19 09:01:55.260,7276.0000,161338,0,0.0000,0.0000,0,0,多换,B,7276.0000,0.0000,0.0000,0.0000,0.0000,7278.0000,0.0000,0.0000,0.0000,0.0000,21,0,0,0,0,20,0,0,0,0
zc,TA301,2012-06-19 09:01:55.747,7274.0000,161298,-40,0.0000,46.0000,3,43,多平,S,7274.0000,0.0000,0.0000,0.0000,0.0000,7276.0000,0.0000,0.0000,0.0000,0.0000,34,0,0,0,0,3,0,0,0,0
zc,TA301,2012-06-19 09:01:56.543,7274.0000,161296,-2,0.0000,2.0000,0,2,双平,S,7274.0000,0.0000,0.0000,0.0000,0.0000,7276.0000,0.0000,0.0000,0.0000,0.0000,33,0,0,0,0,3,0,0,0,0
zc,TA301,2012-06-19 09:01:57.277,7276.0000,161286,-10,0.0000,12.0000,1,11,空平,B,7276.0000,0.0000,0.0000,0.0000,0.0000,7278.0000,0.0000,0.0000,0.0000,0.0000,5,0,0,0,0,16,0,0,0,0
zc,TA301,2012-06-19 09:01:57.777,7276.0000,161284,-2,0.0000,2.0000,0,2,双平,B,7276.0000,0.0000,0.0000,0.0000,0.0000,7278.0000,0.0000,0.0000,0.0000,0.0000,8,0,0,0,0,15,0,0,0,0
zc,TA301,2012-06-19 09:01:59.043,7276.0000,161274,-10,0.0000,30.0000,10,20,空平,B,7274.0000,0.0000,0.0000,0.0000,0.0000,7278.0000,0.0000,0.0000,0.0000,0.0000,35,0,0,0,0,5,0,0,0,0
zc,TA301,2012-06-19 09:01:59.760,7276.0000,161274,0,0.0000,8.0000,4,4,多换,B,7276.0000,0.0000,0.0000,0.0000,0.0000,7278.0000,0.0000,0.0000,0.0000,0.0000,2,0,0,0,0,5,0,0,0,0
zc,TA301,2012-06-19 09:02:00.247,7276.0000,161274,0,0.0000,0.0000,0,0,多换,B,7276.0000,0.0000,0.0000,0.0000,0.0000,7278.0000,0.0000,0.0000,0.0000,0.0000,2,0,0,0,0,8,0,0,0,0
zc,TA301,2012-06-19 09:02:00.997,7276.0000,161274,0,0.0000,4.0000,2,2,多换,B,7274.0000,0.0000,0.0000,0.0000,0.0000,7278.0000,0.0000,0.0000,0.0000,0.0000,35,0,0,0,0,4,0,0,0,0
zc,TA301,2012-06-19 09:02:01.543,7276.0000,161260,-14,0.0000,14.0000,0,14,双平,B,7276.0000,0.0000,0.0000,0.0000,0.0000,7278.0000,0.0000,0.0000,0.0000,0.0000,2,0,0,0,0,3,0,0,0,0
zc,TA301,2012-06-19 09:02:02.027,7276.0000,161260,0,0.0000,0.0000,0,0,多换,B,7276.0000,0.0000,0.0000,0.0000,0.0000,7278.0000,0.0000,0.0000,0.0000,0.0000,3,0,0,0,0,5,0,0,0,0
zc,TA301,2012-06-19 09:02:04.543,7276.0000,161260,0,0.0000,8.0000,4,4,多换,B,7274.0000,0.0000,0.0000,0.0000,0.0000,7276.0000,0.0000,0.0000,0.0000,0.0000,35,0,0,0,0,2,0,0,0,0
zc,TA301,2012-06-19 09:02:05.057,7276.0000,161260,0,0.0000,0.0000,0,0,多换,B,7274.0000,0.0000,0.0000,0.0000,0.0000,7276.0000,0.0000,0.0000,0.0000,0.0000,36,0,0,0,0,5,0,0,0,0
zc,TA301,2012-06-19 09:02:05.793,7276.0000,161260,0,0.0000,0.0000,0,0,多换,B,7274.0000,0.0000,0.0000,0.0000,0.0000,7276.0000,0.0000,0.0000,0.0000,0.0000,36,0,0,0,0,2,0,0,0,0
zc,TA301,2012-06-19 09:02:06.307,7276.0000,161260,0,0.0000,0.0000,0,0,多换,B,7274.0000,0.0000,0.0000,0.0000,0.0000,7276.0000,0.0000,0.0000,0.0000,0.0000,36,0,0,0,0,3,0,0,0,0
zc,TA301,2012-06-19 09:02:06.997,7276.0000,161260,0,0.0000,6.0000,3,3,多换,B,7274.0000,0.0000,0.0000,0.0000,0.0000,7278.0000,0.0000,0.0000,0.0000,0.0000,36,0,0,0,0,5,0,0,0,0
zc,TA301,2012-06-19 09:02:07.543,7276.0000,161260,0,0.0000,0.0000,0,0,多换,B,7276.0000,0.0000,0.0000,0.0000,0.0000,7278.0000,0.0000,0.0000,0.0000,0.0000,11,0,0,0,0,5,0,0,0,0
zc,TA301,2012-06-19 09:02:08.043,7278.0000,161260,0,0.0000,4.0000,2,2,多换,B,7276.0000,0.0000,0.0000,0.0000,0.0000,7278.0000,0.0000,0.0000,0.0000,0.0000,11,0,0,0,0,4,0,0,0,0
zc,TA301,2012-06-19 09:02:08.777,7278.0000,161260,0,0.0000,0.0000,0,0,多换,B,7276.0000,0.0000,0.0000,0.0000,0.0000,7278.0000,0.0000,0.0000,0.0000,0.0000,41,0,0,0,0,13,0,0,0,0
zc,TA301,2012-06-19 09:02:09.293,7278.0000,161250,-10,0.0000,20.0000,5,15,空平,B,7276.0000,0.0000,0.0000,0.0000,0.0000,7278.0000,0.0000,0.0000,0.0000,0.0000,36,0,0,0,0,13,0,0,0,0
zc,TA301,2012-06-19 09:02:10.027,7278.0000,161238,-12,0.0000,28.0000,8,20,空平,B,7276.0000,0.0000,0.0000,0.0000,0.0000,7278.0000,0.0000,0.0000,0.0000,0.0000,23,0,0,0,0,13,0,0,0,0
zc,TA301,2012-06-19 09:02:10.933,7278.0000,161238,0,0.0000,0.0000,0,0,多换,B,7276.0000,0.0000,0.0000,0.0000,0.0000,7278.0000,0.0000,0.0000,0.0000,0.0000,23,0,0,0,0,13,0,0,0,0
zc,TA301,2012-06-19 09:02:11.307,7276.0000,161280,42,0.0000,42.0000,42,0,双开,S,7276.0000,0.0000,0.0000,0.0000,0.0000,7278.0000,0.0000,0.0000,0.0000,0.0000,2,0,0,0,0,13,0,0,0,0
zc,TA301,2012-06-19 09:02:11.793,7278.0000,161284,4,0.0000,6.0000,5,1,多开,B,7276.0000,0.0000,0.0000,0.0000,0.0000,7278.0000,0.0000,0.0000,0.0000,0.0000,1,0,0,0,0,14,0,0,0,0
zc,TA301,2012-06-19 09:02:12.557,7276.0000,161284,0,0.0000,2.0000,1,1,空换,S,7274.0000,0.0000,0.0000,0.0000,0.0000,7276.0000,0.0000,0.0000,0.0000,0.0000,32,0,0,0,0,5,0,0,0,0
zc,TA301,2012-06-19 09:02:13.777,7276.0000,161284,0,0.0000,0.0000,0,0,空换,S,7274.0000,0.0000,0.0000,0.0000,0.0000,7276.0000,0.0000,0.0000,0.0000,0.0000,32,0,0,0,0,6,0,0,0,0
zc,TA301,2012-06-19 09:02:14.293,7276.0000,161284,0,0.0000,2.0000,1,1,空换,S,7274.0000,0.0000,0.0000,0.0000,0.0000,7276.0000,0.0000,0.0000,0.0000,0.0000,32,0,0,0,0,5,0,0,0,0
zc,TA301,2012-06-19 09:02:14.807,7276.0000,161286,2,0.0000,2.0000,2,0,双开,S,7274.0000,0.0000,0.0000,0.0000,0.0000,7276.0000,0.0000,0.0000,0.0000,0.0000,32,0,0,0,0,4,0,0,0,0
zc,TA301,2012-06-19 09:02:15.527,7274.0000,161262,-24,0.0000,60.0000,18,42,多平,S,7274.0000,0.0000,0.0000,0.0000,0.0000,7276.0000,0.0000,0.0000,0.0000,0.0000,3,0,0,0,0,4,0,0,0,0
zc,TA301,2012-06-19 09:02:16.760,7278.0000,161274,12,0.0000,26.0000,19,7,多开,B,7278.0000,0.0000,0.0000,0.0000,0.0000,7280.0000,0.0000,0.0000,0.0000,0.0000,31,0,0,0,0,14,0,0,0,0
zc,TA301,2012-06-19 09:02:17.027,7274.0000,161298,24,0.0000,64.0000,44,20,空开,S,7274.0000,0.0000,0.0000,0.0000,0.0000,7280.0000,0.0000,0.0000,0.0000,0.0000,5,0,0,0,0,29,0,0,0,0
zc,TA301,2012-06-19 09:02:17.793,7274.0000,161296,-2,0.0000,2.0000,0,2,双平,S,7276.0000,0.0000,0.0000,0.0000,0.0000,7278.0000,0.0000,0.0000,0.0000,0.0000,2,0,0,0,0,6,0,0,0,0
zc,TA301,2012-06-19 09:02:18.307,7274.0000,161296,0,0.0000,0.0000,0,0,空换,S,7276.0000,0.0000,0.0000,0.0000,0.0000,7278.0000,0.0000,0.0000,0.0000,0.0000,11,0,0,0,0,3,0,0,0,0
zc,TA301,2012-06-19 09:02:19.027,7274.0000,161296,0,0.0000,0.0000,0,0,空换,S,7276.0000,0.0000,0.0000,0.0000,0.0000,7278.0000,0.0000,0.0000,0.0000,0.0000,10,0,0,0,0,4,0,0,0,0
zc,TA301,2012-06-19 09:02:19.557,7274.0000,161296,0,0.0000,0.0000,0,0,空换,S,7276.0000,0.0000,0.0000,0.0000,0.0000,7278.0000,0.0000,0.0000,0.0000,0.0000,10,0,0,0,0,9,0,0,0,0
zc,TA301,2012-06-19 09:02:20.277,7276.0000,161302,6,0.0000,12.0000,9,3,多开,B,7276.0000,0.0000,0.0000,0.0000,0.0000,7278.0000,0.0000,0.0000,0.0000,0.0000,4,0,0,0,0,8,0,0,0,0
zc,TA301,2012-06-19 09:02:21.293,7278.0000,161338,36,0.0000,44.0000,40,4,多开,B,7278.0000,0.0000,0.0000,0.0000,0.0000,7280.0000,0.0000,0.0000,0.0000,0.0000,3,0,0,0,0,14,0,0,0,0
zc,TA301,2012-06-19 09:02:22.043,7278.0000,161340,2,0.0000,6.0000,4,2,多开,B,7276.0000,0.0000,0.0000,0.0000,0.0000,7278.0000,0.0000,0.0000,0.0000,0.0000,15,0,0,0,0,2,0,0,0,0
zc,TA301,2012-06-19 09:02:22.777,7278.0000,161340,0,0.0000,0.0000,0,0,多换,B,7276.0000,0.0000,0.0000,0.0000,0.0000,7278.0000,0.0000,0.0000,0.0000,0.0000,16,0,0,0,0,57,0,0,0,0
zc,TA301,2012-06-19 09:02:23.260,7278.0000,161340,0,0.0000,0.0000,0,0,多换,B,7276.0000,0.0000,0.0000,0.0000,0.0000,7278.0000,0.0000,0.0000,0.0000,0.0000,16,0,0,0,0,77,0,0,0,0
zc,TA301,2012-06-19 09:02:23.793,7278.0000,161340,0,0.0000,0.0000,0,0,多换,B,7276.0000,0.0000,0.0000,0.0000,0.0000,7278.0000,0.0000,0.0000,0.0000,0.0000,16,0,0,0,0,83,0,0,0,0
zc,TA301,2012-06-19 09:02:24.510,7278.0000,161340,0,0.0000,0.0000,0,0,多换,B,7276.0000,0.0000,0.0000,0.0000,0.0000,7278.0000,0.0000,0.0000,0.0000,0.0000,16,0,0,0,0,69,0,0,0,0
zc,TA301,2012-06-19 09:02:25.823,7276.0000,161386,46,0.0000,172.0000,109,63,空开,S,7274.0000,0.0000,0.0000,0.0000,0.0000,7280.0000,0.0000,0.0000,0.0000,0.0000,14,0,0,0,0,20,0,0,0,0
zc,TA301,2012-06-19 09:02:26.307,7276.0000,161386,0,0.0000,0.0000,0,0,空换,S,7274.0000,0.0000,0.0000,0.0000,0.0000,7276.0000,0.0000,0.0000,0.0000,0.0000,12,0,0,0,0,4,0,0,0,0
zc,TA301,2012-06-19 09:02:27.073,7276.0000,161386,0,0.0000,0.0000,0,0,空换,S,7274.0000,0.0000,0.0000,0.0000,0.0000,7276.0000,0.0000,0.0000,0.0000,0.0000,12,0,0,0,0,9,0,0,0,0
zc,TA301,2012-06-19 09:02:30.603,7274.0000,161390,4,0.0000,16.0000,10,6,空开,S,7274.0000,0.0000,0.0000,0.0000,0.0000,7278.0000,0.0000,0.0000,0.0000,0.0000,17,0,0,0,0,32,0,0,0,0
zc,TA301,2012-06-19 09:02:31.247,7274.0000,161386,-4,0.0000,6.0000,1,5,多平,S,7274.0000,0.0000,0.0000,0.0000,0.0000,7276.0000,0.0000,0.0000,0.0000,0.0000,14,0,0,0,0,1,0,0,0,0
zc,TA301,2012-06-19 09:02:32.497,7276.0000,161388,2,0.0000,4.0000,3,1,多开,B,7276.0000,0.0000,0.0000,0.0000,0.0000,7278.0000,0.0000,0.0000,0.0000,0.0000,1,0,0,0,0,12,0,0,0,0
zc,TA301,2012-06-19 09:02:33.010,7276.0000,161388,0,0.0000,2.0000,1,1,多换,B,7274.0000,0.0000,0.0000,0.0000,0.0000,7278.0000,0.0000,0.0000,0.0000,0.0000,13,0,0,0,0,11,0,0,0,0
zc,TA301,2012-06-19 09:02:33.557,7278.0000,161386,-2,0.0000,2.0000,0,2,双平,B,7274.0000,0.0000,0.0000,0.0000,0.0000,7276.0000,0.0000,0.0000,0.0000,0.0000,13,0,0,0,0,1,0,0,0,0
zc,TA301,2012-06-19 09:02:34.747,7276.0000,161384,-2,0.0000,10.0000,4,6,多平,S,7276.0000,0.0000,0.0000,0.0000,0.0000,7278.0000,0.0000,0.0000,0.0000,0.0000,3,0,0,0,0,30,0,0,0,0
zc,TA301,2012-06-19 09:02:35.247,7276.0000,161384,0,0.0000,8.0000,4,4,空换,S,7276.0000,0.0000,0.0000,0.0000,0.0000,7278.0000,0.0000,0.0000,0.0000,0.0000,62,0,0,0,0,34,0,0,0,0
zc,TA301,2012-06-19 09:02:36.010,7276.0000,161382,-2,0.0000,2.0000,0,2,双平,S,7276.0000,0.0000,0.0000,0.0000,0.0000,7278.0000,0.0000,0.0000,0.0000,0.0000,61,0,0,0,0,34,0,0,0,0
zc,TA301,2012-06-19 09:02:37.027,7276.0000,161384,2,0.0000,4.0000,3,1,空开,S,7276.0000,0.0000,0.0000,0.0000,0.0000,7278.0000,0.0000,0.0000,0.0000,0.0000,60,0,0,0,0,18,0,0,0,0
zc,TA301,2012-06-19 09:02:37.760,7276.0000,161384,0,0.0000,0.0000,0,0,空换,S,7276.0000,0.0000,0.0000,0.0000,0.0000,7278.0000,0.0000,0.0000,0.0000,0.0000,63,0,0,0,0,18,0,0,0,0
zc,TA301,2012-06-19 09:02:38.043,7278.0000,161384,0,0.0000,2.0000,1,1,多换,B,7276.0000,0.0000,0.0000,0.0000,0.0000,7278.0000,0.0000,0.0000,0.0000,0.0000,60,0,0,0,0,32,0,0,0,0
zc,TA301,2012-06-19 09:02:38.777,7278.0000,161384,0,0.0000,0.0000,0,0,多换,B,7276.0000,0.0000,0.0000,0.0000,0.0000,7278.0000,0.0000,0.0000,0.0000,0.0000,67,0,0,0,0,19,0,0,0,0
zc,TA301,2012-06-19 09:02:39.293,7278.0000,161384,0,0.0000,0.0000,0,0,多换,B,7276.0000,0.0000,0.0000,0.0000,0.0000,7278.0000,0.0000,0.0000,0.0000,0.0000,62,0,0,0,0,30,0,0,0,0
zc,TA301,2012-06-19 09:02:40.043,7278.0000,161384,0,0.0000,0.0000,0,0,多换,B,7276.0000,0.0000,0.0000,0.0000,0.0000,7278.0000,0.0000,0.0000,0.0000,0.0000,62,0,0,0,0,24,0,0,0,0
zc,TA301,2012-06-19 09:02:40.573,7278.0000,161386,2,0.0000,4.0000,3,1,多开,B,7276.0000,0.0000,0.0000,0.0000,0.0000,7278.0000,0.0000,0.0000,0.0000,0.0000,62,0,0,0,0,127,0,0,0,0
zc,TA301,2012-06-19 09:02:41.277,7278.0000,161386,0,0.0000,0.0000,0,0,多换,B,7276.0000,0.0000,0.0000,0.0000,0.0000,7278.0000,0.0000,0.0000,0.0000,0.0000,62,0,0,0,0,123,0,0,0,0
zc,TA301,2012-06-19 09:02:42.230,7276.0000,161386,0,0.0000,2.0000,1,1,空换,S,7276.0000,0.0000,0.0000,0.0000,0.0000,7278.0000,0.0000,0.0000,0.0000,0.0000,61,0,0,0,0,123,0,0,0,0
zc,TA301,2012-06-19 09:02:42.997,7276.0000,161386,0,0.0000,6.0000,3,3,空换,S,7276.0000,0.0000,0.0000,0.0000,0.0000,7278.0000,0.0000,0.0000,0.0000,0.0000,58,0,0,0,0,123,0,0,0,0
zc,TA301,2012-06-19 09:02:43.557,7276.0000,161386,0,0.0000,0.0000,0,0,空换,S,7276.0000,0.0000,0.0000,0.0000,0.0000,7278.0000,0.0000,0.0000,0.0000,0.0000,64,0,0,0,0,123,0,0,0,0
zc,TA301,2012-06-19 09:02:43.997,7276.0000,161386,0,0.0000,10.0000,5,5,空换,S,7276.0000,0.0000,0.0000,0.0000,0.0000,7278.0000,0.0000,0.0000,0.0000,0.0000,60,0,0,0,0,122,0,0,0,0
zc,TA301,2012-06-19 09:02:44.527,7278.0000,161406,20,0.0000,28.0000,24,4,多开,B,7276.0000,0.0000,0.0000,0.0000,0.0000,7278.0000,0.0000,0.0000,0.0000,0.0000,48,0,0,0,0,120,0,0,0,0
zc,TA301,2012-06-19 09:02:46.543,7276.0000,161406,0,0.0000,2.0000,1,1,空换,S,7276.0000,0.0000,0.0000,0.0000,0.0000,7278.0000,0.0000,0.0000,0.0000,0.0000,47,0,0,0,0,120,0,0,0,0
zc,TA301,2012-06-19 09:02:47.010,7276.0000,161406,0,0.0000,4.0000,2,2,空换,S,7276.0000,0.0000,0.0000,0.0000,0.0000,7278.0000,0.0000,0.0000,0.0000,0.0000,45,0,0,0,0,120,0,0,0,0
zc,TA301,2012-06-19 09:02:47.543,7278.0000,161406,0,0.0000,8.0000,4,4,多换,B,7276.0000,0.0000,0.0000,0.0000,0.0000,7278.0000,0.0000,0.0000,0.0000,0.0000,48,0,0,0,0,117,0,0,0,0
zc,TA301,2012-06-19 09:02:48.230,7276.0000,161412,6,0.0000,6.0000,6,0,双开,S,7276.0000,0.0000,0.0000,0.0000,0.0000,7278.0000,0.0000,0.0000,0.0000,0.0000,47,0,0,0,0,115,0,0,0,0
zc,TA301,2012-06-19 09:02:48.747,7276.0000,161414,2,0.0000,2.0000,2,0,双开,S,7276.0000,0.0000,0.0000,0.0000,0.0000,7278.0000,0.0000,0.0000,0.0000,0.0000,46,0,0,0,0,115,0,0,0,0
zc,TA301,2012-06-19 09:02:49.497,7276.0000,161414,0,0.0000,4.0000,2,2,空换,S,7276.0000,0.0000,0.0000,0.0000,0.0000,7278.0000,0.0000,0.0000,0.0000,0.0000,44,0,0,0,0,116,0,0,0,0
zc,TA301,2012-06-19 09:02:50.497,7276.0000,161414,0,0.0000,2.0000,1,1,空换,S,7276.0000,0.0000,0.0000,0.0000,0.0000,7278.0000,0.0000,0.0000,0.0000,0.0000,43,0,0,0,0,116,0,0,0,0
zc,TA301,2012-06-19 09:02:50.980,7278.0000,161418,4,0.0000,4.0000,4,0,双开,B,7276.0000,0.0000,0.0000,0.0000,0.0000,7278.0000,0.0000,0.0000,0.0000,0.0000,43,0,0,0,0,114,0,0,0,0
zc,TA301,2012-06-19 09:02:52.497,7278.0000,161420,2,0.0000,2.0000,2,0,双开,B,7276.0000,0.0000,0.0000,0.0000,0.0000,7278.0000,0.0000,0.0000,0.0000,0.0000,43,0,0,0,0,113,0,0,0,0
zc,TA301,2012-06-19 09:02:53.277,7276.0000,161422,2,0.0000,4.0000,3,1,空开,S,7276.0000,0.0000,0.0000,0.0000,0.0000,7278.0000,0.0000,0.0000,0.0000,0.0000,41,0,0,0,0,113,0,0,0,0
zc,TA301,2012-06-19 09:02:53.510,7278.0000,161422,0,0.0000,2.0000,1,1,多换,B,7276.0000,0.0000,0.0000,0.0000,0.0000,7278.0000,0.0000,0.0000,0.0000,0.0000,41,0,0,0,0,112,0,0,0,0
zc,TA301,2012-06-19 09:02:54.247,7278.0000,161424,2,0.0000,2.0000,2,0,双开,B,7276.0000,0.0000,0.0000,0.0000,0.0000,7278.0000,0.0000,0.0000,0.0000,0.0000,43,0,0,0,0,111,0,0,0,0
zc,TA301,2012-06-19 09:02:55.527,7278.0000,161422,-2,0.0000,2.0000,0,2,双平,B,7276.0000,0.0000,0.0000,0.0000,0.0000,7278.0000,0.0000,0.0000,0.0000,0.0000,43,0,0,0,0,110,0,0,0,0
zc,TA301,2012-06-19 09:02:56.277,7278.0000,161436,14,0.0000,18.0000,16,2,多开,B,7276.0000,0.0000,0.0000,0.0000,0.0000,7278.0000,0.0000,0.0000,0.0000,0.0000,43,0,0,0,0,101,0,0,0,0
zc,TA301,2012-06-19 09:02:57.510,7276.0000,161424,-12,0.0000,86.0000,37,49,多平,S,7274.0000,0.0000,0.0000,0.0000,0.0000,7276.0000,0.0000,0.0000,0.0000,0.0000,18,0,0,0,0,557,0,0,0,0
zc,TA301,2012-06-19 09:02:57.980,7276.0000,161422,-2,0.0000,4.0000,1,3,多平,S,7274.0000,0.0000,0.0000,0.0000,0.0000,7276.0000,0.0000,0.0000,0.0000,0.0000,17,0,0,0,0,558,0,0,0,0
zc,TA301,2012-06-19 09:02:58.807,7274.0000,161422,0,0.0000,6.0000,3,3,空换,S,7274.0000,0.0000,0.0000,0.0000,0.0000,7276.0000,0.0000,0.0000,0.0000,0.0000,17,0,0,0,0,559,0,0,0,0
zc,TA301,2012-06-19 09:02:59.260,7276.0000,161418,-4,0.0000,14.0000,5,9,空平,B,7274.0000,0.0000,0.0000,0.0000,0.0000,7276.0000,0.0000,0.0000,0.0000,0.0000,18,0,0,0,0,552,0,0,0,0
zc,TA301,2012-06-19 09:03:00.043,7276.0000,161412,-6,0.0000,6.0000,0,6,双平,B,7274.0000,0.0000,0.0000,0.0000,0.0000,7276.0000,0.0000,0.0000,0.0000,0.0000,18,0,0,0,0,549,0,0,0,0
zc,TA301,2012-06-19 09:03:00.543,7276.0000,161406,-6,0.0000,6.0000,0,6,双平,B,7274.0000,0.0000,0.0000,0.0000,0.0000,7276.0000,0.0000,0.0000,0.0000,0.0000,17,0,0,0,0,546,0,0,0,0
zc,TA301,2012-06-19 09:03:01.010,7276.0000,161404,-2,0.0000,2.0000,0,2,双平,B,7274.0000,0.0000,0.0000,0.0000,0.0000,7276.0000,0.0000,0.0000,0.0000,0.0000,17,0,0,0,0,545,0,0,0,0
zc,TA301,2012-06-19 09:03:01.510,7276.0000,161362,-42,0.0000,46.0000,2,44,空平,B,7274.0000,0.0000,0.0000,0.0000,0.0000,7276.0000,0.0000,0.0000,0.0000,0.0000,12,0,0,0,0,525,0,0,0,0
zc,TA301,2012-06-19 09:03:02.260,7276.0000,161334,-28,0.0000,30.0000,1,29,空平,B,7274.0000,0.0000,0.0000,0.0000,0.0000,7276.0000,0.0000,0.0000,0.0000,0.0000,12,0,0,0,0,510,0,0,0,0
zc,TA301,2012-06-19 09:03:02.807,7276.0000,161292,-42,0.0000,78.0000,18,60,空平,B,7274.0000,0.0000,0.0000,0.0000,0.0000,7276.0000,0.0000,0.0000,0.0000,0.0000,12,0,0,0,0,472,0,0,0,0
zc,TA301,2012-06-19 09:03:03.277,7276.0000,161292,0,0.0000,2.0000,1,1,多换,B,7274.0000,0.0000,0.0000,0.0000,0.0000,7276.0000,0.0000,0.0000,0.0000,0.0000,13,0,0,0,0,471,0,0,0,0
zc,TA301,2012-06-19 09:03:04.027,7274.0000,161302,10,0.0000,22.0000,16,6,空开,S,7274.0000,0.0000,0.0000,0.0000,0.0000,7276.0000,0.0000,0.0000,0.0000,0.0000,1,0,0,0,0,471,0,0,0,0
zc,TA301,2012-06-19 09:03:04.510,7276.0000,161298,-4,0.0000,4.0000,0,4,双平,B,7274.0000,0.0000,0.0000,0.0000,0.0000,7276.0000,0.0000,0.0000,0.0000,0.0000,1,0,0,0,0,469,0,0,0,0
zc,TA301,2012-06-19 09:03:05.277,7276.0000,161300,2,0.0000,12.0000,7,5,多开,B,7272.0000,0.0000,0.0000,0.0000,0.0000,7276.0000,0.0000,0.0000,0.0000,0.0000,79,0,0,0,0,465,0,0,0,0
zc,TA301,2012-06-19 09:03:05.557,7276.0000,161300,0,0.0000,4.0000,2,2,多换,B,7272.0000,0.0000,0.0000,0.0000,0.0000,7274.0000,0.0000,0.0000,0.0000,0.0000,79,0,0,0,0,1,0,0,0,0
zc,TA301,2012-06-19 09:03:06.293,7274.0000,161302,2,0.0000,2.0000,2,0,双开,S,7272.0000,0.0000,0.0000,0.0000,0.0000,7276.0000,0.0000,0.0000,0.0000,0.0000,78,0,0,0,0,463,0,0,0,0
zc,TA301,2012-06-19 09:03:07.527,7274.0000,161302,0,0.0000,0.0000,0,0,空换,S,7272.0000,0.0000,0.0000,0.0000,0.0000,7274.0000,0.0000,0.0000,0.0000,0.0000,78,0,0,0,0,22,0,0,0,0
zc,TA301,2012-06-19 09:03:08.807,7272.0000,161302,0,0.0000,4.0000,2,2,空换,S,7272.0000,0.0000,0.0000,0.0000,0.0000,7274.0000,0.0000,0.0000,0.0000,0.0000,70,0,0,0,0,21,0,0,0,0
zc,TA301,2012-06-19 09:03:09.997,7272.0000,161302,0,0.0000,0.0000,0,0,空换,S,7272.0000,0.0000,0.0000,0.0000,0.0000,7274.0000,0.0000,0.0000,0.0000,0.0000,70,0,0,0,0,26,0,0,0,0
zc,TA301,2012-06-19 09:03:12.027,7274.0000,161306,4,0.0000,4.0000,4,0,双开,B,7272.0000,0.0000,0.0000,0.0000,0.0000,7274.0000,0.0000,0.0000,0.0000,0.0000,78,0,0,0,0,24,0,0,0,0
zc,TA301,2012-06-19 09:03:12.807,7272.0000,161306,0,0.0000,2.0000,1,1,空换,S,7272.0000,0.0000,0.0000,0.0000,0.0000,7274.0000,0.0000,0.0000,0.0000,0.0000,77,0,0,0,0,24,0,0,0,0
zc,TA301,2012-06-19 09:03:13.293,7274.0000,161306,0,0.0000,4.0000,2,2,多换,B,7272.0000,0.0000,0.0000,0.0000,0.0000,7274.0000,0.0000,0.0000,0.0000,0.0000,78,0,0,0,0,22,0,0,0,0
zc,TA301,2012-06-19 09:03:14.557,7272.0000,161306,0,0.0000,2.0000,1,1,空换,S,7272.0000,0.0000,0.0000,0.0000,0.0000,7274.0000,0.0000,0.0000,0.0000,0.0000,77,0,0,0,0,22,0,0,0,0
zc,TA301,2012-06-19 09:03:15.277,7272.0000,161308,2,0.0000,2.0000,2,0,双开,S,7272.0000,0.0000,0.0000,0.0000,0.0000,7274.0000,0.0000,0.0000,0.0000,0.0000,76,0,0,0,0,22,0,0,0,0
zc,TA301,2012-06-19 09:03:15.777,7272.0000,161310,2,0.0000,4.0000,3,1,空开,S,7272.0000,0.0000,0.0000,0.0000,0.0000,7274.0000,0.0000,0.0000,0.0000,0.0000,74,0,0,0,0,23,0,0,0,0
zc,TA301,2012-06-19 09:03:17.043,7272.0000,161310,0,0.0000,4.0000,2,2,空换,S,7272.0000,0.0000,0.0000,0.0000,0.0000,7274.0000,0.0000,0.0000,0.0000,0.0000,72,0,0,0,0,23,0,0,0,0
zc,TA301,2012-06-19 09:03:17.527,7272.0000,161310,0,0.0000,2.0000,1,1,空换,S,7272.0000,0.0000,0.0000,0.0000,0.0000,7274.0000,0.0000,0.0000,0.0000,0.0000,71,0,0,0,0,23,0,0,0,0
zc,TA301,2012-06-19 09:03:18.293,7272.0000,161314,4,0.0000,6.0000,5,1,空开,S,7272.0000,0.0000,0.0000,0.0000,0.0000,7274.0000,0.0000,0.0000,0.0000,0.0000,68,0,0,0,0,23,0,0,0,0
zc,TA301,2012-06-19 09:03:19.043,7272.0000,161314,0,0.0000,0.0000,0,0,空换,S,7272.0000,0.0000,0.0000,0.0000,0.0000,7274.0000,0.0000,0.0000,0.0000,0.0000,68,0,0,0,0,24,0,0,0,0
zc,TA301,2012-06-19 09:03:19.823,7272.0000,161354,40,0.0000,44.0000,42,2,空开,S,7272.0000,0.0000,0.0000,0.0000,0.0000,7274.0000,0.0000,0.0000,0.0000,0.0000,46,0,0,0,0,41,0,0,0,0
zc,TA301,2012-06-19 09:03:20.293,7272.0000,161354,0,0.0000,4.0000,2,2,空换,S,7272.0000,0.0000,0.0000,0.0000,0.0000,7274.0000,0.0000,0.0000,0.0000,0.0000,36,0,0,0,0,41,0,0,0,0
zc,TA301,2012-06-19 09:03:20.807,7272.0000,161426,72,0.0000,72.0000,72,0,双开,S,7270.0000,0.0000,0.0000,0.0000,0.0000,7272.0000,0.0000,0.0000,0.0000,0.0000,95,0,0,0,0,14,0,0,0,0
zc,TA301,2012-06-19 09:03:21.277,7272.0000,161426,0,0.0000,2.0000,1,1,空换,S,7270.0000,0.0000,0.0000,0.0000,0.0000,7272.0000,0.0000,0.0000,0.0000,0.0000,95,0,0,0,0,29,0,0,0,0
zc,TA301,2012-06-19 09:03:22.043,7270.0000,161466,40,0.0000,40.0000,40,0,双开,S,7270.0000,0.0000,0.0000,0.0000,0.0000,7272.0000,0.0000,0.0000,0.0000,0.0000,75,0,0,0,0,31,0,0,0,0
zc,TA301,2012-06-19 09:03:22.543,7268.0000,161498,32,0.0000,200.0000,116,84,空开,S,7268.0000,0.0000,0.0000,0.0000,0.0000,7270.0000,0.0000,0.0000,0.0000,0.0000,10,0,0,0,0,730,0,0,0,0
zc,TA301,2012-06-19 09:03:23.293,7270.0000,161502,4,0.0000,4.0000,4,0,双开,B,7268.0000,0.0000,0.0000,0.0000,0.0000,7270.0000,0.0000,0.0000,0.0000,0.0000,10,0,0,0,0,728,0,0,0,0
zc,TA301,2012-06-19 09:03:23.760,7268.0000,161518,16,0.0000,26.0000,21,5,空开,S,7266.0000,0.0000,0.0000,0.0000,0.0000,7270.0000,0.0000,0.0000,0.0000,0.0000,5,0,0,0,0,733,0,0,0,0
zc,TA301,2012-06-19 09:03:24.557,7268.0000,161518,0,0.0000,0.0000,0,0,空换,S,7266.0000,0.0000,0.0000,0.0000,0.0000,7268.0000,0.0000,0.0000,0.0000,0.0000,5,0,0,0,0,3,0,0,0,0
zc,TA301,2012-06-19 09:03:25.073,7268.0000,161518,0,0.0000,0.0000,0,0,空换,S,7266.0000,0.0000,0.0000,0.0000,0.0000,7268.0000,0.0000,0.0000,0.0000,0.0000,5,0,0,0,0,30,0,0,0,0
zc,TA301,2012-06-19 09:03:25.510,7266.0000,161528,10,0.0000,12.0000,11,1,空开,S,7264.0000,0.0000,0.0000,0.0000,0.0000,7268.0000,0.0000,0.0000,0.0000,0.0000,406,0,0,0,0,29,0,0,0,0
zc,TA301,2012-06-19 09:03:26.293,7264.0000,161528,0,0.0000,22.0000,11,11,空换,S,7264.0000,0.0000,0.0000,0.0000,0.0000,7266.0000,0.0000,0.0000,0.0000,0.0000,395,0,0,0,0,10,0,0,0,0
zc,TA301,2012-06-19 09:03:27.010,7264.0000,161528,0,0.0000,4.0000,2,2,空换,S,7264.0000,0.0000,0.0000,0.0000,0.0000,7266.0000,0.0000,0.0000,0.0000,0.0000,394,0,0,0,0,9,0,0,0,0
zc,TA301,2012-06-19 09:03:27.807,7264.0000,161646,118,0.0000,290.0000,204,86,空开,S,7264.0000,0.0000,0.0000,0.0000,0.0000,7266.0000,0.0000,0.0000,0.0000,0.0000,262,0,0,0,0,1,0,0,0,0
zc,TA301,2012-06-19 09:03:28.293,7264.0000,161648,2,0.0000,8.0000,5,3,空开,S,7264.0000,0.0000,0.0000,0.0000,0.0000,7266.0000,0.0000,0.0000,0.0000,0.0000,259,0,0,0,0,28,0,0,0,0
zc,TA301,2012-06-19 09:03:29.073,7264.0000,161750,102,0.0000,102.0000,102,0,双开,S,7264.0000,0.0000,0.0000,0.0000,0.0000,7266.0000,0.0000,0.0000,0.0000,0.0000,208,0,0,0,0,55,0,0,0,0
zc,TA301,2012-06-19 09:03:29.277,7264.0000,161756,6,0.0000,6.0000,6,0,双开,S,7264.0000,0.0000,0.0000,0.0000,0.0000,7268.0000,0.0000,0.0000,0.0000,0.0000,205,0,0,0,0,23,0,0,0,0
zc,TA301,2012-06-19 09:03:30.277,7264.0000,161764,8,0.0000,12.0000,10,2,空开,S,7266.0000,0.0000,0.0000,0.0000,0.0000,7268.0000,0.0000,0.0000,0.0000,0.0000,2,0,0,0,0,26,0,0,0,0
zc,TA301,2012-06-19 09:03:30.557,7266.0000,161768,4,0.0000,4.0000,4,0,双开,B,7264.0000,0.0000,0.0000,0.0000,0.0000,7266.0000,0.0000,0.0000,0.0000,0.0000,201,0,0,0,0,2,0,0,0,0
zc,TA301,2012-06-19 09:03:31.293,7264.0000,161770,2,0.0000,2.0000,2,0,双开,S,7264.0000,0.0000,0.0000,0.0000,0.0000,7266.0000,0.0000,0.0000,0.0000,0.0000,203,0,0,0,0,15,0,0,0,0
zc,TA301,2012-06-19 09:03:32.027,7266.0000,161766,-4,0.0000,10.0000,3,7,空平,B,7264.0000,0.0000,0.0000,0.0000,0.0000,7266.0000,0.0000,0.0000,0.0000,0.0000,199,0,0,0,0,11,0,0,0,0
zc,TA301,2012-06-19 09:03:32.777,7264.0000,161766,0,0.0000,8.0000,4,4,空换,S,7264.0000,0.0000,0.0000,0.0000,0.0000,7266.0000,0.0000,0.0000,0.0000,0.0000,196,0,0,0,0,10,0,0,0,0
zc,TA301,2012-06-19 09:03:33.307,7264.0000,161778,12,0.0000,32.0000,22,10,空开,S,7264.0000,0.0000,0.0000,0.0000,0.0000,7268.0000,0.0000,0.0000,0.0000,0.0000,193,0,0,0,0,15,0,0,0,0
zc,TA301,2012-06-19 09:03:34.027,7264.0000,161778,0,0.0000,24.0000,12,12,空换,S,7266.0000,0.0000,0.0000,0.0000,0.0000,7268.0000,0.0000,0.0000,0.0000,0.0000,1,0,0,0,0,15,0,0,0,0
zc,TA301,2012-06-19 09:03:34.307,7264.0000,161778,0,0.0000,6.0000,3,3,空换,S,7264.0000,0.0000,0.0000,0.0000,0.0000,7268.0000,0.0000,0.0000,0.0000,0.0000,179,0,0,0,0,10,0,0,0,0
zc,TA301,2012-06-19 09:03:35.043,7266.0000,161766,-12,0.0000,12.0000,0,12,双平,B,7264.0000,0.0000,0.0000,0.0000,0.0000,7268.0000,0.0000,0.0000,0.0000,0.0000,180,0,0,0,0,10,0,0,0,0
zc,TA301,2012-06-19 09:03:35.510,7264.0000,161766,0,0.0000,2.0000,1,1,空换,S,7264.0000,0.0000,0.0000,0.0000,0.0000,7266.0000,0.0000,0.0000,0.0000,0.0000,179,0,0,0,0,1,0,0,0,0
zc,TA301,2012-06-19 09:03:36.247,7264.0000,161766,0,0.0000,0.0000,0,0,空换,S,7264.0000,0.0000,0.0000,0.0000,0.0000,7266.0000,0.0000,0.0000,0.0000,0.0000,180,0,0,0,0,1,0,0,0,0
zc,TA301,2012-06-19 09:03:37.293,7264.0000,161768,2,0.0000,2.0000,2,0,双开,S,7264.0000,0.0000,0.0000,0.0000,0.0000,7266.0000,0.0000,0.0000,0.0000,0.0000,179,0,0,0,0,101,0,0,0,0
zc,TA301,2012-06-19 09:03:38.057,7264.0000,161768,0,0.0000,10.0000,5,5,空换,S,7264.0000,0.0000,0.0000,0.0000,0.0000,7266.0000,0.0000,0.0000,0.0000,0.0000,174,0,0,0,0,101,0,0,0,0
zc,TA301,2012-06-19 09:03:38.573,7264.0000,161770,2,0.0000,24.0000,13,11,空开,S,7264.0000,0.0000,0.0000,0.0000,0.0000,7266.0000,0.0000,0.0000,0.0000,0.0000,164,0,0,0,0,100,0,0,0,0
zc,TA301,2012-06-19 09:03:39.323,7266.0000,161770,0,0.0000,4.0000,2,2,多换,B,7264.0000,0.0000,0.0000,0.0000,0.0000,7266.0000,0.0000,0.0000,0.0000,0.0000,164,0,0,0,0,98,0,0,0,0
zc,TA301,2012-06-19 09:03:39.807,7266.0000,161782,12,0.0000,32.0000,22,10,多开,B,7264.0000,0.0000,0.0000,0.0000,0.0000,7266.0000,0.0000,0.0000,0.0000,0.0000,158,0,0,0,0,88,0,0,0,0
zc,TA301,2012-06-19 09:03:40.527,7266.0000,161782,0,0.0000,0.0000,0,0,多换,B,7264.0000,0.0000,0.0000,0.0000,0.0000,7266.0000,0.0000,0.0000,0.0000,0.0000,158,0,0,0,0,90,0,0,0,0
zc,TA301,2012-06-19 09:03:41.027,7266.0000,161786,4,0.0000,22.0000,13,9,多开,B,7264.0000,0.0000,0.0000,0.0000,0.0000,7266.0000,0.0000,0.0000,0.0000,0.0000,148,0,0,0,0,94,0,0,0,0
zc,TA301,2012-06-19 09:03:41.760,7264.0000,161786,0,0.0000,2.0000,1,1,空换,S,7264.0000,0.0000,0.0000,0.0000,0.0000,7266.0000,0.0000,0.0000,0.0000,0.0000,147,0,0,0,0,94,0,0,0,0
zc,TA301,2012-06-19 09:03:42.543,7266.0000,161774,-12,0.0000,18.0000,3,15,空平,B,7264.0000,0.0000,0.0000,0.0000,0.0000,7266.0000,0.0000,0.0000,0.0000,0.0000,147,0,0,0,0,86,0,0,0,0
zc,TA301,2012-06-19 09:03:43.323,7266.0000,161774,0,0.0000,0.0000,0,0,多换,B,7264.0000,0.0000,0.0000,0.0000,0.0000,7266.0000,0.0000,0.0000,0.0000,0.0000,146,0,0,0,0,96,0,0,0,0
zc,TA301,2012-06-19 09:03:43.807,7264.0000,161774,0,0.0000,6.0000,3,3,空换,S,7264.0000,0.0000,0.0000,0.0000,0.0000,7266.0000,0.0000,0.0000,0.0000,0.0000,149,0,0,0,0,104,0,0,0,0
zc,TA301,2012-06-19 09:03:44.587,7264.0000,161824,50,0.0000,54.0000,52,2,空开,S,7264.0000,0.0000,0.0000,0.0000,0.0000,7266.0000,0.0000,0.0000,0.0000,0.0000,124,0,0,0,0,102,0,0,0,0
zc,TA301,2012-06-19 09:03:45.323,7262.0000,162046,222,0.0000,276.0000,249,27,空开,S,7262.0000,0.0000,0.0000,0.0000,0.0000,7264.0000,0.0000,0.0000,0.0000,0.0000,38,0,0,0,0,1,0,0,0,0
zc,TA301,2012-06-19 09:03:46.120,7260.0000,162176,130,0.0000,268.0000,199,69,空开,S,7260.0000,0.0000,0.0000,0.0000,0.0000,7262.0000,0.0000,0.0000,0.0000,0.0000,77,0,0,0,0,1,0,0,0,0
zc,TA301,2012-06-19 09:03:46.557,7260.0000,162202,26,0.0000,26.0000,26,0,双开,S,7260.0000,0.0000,0.0000,0.0000,0.0000,7262.0000,0.0000,0.0000,0.0000,0.0000,64,0,0,0,0,16,0,0,0,0
zc,TA301,2012-06-19 09:03:47.293,7260.0000,162448,246,0.0000,252.0000,249,3,空开,S,7260.0000,0.0000,0.0000,0.0000,0.0000,7262.0000,0.0000,0.0000,0.0000,0.0000,39,0,0,0,0,22,0,0,0,0
zc,TA301,2012-06-19 09:03:48.043,7260.0000,162466,18,0.0000,82.0000,50,32,空开,S,7258.0000,0.0000,0.0000,0.0000,0.0000,7262.0000,0.0000,0.0000,0.0000,0.0000,8,0,0,0,0,39,0,0,0,0
zc,TA301,2012-06-19 09:03:48.557,7258.0000,162466,0,0.0000,8.0000,4,4,空换,S,7258.0000,0.0000,0.0000,0.0000,0.0000,7260.0000,0.0000,0.0000,0.0000,0.0000,4,0,0,0,0,1,0,0,0,0
zc,TA301,2012-06-19 09:03:49.277,7258.0000,162454,-12,0.0000,12.0000,0,12,双平,S,7258.0000,0.0000,0.0000,0.0000,0.0000,7260.0000,0.0000,0.0000,0.0000,0.0000,7,0,0,0,0,1,0,0,0,0
zc,TA301,2012-06-19 09:03:50.027,7258.0000,162448,-6,0.0000,16.0000,5,11,多平,S,7256.0000,0.0000,0.0000,0.0000,0.0000,7258.0000,0.0000,0.0000,0.0000,0.0000,10,0,0,0,0,1,0,0,0,0
zc,TA301,2012-06-19 09:03:50.527,7258.0000,162452,4,0.0000,8.0000,6,2,空开,S,7256.0000,0.0000,0.0000,0.0000,0.0000,7258.0000,0.0000,0.0000,0.0000,0.0000,9,0,0,0,0,4,0,0,0,0
zc,TA301,2012-06-19 09:03:51.747,7256.0000,162452,0,0.0000,4.0000,2,2,空换,S,7256.0000,0.0000,0.0000,0.0000,0.0000,7258.0000,0.0000,0.0000,0.0000,0.0000,7,0,0,0,0,7,0,0,0,0
zc,TA301,2012-06-19 09:03:52.603,7256.0000,162456,4,0.0000,8.0000,6,2,空开,S,7256.0000,0.0000,0.0000,0.0000,0.0000,7258.0000,0.0000,0.0000,0.0000,0.0000,7,0,0,0,0,4,0,0,0,0
zc,TA301,2012-06-19 09:03:53.027,7256.0000,162420,-36,0.0000,46.0000,5,41,多平,S,7256.0000,0.0000,0.0000,0.0000,0.0000,7260.0000,0.0000,0.0000,0.0000,0.0000,2,0,0,0,0,727,0,0,0,0
zc,TA301,2012-06-19 09:03:53.760,7256.0000,162608,188,0.0000,208.0000,198,10,空开,S,7256.0000,0.0000,0.0000,0.0000,0.0000,7260.0000,0.0000,0.0000,0.0000,0.0000,1,0,0,0,0,627,0,0,0,0
zc,TA301,2012-06-19 09:03:54.043,7258.0000,162606,-2,0.0000,2.0000,0,2,双平,B,7256.0000,0.0000,0.0000,0.0000,0.0000,7260.0000,0.0000,0.0000,0.0000,0.0000,18,0,0,0,0,627,0,0,0,0
zc,TA301,2012-06-19 09:03:55.043,7258.0000,162606,0,0.0000,18.0000,9,9,多换,B,7258.0000,0.0000,0.0000,0.0000,0.0000,7260.0000,0.0000,0.0000,0.0000,0.0000,3,0,0,0,0,622,0,0,0,0
zc,TA301,2012-06-19 09:03:55.293,7258.0000,162594,-12,0.0000,32.0000,10,22,空平,B,7258.0000,0.0000,0.0000,0.0000,0.0000,7260.0000,0.0000,0.0000,0.0000,0.0000,5,0,0,0,0,615,0,0,0,0
zc,TA301,2012-06-19 09:03:56.073,7256.0000,162170,-424,0.0000,484.0000,30,454,多平,S,7254.0000,0.0000,0.0000,0.0000,0.0000,7256.0000,0.0000,0.0000,0.0000,0.0000,25,0,0,0,0,249,0,0,0,0
zc,TA301,2012-06-19 09:03:56.573,7256.0000,162126,-44,0.0000,44.0000,0,44,双平,S,7254.0000,0.0000,0.0000,0.0000,0.0000,7256.0000,0.0000,0.0000,0.0000,0.0000,25,0,0,0,0,235,0,0,0,0
zc,TA301,2012-06-19 09:03:57.247,7256.0000,162096,-30,0.0000,100.0000,35,65,多平,S,7254.0000,0.0000,0.0000,0.0000,0.0000,7256.0000,0.0000,0.0000,0.0000,0.0000,20,0,0,0,0,212,0,0,0,0
zc,TA301,2012-06-19 09:03:57.823,7256.0000,161916,-180,0.0000,582.0000,201,381,多平,S,7256.0000,0.0000,0.0000,0.0000,0.0000,7258.0000,0.0000,0.0000,0.0000,0.0000,4,0,0,0,0,75,0,0,0,0
zc,TA301,2012-06-19 09:03:58.543,7258.0000,161880,-36,0.0000,50.0000,7,43,空平,B,7256.0000,0.0000,0.0000,0.0000,0.0000,7258.0000,0.0000,0.0000,0.0000,0.0000,46,0,0,0,0,57,0,0,0,0
zc,TA301,2012-06-19 09:03:59.260,7258.0000,161880,0,0.0000,8.0000,4,4,多换,B,7256.0000,0.0000,0.0000,0.0000,0.0000,7258.0000,0.0000,0.0000,0.0000,0.0000,48,0,0,0,0,54,0,0,0,0
zc,TA301,2012-06-19 09:03:59.747,7256.0000,161876,-4,0.0000,22.0000,9,13,多平,S,7256.0000,0.0000,0.0000,0.0000,0.0000,7258.0000,0.0000,0.0000,0.0000,0.0000,32,0,0,0,0,56,0,0,0,0
zc,TA301,2012-06-19 09:04:00.543,7256.0000,161868,-8,0.0000,10.0000,1,9,多平,S,7256.0000,0.0000,0.0000,0.0000,0.0000,7258.0000,0.0000,0.0000,0.0000,0.0000,31,0,0,0,0,57,0,0,0,0
zc,TA301,2012-06-19 09:04:01.010,7258.0000,161856,-12,0.0000,14.0000,1,13,空平,B,7256.0000,0.0000,0.0000,0.0000,0.0000,7258.0000,0.0000,0.0000,0.0000,0.0000,25,0,0,0,0,52,0,0,0,0
zc,TA301,2012-06-19 09:04:01.793,7256.0000,161856,0,0.0000,8.0000,4,4,空换,S,7256.0000,0.0000,0.0000,0.0000,0.0000,7258.0000,0.0000,0.0000,0.0000,0.0000,21,0,0,0,0,52,0,0,0,0
zc,TA301,2012-06-19 09:04:02.010,7258.0000,161854,-2,0.0000,6.0000,2,4,空平,B,7256.0000,0.0000,0.0000,0.0000,0.0000,7258.0000,0.0000,0.0000,0.0000,0.0000,21,0,0,0,0,50,0,0,0,0
zc,TA301,2012-06-19 09:04:02.793,7258.0000,161854,0,0.0000,18.0000,9,9,多换,B,7256.0000,0.0000,0.0000,0.0000,0.0000,7258.0000,0.0000,0.0000,0.0000,0.0000,14,0,0,0,0,48,0,0,0,0
zc,TA301,2012-06-19 09:04:03.323,7256.0000,161850,-4,0.0000,12.0000,4,8,多平,S,7256.0000,0.0000,0.0000,0.0000,0.0000,7258.0000,0.0000,0.0000,0.0000,0.0000,13,0,0,0,0,47,0,0,0,0
zc,TA301,2012-06-19 09:04:04.043,7256.0000,161826,-24,0.0000,24.0000,0,24,双平,S,7256.0000,0.0000,0.0000,0.0000,0.0000,7258.0000,0.0000,0.0000,0.0000,0.0000,14,0,0,0,0,47,0,0,0,0
zc,TA301,2012-06-19 09:04:04.557,7256.0000,161804,-22,0.0000,36.0000,7,29,多平,S,7254.0000,0.0000,0.0000,0.0000,0.0000,7256.0000,0.0000,0.0000,0.0000,0.0000,33,0,0,0,0,10,0,0,0,0
zc,TA301,2012-06-19 09:04:05.260,7256.0000,161802,-2,0.0000,2.0000,0,2,双平,S,7254.0000,0.0000,0.0000,0.0000,0.0000,7256.0000,0.0000,0.0000,0.0000,0.0000,33,0,0,0,0,10,0,0,0,0
zc,TA301,2012-06-19 09:04:05.760,7256.0000,161794,-8,0.0000,8.0000,0,8,双平,S,7254.0000,0.0000,0.0000,0.0000,0.0000,7256.0000,0.0000,0.0000,0.0000,0.0000,40,0,0,0,0,6,0,0,0,0
zc,TA301,2012-06-19 09:04:06.543,7256.0000,161784,-10,0.0000,14.0000,2,12,多平,S,7256.0000,0.0000,0.0000,0.0000,0.0000,7258.0000,0.0000,0.0000,0.0000,0.0000,14,0,0,0,0,46,0,0,0,0
zc,TA301,2012-06-19 09:04:06.997,7256.0000,161780,-4,0.0000,6.0000,1,5,多平,S,7256.0000,0.0000,0.0000,0.0000,0.0000,7258.0000,0.0000,0.0000,0.0000,0.0000,13,0,0,0,0,46,0,0,0,0
zc,TA301,2012-06-19 09:04:07.793,7258.0000,161776,-4,0.0000,4.0000,0,4,双平,B,7256.0000,0.0000,0.0000,0.0000,0.0000,7258.0000,0.0000,0.0000,0.0000,0.0000,14,0,0,0,0,44,0,0,0,0
zc,TA301,2012-06-19 09:04:08.277,7256.0000,161774,-2,0.0000,12.0000,5,7,多平,S,7256.0000,0.0000,0.0000,0.0000,0.0000,7258.0000,0.0000,0.0000,0.0000,0.0000,9,0,0,0,0,44,0,0,0,0
zc,TA301,2012-06-19 09:04:09.010,7256.0000,161778,4,0.0000,20.0000,12,8,空开,S,7254.0000,0.0000,0.0000,0.0000,0.0000,7256.0000,0.0000,0.0000,0.0000,0.0000,35,0,0,0,0,994,0,0,0,0
zc,TA301,2012-06-19 09:04:09.777,7256.0000,161778,0,0.0000,0.0000,0,0,空换,S,7254.0000,0.0000,0.0000,0.0000,0.0000,7256.0000,0.0000,0.0000,0.0000,0.0000,42,0,0,0,0,994,0,0,0,0
zc,TA301,2012-06-19 09:04:10.293,7254.0000,161780,2,0.0000,2.0000,2,0,双开,S,7254.0000,0.0000,0.0000,0.0000,0.0000,7256.0000,0.0000,0.0000,0.0000,0.0000,42,0,0,0,0,994,0,0,0,0
zc,TA301,2012-06-19 09:04:11.057,7256.0000,161782,2,0.0000,4.0000,3,1,多开,B,7254.0000,0.0000,0.0000,0.0000,0.0000,7256.0000,0.0000,0.0000,0.0000,0.0000,42,0,0,0,0,992,0,0,0,0
zc,TA301,2012-06-19 09:04:11.527,7256.0000,161786,4,0.0000,4.0000,4,0,双开,B,7254.0000,0.0000,0.0000,0.0000,0.0000,7256.0000,0.0000,0.0000,0.0000,0.0000,42,0,0,0,0,990,0,0,0,0
zc,TA301,2012-06-19 09:04:12.260,7254.0000,161786,0,0.0000,22.0000,11,11,空换,S,7254.0000,0.0000,0.0000,0.0000,0.0000,7256.0000,0.0000,0.0000,0.0000,0.0000,31,0,0,0,0,990,0,0,0,0
zc,TA301,2012-06-19 09:04:12.747,7256.0000,161954,168,0.0000,244.0000,206,38,多开,B,7254.0000,0.0000,0.0000,0.0000,0.0000,7256.0000,0.0000,0.0000,0.0000,0.0000,144,0,0,0,0,869,0,0,0,0
zc,TA301,2012-06-19 09:04:13.480,7256.0000,161962,8,0.0000,8.0000,8,0,双开,B,7254.0000,0.0000,0.0000,0.0000,0.0000,7256.0000,0.0000,0.0000,0.0000,0.0000,140,0,0,0,0,865,0,0,0,0
zc,TA301,2012-06-19 09:04:14.027,7256.0000,162132,170,0.0000,194.0000,182,12,多开,B,7254.0000,0.0000,0.0000,0.0000,0.0000,7256.0000,0.0000,0.0000,0.0000,0.0000,136,0,0,0,0,769,0,0,0,0
zc,TA301,2012-06-19 09:04:14.793,7256.0000,162186,54,0.0000,68.0000,61,7,多开,B,7254.0000,0.0000,0.0000,0.0000,0.0000,7256.0000,0.0000,0.0000,0.0000,0.0000,135,0,0,0,0,744,0,0,0,0
zc,TA301,2012-06-19 09:04:15.277,7256.0000,162188,2,0.0000,2.0000,2,0,双开,B,7254.0000,0.0000,0.0000,0.0000,0.0000,7256.0000,0.0000,0.0000,0.0000,0.0000,136,0,0,0,0,743,0,0,0,0
zc,TA301,2012-06-19 09:04:16.027,7256.0000,162254,66,0.0000,88.0000,77,11,多开,B,7254.0000,0.0000,0.0000,0.0000,0.0000,7256.0000,0.0000,0.0000,0.0000,0.0000,103,0,0,0,0,739,0,0,0,0
zc,TA301,2012-06-19 09:04:16.543,7254.0000,162276,22,0.0000,24.0000,23,1,空开,S,7254.0000,0.0000,0.0000,0.0000,0.0000,7256.0000,0.0000,0.0000,0.0000,0.0000,104,0,0,0,0,729,0,0,0,0
zc,TA301,2012-06-19 09:04:17.027,7256.0000,162366,90,0.0000,144.0000,117,27,多开,B,7254.0000,0.0000,0.0000,0.0000,0.0000,7256.0000,0.0000,0.0000,0.0000,0.0000,120,0,0,0,0,662,0,0,0,0
zc,TA301,2012-06-19 09:04:17.480,7256.0000,162376,10,0.0000,10.0000,10,0,双开,B,7254.0000,0.0000,0.0000,0.0000,0.0000,7256.0000,0.0000,0.0000,0.0000,0.0000,114,0,0,0,0,657,0,0,0,0
zc,TA301,2012-06-19 09:04:18.307,7254.0000,162382,6,0.0000,6.0000,6,0,双开,S,7254.0000,0.0000,0.0000,0.0000,0.0000,7256.0000,0.0000,0.0000,0.0000,0.0000,111,0,0,0,0,657,0,0,0,0
zc,TA301,2012-06-19 09:04:18.777,7254.0000,162388,6,0.0000,6.0000,6,0,双开,S,7254.0000,0.0000,0.0000,0.0000,0.0000,7256.0000,0.0000,0.0000,0.0000,0.0000,110,0,0,0,0,656,0,0,0,0
zc,TA301,2012-06-19 09:04:19.543,7256.0000,162392,4,0.0000,10.0000,7,3,多开,B,7254.0000,0.0000,0.0000,0.0000,0.0000,7256.0000,0.0000,0.0000,0.0000,0.0000,110,0,0,0,0,652,0,0,0,0
zc,TA301,2012-06-19 09:04:20.027,7254.0000,162390,-2,0.0000,222.0000,110,112,多平,S,7252.0000,0.0000,0.0000,0.0000,0.0000,7254.0000,0.0000,0.0000,0.0000,0.0000,28,0,0,0,0,2,0,0,0,0
zc,TA301,2012-06-19 09:04:20.527,7254.0000,162390,0,0.0000,2.0000,1,1,空换,S,7252.0000,0.0000,0.0000,0.0000,0.0000,7254.0000,0.0000,0.0000,0.0000,0.0000,31,0,0,0,0,1,0,0,0,0
zc,TA301,2012-06-19 09:04:21.260,7254.0000,162390,0,0.0000,20.0000,10,10,空换,S,7252.0000,0.0000,0.0000,0.0000,0.0000,7254.0000,0.0000,0.0000,0.0000,0.0000,42,0,0,0,0,69,0,0,0,0
zc,TA301,2012-06-19 09:04:21.807,7254.0000,162368,-22,0.0000,48.0000,13,35,多平,S,7252.0000,0.0000,0.0000,0.0000,0.0000,7254.0000,0.0000,0.0000,0.0000,0.0000,38,0,0,0,0,48,0,0,0,0
zc,TA301,2012-06-19 09:04:22.527,7254.0000,162354,-14,0.0000,20.0000,3,17,多平,S,7252.0000,0.0000,0.0000,0.0000,0.0000,7254.0000,0.0000,0.0000,0.0000,0.0000,43,0,0,0,0,49,0,0,0,0
zc,TA301,2012-06-19 09:04:23.010,7252.0000,162362,8,0.0000,24.0000,16,8,空开,S,7252.0000,0.0000,0.0000,0.0000,0.0000,7254.0000,0.0000,0.0000,0.0000,0.0000,36,0,0,0,0,50,0,0,0,0
zc,TA301,2012-06-19 09:04:23.777,7254.0000,162356,-6,0.0000,14.0000,4,10,空平,B,7252.0000,0.0000,0.0000,0.0000,0.0000,7254.0000,0.0000,0.0000,0.0000,0.0000,39,0,0,0,0,47,0,0,0,0
zc,TA301,2012-06-19 09:04:24.293,7252.0000,162352,-4,0.0000,4.0000,0,4,双平,S,7252.0000,0.0000,0.0000,0.0000,0.0000,7254.0000,0.0000,0.0000,0.0000,0.0000,37,0,0,0,0,47,0,0,0,0
zc,TA301,2012-06-19 09:04:25.057,7252.0000,162346,-6,0.0000,12.0000,3,9,多平,S,7252.0000,0.0000,0.0000,0.0000,0.0000,7254.0000,0.0000,0.0000,0.0000,0.0000,33,0,0,0,0,47,0,0,0,0
zc,TA301,2012-06-19 09:04:25.527,7254.0000,162346,0,0.0000,2.0000,1,1,多换,B,7252.0000,0.0000,0.0000,0.0000,0.0000,7254.0000,0.0000,0.0000,0.0000,0.0000,29,0,0,0,0,46,0,0,0,0
zc,TA301,2012-06-19 09:04:26.277,7252.0000,162352,6,0.0000,6.0000,6,0,双开,S,7252.0000,0.0000,0.0000,0.0000,0.0000,7254.0000,0.0000,0.0000,0.0000,0.0000,26,0,0,0,0,47,0,0,0,0
zc,TA301,2012-06-19 09:04:26.747,7252.0000,162332,-20,0.0000,32.0000,6,26,多平,S,7252.0000,0.0000,0.0000,0.0000,0.0000,7254.0000,0.0000,0.0000,0.0000,0.0000,10,0,0,0,0,47,0,0,0,0
zc,TA301,2012-06-19 09:04:27.510,7252.0000,162334,2,0.0000,6.0000,4,2,空开,S,7252.0000,0.0000,0.0000,0.0000,0.0000,7254.0000,0.0000,0.0000,0.0000,0.0000,7,0,0,0,0,47,0,0,0,0
zc,TA301,2012-06-19 09:04:28.027,7252.0000,162354,20,0.0000,36.0000,28,8,空开,S,7250.0000,0.0000,0.0000,0.0000,0.0000,7252.0000,0.0000,0.0000,0.0000,0.0000,119,0,0,0,0,1,0,0,0,0
zc,TA301,2012-06-19 09:04:28.510,7252.0000,162354,0,0.0000,6.0000,3,3,空换,S,7250.0000,0.0000,0.0000,0.0000,0.0000,7252.0000,0.0000,0.0000,0.0000,0.0000,125,0,0,0,0,10,0,0,0,0
zc,TA301,2012-06-19 09:04:29.293,7250.0000,162360,6,0.0000,8.0000,7,1,空开,S,7250.0000,0.0000,0.0000,0.0000,0.0000,7252.0000,0.0000,0.0000,0.0000,0.0000,123,0,0,0,0,10,0,0,0,0
zc,TA301,2012-06-19 09:04:29.793,7252.0000,162378,18,0.0000,20.0000,19,1,多开,B,7252.0000,0.0000,0.0000,0.0000,0.0000,7254.0000,0.0000,0.0000,0.0000,0.0000,12,0,0,0,0,53,0,0,0,0
zc,TA301,2012-06-19 09:04:30.543,7252.0000,162386,8,0.0000,16.0000,12,4,多开,B,7252.0000,0.0000,0.0000,0.0000,0.0000,7254.0000,0.0000,0.0000,0.0000,0.0000,5,0,0,0,0,42,0,0,0,0
zc,TA301,2012-06-19 09:04:31.027,7252.0000,162378,-8,0.0000,14.0000,3,11,空平,B,7252.0000,0.0000,0.0000,0.0000,0.0000,7254.0000,0.0000,0.0000,0.0000,0.0000,2,0,0,0,0,38,0,0,0,0
zc,TA301,2012-06-19 09:04:31.730,7252.0000,162380,2,0.0000,6.0000,4,2,多开,B,7250.0000,0.0000,0.0000,0.0000,0.0000,7254.0000,0.0000,0.0000,0.0000,0.0000,119,0,0,0,0,39,0,0,0,0
zc,TA301,2012-06-19 09:04:32.260,7254.0000,162380,0,0.0000,12.0000,6,6,多换,B,7250.0000,0.0000,0.0000,0.0000,0.0000,7254.0000,0.0000,0.0000,0.0000,0.0000,125,0,0,0,0,33,0,0,0,0
zc,TA301,2012-06-19 09:04:33.027,7250.0000,162382,2,0.0000,10.0000,6,4,空开,S,7252.0000,0.0000,0.0000,0.0000,0.0000,7254.0000,0.0000,0.0000,0.0000,0.0000,4,0,0,0,0,33,0,0,0,0
zc,TA301,2012-06-19 09:04:33.277,7252.0000,162374,-8,0.0000,74.0000,33,41,空平,B,7250.0000,0.0000,0.0000,0.0000,0.0000,7256.0000,0.0000,0.0000,0.0000,0.0000,124,0,0,0,0,653,0,0,0,0
zc,TA301,2012-06-19 09:04:34.277,7250.0000,162376,2,0.0000,112.0000,57,55,空开,S,7252.0000,0.0000,0.0000,0.0000,0.0000,7254.0000,0.0000,0.0000,0.0000,0.0000,12,0,0,0,0,3,0,0,0,0
zc,TA301,2012-06-19 09:04:34.777,7252.0000,162376,0,0.0000,4.0000,2,2,多换,B,7252.0000,0.0000,0.0000,0.0000,0.0000,7254.0000,0.0000,0.0000,0.0000,0.0000,51,0,0,0,0,3,0,0,0,0
zc,TA301,2012-06-19 09:04:35.277,7252.0000,162378,2,0.0000,2.0000,2,0,双开,B,7252.0000,0.0000,0.0000,0.0000,0.0000,7254.0000,0.0000,0.0000,0.0000,0.0000,46,0,0,0,0,26,0,0,0,0
zc,TA301,2012-06-19 09:04:36.087,7254.0000,162376,-2,0.0000,8.0000,3,5,空平,B,7252.0000,0.0000,0.0000,0.0000,0.0000,7254.0000,0.0000,0.0000,0.0000,0.0000,52,0,0,0,0,4,0,0,0,0
zc,TA301,2012-06-19 09:04:37.087,7254.0000,162388,12,0.0000,14.0000,13,1,多开,B,7254.0000,0.0000,0.0000,0.0000,0.0000,7256.0000,0.0000,0.0000,0.0000,0.0000,5,0,0,0,0,656,0,0,0,0
zc,TA301,2012-06-19 09:04:37.637,7254.0000,162390,2,0.0000,2.0000,2,0,双开,B,7254.0000,0.0000,0.0000,0.0000,0.0000,7256.0000,0.0000,0.0000,0.0000,0.0000,20,0,0,0,0,656,0,0,0,0
zc,TA301,2012-06-19 09:04:38.277,7254.0000,162390,0,0.0000,6.0000,3,3,多换,B,7254.0000,0.0000,0.0000,0.0000,0.0000,7256.0000,0.0000,0.0000,0.0000,0.0000,14,0,0,0,0,655,0,0,0,0
zc,TA301,2012-06-19 09:04:38.760,7256.0000,162394,4,0.0000,4.0000,4,0,双开,B,7254.0000,0.0000,0.0000,0.0000,0.0000,7256.0000,0.0000,0.0000,0.0000,0.0000,14,0,0,0,0,654,0,0,0,0
zc,TA301,2012-06-19 09:04:39.277,7254.0000,162396,2,0.0000,4.0000,3,1,空开,S,7254.0000,0.0000,0.0000,0.0000,0.0000,7256.0000,0.0000,0.0000,0.0000,0.0000,13,0,0,0,0,654,0,0,0,0
zc,TA301,2012-06-19 09:04:40.557,7256.0000,162402,6,0.0000,6.0000,6,0,双开,B,7254.0000,0.0000,0.0000,0.0000,0.0000,7256.0000,0.0000,0.0000,0.0000,0.0000,11,0,0,0,0,653,0,0,0,0
zc,TA301,2012-06-19 09:04:41.230,7256.0000,162412,10,0.0000,16.0000,13,3,多开,B,7254.0000,0.0000,0.0000,0.0000,0.0000,7256.0000,0.0000,0.0000,0.0000,0.0000,6,0,0,0,0,650,0,0,0,0
zc,TA301,2012-06-19 09:04:41.807,7254.0000,162414,2,0.0000,8.0000,5,3,空开,S,7254.0000,0.0000,0.0000,0.0000,0.0000,7256.0000,0.0000,0.0000,0.0000,0.0000,9,0,0,0,0,649,0,0,0,0
zc,TA301,2012-06-19 09:04:42.543,7256.0000,162414,0,0.0000,12.0000,6,6,多换,B,7254.0000,0.0000,0.0000,0.0000,0.0000,7256.0000,0.0000,0.0000,0.0000,0.0000,9,0,0,0,0,643,0,0,0,0
zc,TA301,2012-06-19 09:04:43.010,7256.0000,162416,2,0.0000,2.0000,2,0,双开,B,7254.0000,0.0000,0.0000,0.0000,0.0000,7256.0000,0.0000,0.0000,0.0000,0.0000,11,0,0,0,0,642,0,0,0,0
zc,TA301,2012-06-19 09:04:43.793,7254.0000,162422,6,0.0000,30.0000,18,12,空开,S,7254.0000,0.0000,0.0000,0.0000,0.0000,7256.0000,0.0000,0.0000,0.0000,0.0000,13,0,0,0,0,631,0,0,0,0
zc,TA301,2012-06-19 09:04:44.323,7252.0000,162414,-8,0.0000,34.0000,13,21,多平,S,7252.0000,0.0000,0.0000,0.0000,0.0000,7254.0000,0.0000,0.0000,0.0000,0.0000,81,0,0,0,0,500,0,0,0,0
zc,TA301,2012-06-19 09:04:45.043,7252.0000,162414,0,0.0000,0.0000,0,0,空换,S,7252.0000,0.0000,0.0000,0.0000,0.0000,7254.0000,0.0000,0.0000,0.0000,0.0000,85,0,0,0,0,650,0,0,0,0
zc,TA301,2012-06-19 09:04:45.543,7252.0000,162414,0,0.0000,0.0000,0,0,空换,S,7252.0000,0.0000,0.0000,0.0000,0.0000,7254.0000,0.0000,0.0000,0.0000,0.0000,65,0,0,0,0,651,0,0,0,0
zc,TA301,2012-06-19 09:04:46.057,7252.0000,162370,-44,0.0000,58.0000,7,51,多平,S,7252.0000,0.0000,0.0000,0.0000,0.0000,7254.0000,0.0000,0.0000,0.0000,0.0000,37,0,0,0,0,650,0,0,0,0
zc,TA301,2012-06-19 09:04:46.730,7254.0000,162372,2,0.0000,12.0000,7,5,多开,B,7252.0000,0.0000,0.0000,0.0000,0.0000,7254.0000,0.0000,0.0000,0.0000,0.0000,37,0,0,0,0,654,0,0,0,0
zc,TA301,2012-06-19 09:04:47.603,7252.0000,162378,6,0.0000,140.0000,73,67,空开,S,7250.0000,0.0000,0.0000,0.0000,0.0000,7254.0000,0.0000,0.0000,0.0000,0.0000,74,0,0,0,0,623,0,0,0,0
zc,TA301,2012-06-19 09:04:48.087,7252.0000,162376,-2,0.0000,44.0000,21,23,多平,S,7252.0000,0.0000,0.0000,0.0000,0.0000,7254.0000,0.0000,0.0000,0.0000,0.0000,7,0,0,0,0,603,0,0,0,0
zc,TA301,2012-06-19 09:04:48.793,7254.0000,162392,16,0.0000,20.0000,18,2,多开,B,7252.0000,0.0000,0.0000,0.0000,0.0000,7254.0000,0.0000,0.0000,0.0000,0.0000,15,0,0,0,0,594,0,0,0,0
zc,TA301,2012-06-19 09:04:49.277,7254.0000,162406,14,0.0000,20.0000,17,3,多开,B,7252.0000,0.0000,0.0000,0.0000,0.0000,7254.0000,0.0000,0.0000,0.0000,0.0000,9,0,0,0,0,585,0,0,0,0
zc,TA301,2012-06-19 09:04:50.010,7252.0000,162664,258,0.0000,288.0000,273,15,空开,S,7252.0000,0.0000,0.0000,0.0000,0.0000,7254.0000,0.0000,0.0000,0.0000,0.0000,3,0,0,0,0,448,0,0,0,0
zc,TA301,2012-06-19 09:04:50.543,7252.0000,162670,6,0.0000,12.0000,9,3,空开,S,7252.0000,0.0000,0.0000,0.0000,0.0000,7254.0000,0.0000,0.0000,0.0000,0.0000,18,0,0,0,0,447,0,0,0,0
zc,TA301,2012-06-19 09:04:51.247,7252.0000,162672,2,0.0000,2.0000,2,0,双开,S,7252.0000,0.0000,0.0000,0.0000,0.0000,7254.0000,0.0000,0.0000,0.0000,0.0000,11,0,0,0,0,447,0,0,0,0
zc,TA301,2012-06-19 09:04:52.043,7252.0000,162622,-50,0.0000,102.0000,26,76,多平,S,7252.0000,0.0000,0.0000,0.0000,0.0000,7254.0000,0.0000,0.0000,0.0000,0.0000,19,0,0,0,0,446,0,0,0,0
zc,TA301,2012-06-19 09:04:52.557,7252.0000,162626,4,0.0000,34.0000,19,15,空开,S,7252.0000,0.0000,0.0000,0.0000,0.0000,7254.0000,0.0000,0.0000,0.0000,0.0000,3,0,0,0,0,446,0,0,0,0
zc,TA301,2012-06-19 09:04:53.027,7252.0000,162632,6,0.0000,10.0000,8,2,空开,S,7252.0000,0.0000,0.0000,0.0000,0.0000,7254.0000,0.0000,0.0000,0.0000,0.0000,11,0,0,0,0,445,0,0,0,0
zc,TA301,2012-06-19 09:04:53.793,7254.0000,162634,2,0.0000,6.0000,4,2,多开,B,7252.0000,0.0000,0.0000,0.0000,0.0000,7254.0000,0.0000,0.0000,0.0000,0.0000,9,0,0,0,0,444,0,0,0,0
zc,TA301,2012-06-19 09:04:54.293,7252.0000,162658,24,0.0000,30.0000,27,3,空开,S,7252.0000,0.0000,0.0000,0.0000,0.0000,7254.0000,0.0000,0.0000,0.0000,0.0000,28,0,0,0,0,431,0,0,0,0
zc,TA301,2012-06-19 09:04:55.043,7252.0000,162658,0,0.0000,4.0000,2,2,空换,S,7252.0000,0.0000,0.0000,0.0000,0.0000,7254.0000,0.0000,0.0000,0.0000,0.0000,27,0,0,0,0,431,0,0,0,0
zc,TA301,2012-06-19 09:04:55.543,7252.0000,162656,-2,0.0000,4.0000,1,3,多平,S,7252.0000,0.0000,0.0000,0.0000,0.0000,7254.0000,0.0000,0.0000,0.0000,0.0000,29,0,0,0,0,431,0,0,0,0
zc,TA301,2012-06-19 09:04:56.293,7252.0000,162662,6,0.0000,8.0000,7,1,空开,S,7252.0000,0.0000,0.0000,0.0000,0.0000,7254.0000,0.0000,0.0000,0.0000,0.0000,25,0,0,0,0,430,0,0,0,0
zc,TA301,2012-06-19 09:04:57.057,7254.0000,162664,2,0.0000,48.0000,25,23,多开,B,7252.0000,0.0000,0.0000,0.0000,0.0000,7254.0000,0.0000,0.0000,0.0000,0.0000,17,0,0,0,0,266,0,0,0,0
zc,TA301,2012-06-19 09:04:57.510,7254.0000,162664,0,0.0000,0.0000,0,0,多换,B,7252.0000,0.0000,0.0000,0.0000,0.0000,7254.0000,0.0000,0.0000,0.0000,0.0000,24,0,0,0,0,12,0,0,0,0
zc,TA301,2012-06-19 09:04:58.277,7254.0000,162688,24,0.0000,38.0000,31,7,多开,B,7254.0000,0.0000,0.0000,0.0000,0.0000,7256.0000,0.0000,0.0000,0.0000,0.0000,16,0,0,0,0,637,0,0,0,0
zc,TA301,2012-06-19 09:04:58.777,7254.0000,162686,-2,0.0000,2.0000,0,2,双平,B,7254.0000,0.0000,0.0000,0.0000,0.0000,7256.0000,0.0000,0.0000,0.0000,0.0000,28,0,0,0,0,636,0,0,0,0
zc,TA301,2012-06-19 09:04:59.260,7254.0000,162682,-4,0.0000,16.0000,6,10,空平,B,7254.0000,0.0000,0.0000,0.0000,0.0000,7256.0000,0.0000,0.0000,0.0000,0.0000,20,0,0,0,0,636,0,0,0,0
zc,TA301,2012-06-19 09:04:59.793,7254.0000,162682,0,0.0000,0.0000,0,0,多换,B,7254.0000,0.0000,0.0000,0.0000,0.0000,7256.0000,0.0000,0.0000,0.0000,0.0000,72,0,0,0,0,636,0,0,0,0
zc,TA301,2012-06-19 09:05:00.510,7254.0000,162686,4,0.0000,8.0000,6,2,多开,B,7254.0000,0.0000,0.0000,0.0000,0.0000,7256.0000,0.0000,0.0000,0.0000,0.0000,71,0,0,0,0,633,0,0,0,0
zc,TA301,2012-06-19 09:05:00.837,7254.0000,162686,0,0.0000,0.0000,0,0,多换,B,7254.0000,0.0000,0.0000,0.0000,0.0000,7256.0000,0.0000,0.0000,0.0000,0.0000,73,0,0,0,0,633,0,0,0,0
zc,TA301,2012-06-19 09:05:02.073,7254.0000,162686,0,0.0000,28.0000,14,14,多换,B,7254.0000,0.0000,0.0000,0.0000,0.0000,7256.0000,0.0000,0.0000,0.0000,0.0000,72,0,0,0,0,622,0,0,0,0
zc,TA301,2012-06-19 09:05:02.573,7254.0000,162686,0,0.0000,0.0000,0,0,多换,B,7254.0000,0.0000,0.0000,0.0000,0.0000,7256.0000,0.0000,0.0000,0.0000,0.0000,71,0,0,0,0,622,0,0,0,0
zc,TA301,2012-06-19 09:05:03.337,7254.0000,162686,0,0.0000,4.0000,2,2,多换,B,7254.0000,0.0000,0.0000,0.0000,0.0000,7256.0000,0.0000,0.0000,0.0000,0.0000,69,0,0,0,0,642,0,0,0,0
zc,TA301,2012-06-19 09:05:03.543,7256.0000,162686,0,0.0000,2.0000,1,1,多换,B,7254.0000,0.0000,0.0000,0.0000,0.0000,7256.0000,0.0000,0.0000,0.0000,0.0000,82,0,0,0,0,641,0,0,0,0
zc,TA301,2012-06-19 09:05:04.277,7254.0000,162672,-14,0.0000,20.0000,3,17,多平,S,7254.0000,0.0000,0.0000,0.0000,0.0000,7256.0000,0.0000,0.0000,0.0000,0.0000,73,0,0,0,0,642,0,0,0,0
zc,TA301,2012-06-19 09:05:04.777,7256.0000,162674,2,0.0000,2.0000,2,0,双开,B,7254.0000,0.0000,0.0000,0.0000,0.0000,7256.0000,0.0000,0.0000,0.0000,0.0000,73,0,0,0,0,641,0,0,0,0
zc,TA301,2012-06-19 09:05:05.497,7254.0000,162666,-8,0.0000,12.0000,2,10,多平,S,7254.0000,0.0000,0.0000,0.0000,0.0000,7256.0000,0.0000,0.0000,0.0000,0.0000,68,0,0,0,0,640,0,0,0,0
zc,TA301,2012-06-19 09:05:05.997,7254.0000,162666,0,0.0000,2.0000,1,1,空换,S,7254.0000,0.0000,0.0000,0.0000,0.0000,7256.0000,0.0000,0.0000,0.0000,0.0000,67,0,0,0,0,640,0,0,0,0
zc,TA301,2012-06-19 09:05:06.793,7254.0000,162666,0,0.0000,14.0000,7,7,空换,S,7254.0000,0.0000,0.0000,0.0000,0.0000,7256.0000,0.0000,0.0000,0.0000,0.0000,61,0,0,0,0,644,0,0,0,0
zc,TA301,2012-06-19 09:05:07.497,7256.0000,162666,0,0.0000,2.0000,1,1,多换,B,7254.0000,0.0000,0.0000,0.0000,0.0000,7256.0000,0.0000,0.0000,0.0000,0.0000,64,0,0,0,0,645,0,0,0,0
zc,TA301,2012-06-19 09:05:08.277,7254.0000,163106,440,0.0000,442.0000,441,1,空开,S,7254.0000,0.0000,0.0000,0.0000,0.0000,7256.0000,0.0000,0.0000,0.0000,0.0000,46,0,0,0,0,447,0,0,0,0
zc,TA301,2012-06-19 09:05:08.793,7256.0000,163118,12,0.0000,12.0000,12,0,双开,B,7254.0000,0.0000,0.0000,0.0000,0.0000,7256.0000,0.0000,0.0000,0.0000,0.0000,46,0,0,0,0,443,0,0,0,0
zc,TA301,2012-06-19 09:05:09.247,7256.0000,163118,0,0.0000,2.0000,1,1,多换,B,7254.0000,0.0000,0.0000,0.0000,0.0000,7256.0000,0.0000,0.0000,0.0000,0.0000,46,0,0,0,0,431,0,0,0,0
zc,TA301,2012-06-19 09:05:10.027,7256.0000,163118,0,0.0000,14.0000,7,7,多换,B,7254.0000,0.0000,0.0000,0.0000,0.0000,7256.0000,0.0000,0.0000,0.0000,0.0000,77,0,0,0,0,419,0,0,0,0
zc,TA301,2012-06-19 09:05:10.527,7256.0000,163118,0,0.0000,16.0000,8,8,多换,B,7254.0000,0.0000,0.0000,0.0000,0.0000,7256.0000,0.0000,0.0000,0.0000,0.0000,77,0,0,0,0,411,0,0,0,0
zc,TA301,2012-06-19 09:05:11.057,7256.0000,163118,0,0.0000,0.0000,0,0,多换,B,7254.0000,0.0000,0.0000,0.0000,0.0000,7256.0000,0.0000,0.0000,0.0000,0.0000,47,0,0,0,0,433,0,0,0,0
zc,TA301,2012-06-19 09:05:11.543,7254.0000,163118,0,0.0000,28.0000,14,14,空换,S,7254.0000,0.0000,0.0000,0.0000,0.0000,7256.0000,0.0000,0.0000,0.0000,0.0000,41,0,0,0,0,425,0,0,0,0
zc,TA301,2012-06-19 09:05:12.247,7256.0000,163120,2,0.0000,22.0000,12,10,多开,B,7254.0000,0.0000,0.0000,0.0000,0.0000,7256.0000,0.0000,0.0000,0.0000,0.0000,71,0,0,0,0,394,0,0,0,0
zc,TA301,2012-06-19 09:05:12.760,7256.0000,163160,40,0.0000,140.0000,90,50,多开,B,7254.0000,0.0000,0.0000,0.0000,0.0000,7256.0000,0.0000,0.0000,0.0000,0.0000,32,0,0,0,0,364,0,0,0,0
zc,TA301,2012-06-19 09:05:13.527,7256.0000,163160,0,0.0000,0.0000,0,0,多换,B,7254.0000,0.0000,0.0000,0.0000,0.0000,7256.0000,0.0000,0.0000,0.0000,0.0000,30,0,0,0,0,364,0,0,0,0
zc,TA301,2012-06-19 09:05:13.980,7256.0000,163162,2,0.0000,2.0000,2,0,双开,B,7254.0000,0.0000,0.0000,0.0000,0.0000,7256.0000,0.0000,0.0000,0.0000,0.0000,30,0,0,0,0,363,0,0,0,0
zc,TA301,2012-06-19 09:05:14.497,7256.0000,163170,8,0.0000,8.0000,8,0,双开,B,7254.0000,0.0000,0.0000,0.0000,0.0000,7256.0000,0.0000,0.0000,0.0000,0.0000,48,0,0,0,0,359,0,0,0,0
zc,TA301,2012-06-19 09:05:15.230,7256.0000,163174,4,0.0000,4.0000,4,0,双开,B,7254.0000,0.0000,0.0000,0.0000,0.0000,7256.0000,0.0000,0.0000,0.0000,0.0000,49,0,0,0,0,357,0,0,0,0
zc,TA301,2012-06-19 09:05:15.730,7256.0000,163196,22,0.0000,22.0000,22,0,双开,B,7254.0000,0.0000,0.0000,0.0000,0.0000,7256.0000,0.0000,0.0000,0.0000,0.0000,52,0,0,0,0,346,0,0,0,0
zc,TA301,2012-06-19 09:05:16.247,7256.0000,163200,4,0.0000,4.0000,4,0,双开,B,7254.0000,0.0000,0.0000,0.0000,0.0000,7256.0000,0.0000,0.0000,0.0000,0.0000,52,0,0,0,0,344,0,0,0,0
zc,TA301,2012-06-19 09:05:17.510,7256.0000,163204,4,0.0000,4.0000,4,0,双开,B,7254.0000,0.0000,0.0000,0.0000,0.0000,7256.0000,0.0000,0.0000,0.0000,0.0000,53,0,0,0,0,342,0,0,0,0
zc,TA301,2012-06-19 09:05:18.043,7256.0000,163210,6,0.0000,6.0000,6,0,双开,B,7254.0000,0.0000,0.0000,0.0000,0.0000,7256.0000,0.0000,0.0000,0.0000,0.0000,31,0,0,0,0,359,0,0,0,0
zc,TA301,2012-06-19 09:05:18.747,7254.0000,163212,2,0.0000,2.0000,2,0,双开,S,7254.0000,0.0000,0.0000,0.0000,0.0000,7256.0000,0.0000,0.0000,0.0000,0.0000,30,0,0,0,0,359,0,0,0,0
zc,TA301,2012-06-19 09:05:19.230,7256.0000,163212,0,0.0000,4.0000,2,2,多换,B,7254.0000,0.0000,0.0000,0.0000,0.0000,7256.0000,0.0000,0.0000,0.0000,0.0000,35,0,0,0,0,357,0,0,0,0
zc,TA301,2012-06-19 09:05:19.730,7256.0000,163216,4,0.0000,4.0000,4,0,双开,B,7254.0000,0.0000,0.0000,0.0000,0.0000,7256.0000,0.0000,0.0000,0.0000,0.0000,35,0,0,0,0,356,0,0,0,0
zc,TA301,2012-06-19 09:05:20.527,7256.0000,163218,2,0.0000,2.0000,2,0,双开,B,7254.0000,0.0000,0.0000,0.0000,0.0000,7256.0000,0.0000,0.0000,0.0000,0.0000,35,0,0,0,0,355,0,0,0,0
zc,TA301,2012-06-19 09:05:20.997,7256.0000,163218,0,0.0000,2.0000,1,1,多换,B,7254.0000,0.0000,0.0000,0.0000,0.0000,7256.0000,0.0000,0.0000,0.0000,0.0000,35,0,0,0,0,354,0,0,0,0
zc,TA301,2012-06-19 09:05:21.793,7254.0000,163218,0,0.0000,2.0000,1,1,空换,S,7254.0000,0.0000,0.0000,0.0000,0.0000,7256.0000,0.0000,0.0000,0.0000,0.0000,61,0,0,0,0,334,0,0,0,0
zc,TA301,2012-06-19 09:05:22.497,7256.0000,163232,14,0.0000,40.0000,27,13,多开,B,7254.0000,0.0000,0.0000,0.0000,0.0000,7256.0000,0.0000,0.0000,0.0000,0.0000,48,0,0,0,0,328,0,0,0,0
zc,TA301,2012-06-19 09:05:22.980,7254.0000,163212,-20,0.0000,26.0000,3,23,多平,S,7254.0000,0.0000,0.0000,0.0000,0.0000,7256.0000,0.0000,0.0000,0.0000,0.0000,35,0,0,0,0,328,0,0,0,0
zc,TA301,2012-06-19 09:05:23.510,7254.0000,163206,-6,0.0000,12.0000,3,9,多平,S,7254.0000,0.0000,0.0000,0.0000,0.0000,7256.0000,0.0000,0.0000,0.0000,0.0000,30,0,0,0,0,341,0,0,0,0
zc,TA301,2012-06-19 09:05:24.260,7254.0000,163206,0,0.0000,8.0000,4,4,空换,S,7254.0000,0.0000,0.0000,0.0000,0.0000,7256.0000,0.0000,0.0000,0.0000,0.0000,28,0,0,0,0,359,0,0,0,0
zc,TA301,2012-06-19 09:05:24.747,7254.0000,163206,0,0.0000,2.0000,1,1,空换,S,7254.0000,0.0000,0.0000,0.0000,0.0000,7256.0000,0.0000,0.0000,0.0000,0.0000,27,0,0,0,0,359,0,0,0,0
zc,TA301,2012-06-19 09:05:25.213,7256.0000,163208,2,0.0000,2.0000,2,0,双开,B,7254.0000,0.0000,0.0000,0.0000,0.0000,7256.0000,0.0000,0.0000,0.0000,0.0000,29,0,0,0,0,358,0,0,0,0
zc,TA301,2012-06-19 09:05:25.730,7256.0000,163210,2,0.0000,4.0000,3,1,多开,B,7254.0000,0.0000,0.0000,0.0000,0.0000,7256.0000,0.0000,0.0000,0.0000,0.0000,28,0,0,0,0,357,0,0,0,0
zc,TA301,2012-06-19 09:05:26.980,7254.0000,163208,-2,0.0000,2.0000,0,2,双平,S,7254.0000,0.0000,0.0000,0.0000,0.0000,7256.0000,0.0000,0.0000,0.0000,0.0000,27,0,0,0,0,357,0,0,0,0
zc,TA301,2012-06-19 09:05:27.543,7254.0000,163178,-30,0.0000,62.0000,16,46,多平,S,7252.0000,0.0000,0.0000,0.0000,0.0000,7254.0000,0.0000,0.0000,0.0000,0.0000,88,0,0,0,0,40,0,0,0,0
zc,TA301,2012-06-19 09:05:28.247,7254.0000,163178,0,0.0000,2.0000,1,1,空换,S,7252.0000,0.0000,0.0000,0.0000,0.0000,7254.0000,0.0000,0.0000,0.0000,0.0000,88,0,0,0,0,40,0,0,0,0
zc,TA301,2012-06-19 09:05:28.760,7254.0000,163160,-18,0.0000,24.0000,3,21,多平,S,7252.0000,0.0000,0.0000,0.0000,0.0000,7254.0000,0.0000,0.0000,0.0000,0.0000,87,0,0,0,0,29,0,0,0,0
zc,TA301,2012-06-19 09:05:29.277,7252.0000,163172,12,0.0000,12.0000,12,0,双开,S,7252.0000,0.0000,0.0000,0.0000,0.0000,7254.0000,0.0000,0.0000,0.0000,0.0000,81,0,0,0,0,29,0,0,0,0
zc,TA301,2012-06-19 09:05:29.793,7254.0000,163172,0,0.0000,2.0000,1,1,多换,B,7252.0000,0.0000,0.0000,0.0000,0.0000,7254.0000,0.0000,0.0000,0.0000,0.0000,82,0,0,0,0,31,0,0,0,0
zc,TA301,2012-06-19 09:05:30.510,7254.0000,163132,-40,0.0000,40.0000,0,40,双平,B,7252.0000,0.0000,0.0000,0.0000,0.0000,7254.0000,0.0000,0.0000,0.0000,0.0000,83,0,0,0,0,11,0,0,0,0
zc,TA301,2012-06-19 09:05:31.510,7254.0000,163132,0,0.0000,2.0000,1,1,多换,B,7252.0000,0.0000,0.0000,0.0000,0.0000,7254.0000,0.0000,0.0000,0.0000,0.0000,83,0,0,0,0,10,0,0,0,0
zc,TA301,2012-06-19 09:05:32.293,7254.0000,163140,8,0.0000,22.0000,15,7,多开,B,7254.0000,0.0000,0.0000,0.0000,0.0000,7256.0000,0.0000,0.0000,0.0000,0.0000,32,0,0,0,0,322,0,0,0,0
zc,TA301,2012-06-19 09:05:32.747,7254.0000,163142,2,0.0000,2.0000,2,0,双开,B,7254.0000,0.0000,0.0000,0.0000,0.0000,7256.0000,0.0000,0.0000,0.0000,0.0000,38,0,0,0,0,322,0,0,0,0
zc,TA301,2012-06-19 09:05:33.543,7254.0000,163144,2,0.0000,28.0000,15,13,多开,B,7254.0000,0.0000,0.0000,0.0000,0.0000,7256.0000,0.0000,0.0000,0.0000,0.0000,55,0,0,0,0,322,0,0,0,0
zc,TA301,2012-06-19 09:05:34.463,7254.0000,163144,0,0.0000,0.0000,0,0,多换,B,7254.0000,0.0000,0.0000,0.0000,0.0000,7256.0000,0.0000,0.0000,0.0000,0.0000,55,0,0,0,0,321,0,0,0,0
zc,TA301,2012-06-19 09:05:34.997,7254.0000,163152,8,0.0000,12.0000,10,2,多开,B,7254.0000,0.0000,0.0000,0.0000,0.0000,7256.0000,0.0000,0.0000,0.0000,0.0000,49,0,0,0,0,320,0,0,0,0
zc,TA301,2012-06-19 09:05:35.747,7254.0000,163152,0,0.0000,0.0000,0,0,多换,B,7254.0000,0.0000,0.0000,0.0000,0.0000,7256.0000,0.0000,0.0000,0.0000,0.0000,50,0,0,0,0,320,0,0,0,0
zc,TA301,2012-06-19 09:05:36.260,7254.0000,163152,0,0.0000,0.0000,0,0,多换,B,7254.0000,0.0000,0.0000,0.0000,0.0000,7256.0000,0.0000,0.0000,0.0000,0.0000,45,0,0,0,0,320,0,0,0,0
zc,TA301,2012-06-19 09:05:37.010,7254.0000,163154,2,0.0000,12.0000,7,5,多开,B,7254.0000,0.0000,0.0000,0.0000,0.0000,7256.0000,0.0000,0.0000,0.0000,0.0000,45,0,0,0,0,315,0,0,0,0
zc,TA301,2012-06-19 09:05:37.497,7256.0000,163176,22,0.0000,22.0000,22,0,双开,B,7254.0000,0.0000,0.0000,0.0000,0.0000,7256.0000,0.0000,0.0000,0.0000,0.0000,35,0,0,0,0,314,0,0,0,0
zc,TA301,2012-06-19 09:05:38.027,7254.0000,163176,0,0.0000,2.0000,1,1,空换,S,7254.0000,0.0000,0.0000,0.0000,0.0000,7256.0000,0.0000,0.0000,0.0000,0.0000,34,0,0,0,0,314,0,0,0,0
zc,TA301,2012-06-19 09:05:38.777,7254.0000,163178,2,0.0000,2.0000,2,0,双开,S,7254.0000,0.0000,0.0000,0.0000,0.0000,7256.0000,0.0000,0.0000,0.0000,0.0000,33,0,0,0,0,317,0,0,0,0
zc,TA301,2012-06-19 09:05:39.247,7254.0000,163178,0,0.0000,8.0000,4,4,空换,S,7254.0000,0.0000,0.0000,0.0000,0.0000,7256.0000,0.0000,0.0000,0.0000,0.0000,29,0,0,0,0,317,0,0,0,0
zc,TA301,2012-06-19 09:05:39.760,7254.0000,163184,6,0.0000,6.0000,6,0,双开,S,7254.0000,0.0000,0.0000,0.0000,0.0000,7256.0000,0.0000,0.0000,0.0000,0.0000,29,0,0,0,0,315,0,0,0,0
zc,TA301,2012-06-19 09:05:40.230,7254.0000,163190,6,0.0000,16.0000,11,5,空开,S,7254.0000,0.0000,0.0000,0.0000,0.0000,7256.0000,0.0000,0.0000,0.0000,0.0000,26,0,0,0,0,310,0,0,0,0
zc,TA301,2012-06-19 09:05:41.010,7254.0000,163192,2,0.0000,2.0000,2,0,双开,S,7254.0000,0.0000,0.0000,0.0000,0.0000,7256.0000,0.0000,0.0000,0.0000,0.0000,25,0,0,0,0,310,0,0,0,0
zc,TA301,2012-06-19 09:05:41.510,7254.0000,163194,2,0.0000,2.0000,2,0,双开,S,7254.0000,0.0000,0.0000,0.0000,0.0000,7256.0000,0.0000,0.0000,0.0000,0.0000,31,0,0,0,0,310,0,0,0,0
zc,TA301,2012-06-19 09:05:42.277,7256.0000,163196,2,0.0000,6.0000,4,2,多开,B,7254.0000,0.0000,0.0000,0.0000,0.0000,7256.0000,0.0000,0.0000,0.0000,0.0000,31,0,0,0,0,317,0,0,0,0
zc,TA301,2012-06-19 09:05:43.963,7254.0000,163196,0,0.0000,2.0000,1,1,空换,S,7254.0000,0.0000,0.0000,0.0000,0.0000,7256.0000,0.0000,0.0000,0.0000,0.0000,30,0,0,0,0,317,0,0,0,0
zc,TA301,2012-06-19 09:05:44.247,7254.0000,163198,2,0.0000,2.0000,2,0,双开,S,7254.0000,0.0000,0.0000,0.0000,0.0000,7256.0000,0.0000,0.0000,0.0000,0.0000,34,0,0,0,0,317,0,0,0,0
zc,TA301,2012-06-19 09:05:45.027,7256.0000,163218,20,0.0000,20.0000,20,0,双开,B,7254.0000,0.0000,0.0000,0.0000,0.0000,7256.0000,0.0000,0.0000,0.0000,0.0000,34,0,0,0,0,307,0,0,0,0
zc,TA301,2012-06-19 09:05:46.277,7256.0000,163218,0,0.0000,0.0000,0,0,多换,B,7254.0000,0.0000,0.0000,0.0000,0.0000,7256.0000,0.0000,0.0000,0.0000,0.0000,36,0,0,0,0,297,0,0,0,0
zc,TA301,2012-06-19 09:05:46.793,7256.0000,163218,0,0.0000,2.0000,1,1,多换,B,7254.0000,0.0000,0.0000,0.0000,0.0000,7256.0000,0.0000,0.0000,0.0000,0.0000,36,0,0,0,0,296,0,0,0,0
zc,TA301,2012-06-19 09:05:47.337,7256.0000,163218,0,0.0000,0.0000,0,0,多换,B,7254.0000,0.0000,0.0000,0.0000,0.0000,7256.0000,0.0000,0.0000,0.0000,0.0000,38,0,0,0,0,296,0,0,0,0
zc,TA301,2012-06-19 09:05:48.057,7254.0000,163242,24,0.0000,44.0000,34,10,空开,S,7254.0000,0.0000,0.0000,0.0000,0.0000,7256.0000,0.0000,0.0000,0.0000,0.0000,16,0,0,0,0,296,0,0,0,0
zc,TA301,2012-06-19 09:05:48.510,7254.0000,163242,0,0.0000,14.0000,7,7,空换,S,7254.0000,0.0000,0.0000,0.0000,0.0000,7256.0000,0.0000,0.0000,0.0000,0.0000,109,0,0,0,0,296,0,0,0,0
zc,TA301,2012-06-19 09:05:49.010,7256.0000,163282,40,0.0000,40.0000,40,0,双开,B,7254.0000,0.0000,0.0000,0.0000,0.0000,7256.0000,0.0000,0.0000,0.0000,0.0000,109,0,0,0,0,276,0,0,0,0
zc,TA301,2012-06-19 09:05:49.543,7256.0000,163284,2,0.0000,4.0000,3,1,多开,B,7254.0000,0.0000,0.0000,0.0000,0.0000,7256.0000,0.0000,0.0000,0.0000,0.0000,109,0,0,0,0,284,0,0,0,0
zc,TA301,2012-06-19 09:05:50.293,7256.0000,163284,0,0.0000,0.0000,0,0,多换,B,7254.0000,0.0000,0.0000,0.0000,0.0000,7256.0000,0.0000,0.0000,0.0000,0.0000,108,0,0,0,0,274,0,0,0,0
zc,TA301,2012-06-19 09:05:51.260,7254.0000,163284,0,0.0000,2.0000,1,1,空换,S,7254.0000,0.0000,0.0000,0.0000,0.0000,7256.0000,0.0000,0.0000,0.0000,0.0000,107,0,0,0,0,274,0,0,0,0
zc,TA301,2012-06-19 09:05:51.997,7254.0000,163284,0,0.0000,0.0000,0,0,空换,S,7254.0000,0.0000,0.0000,0.0000,0.0000,7256.0000,0.0000,0.0000,0.0000,0.0000,108,0,0,0,0,274,0,0,0,0
zc,TA301,2012-06-19 09:05:52.480,7254.0000,163294,10,0.0000,10.0000,10,0,双开,S,7254.0000,0.0000,0.0000,0.0000,0.0000,7256.0000,0.0000,0.0000,0.0000,0.0000,106,0,0,0,0,272,0,0,0,0
zc,TA301,2012-06-19 09:05:53.260,7254.0000,163292,-2,0.0000,10.0000,4,6,多平,S,7254.0000,0.0000,0.0000,0.0000,0.0000,7256.0000,0.0000,0.0000,0.0000,0.0000,101,0,0,0,0,272,0,0,0,0
zc,TA301,2012-06-19 09:05:53.510,7256.0000,163294,2,0.0000,2.0000,2,0,双开,B,7254.0000,0.0000,0.0000,0.0000,0.0000,7256.0000,0.0000,0.0000,0.0000,0.0000,101,0,0,0,0,271,0,0,0,0
zc,TA301,2012-06-19 09:05:54.260,7256.0000,163298,4,0.0000,6.0000,5,1,多开,B,7254.0000,0.0000,0.0000,0.0000,0.0000,7256.0000,0.0000,0.0000,0.0000,0.0000,107,0,0,0,0,268,0,0,0,0
zc,TA301,2012-06-19 09:05:54.747,7254.0000,163298,0,0.0000,60.0000,30,30,空换,S,7254.0000,0.0000,0.0000,0.0000,0.0000,7256.0000,0.0000,0.0000,0.0000,0.0000,78,0,0,0,0,268,0,0,0,0
zc,TA301,2012-06-19 09:05:55.543,7256.0000,163302,4,0.0000,6.0000,5,1,多开,B,7254.0000,0.0000,0.0000,0.0000,0.0000,7256.0000,0.0000,0.0000,0.0000,0.0000,78,0,0,0,0,265,0,0,0,0
zc,TA301,2012-06-19 09:05:55.997,7256.0000,163302,0,0.0000,20.0000,10,10,多换,B,7254.0000,0.0000,0.0000,0.0000,0.0000,7256.0000,0.0000,0.0000,0.0000,0.0000,79,0,0,0,0,255,0,0,0,0
zc,TA301,2012-06-19 09:05:56.510,7256.0000,163304,2,0.0000,14.0000,8,6,多开,B,7254.0000,0.0000,0.0000,0.0000,0.0000,7256.0000,0.0000,0.0000,0.0000,0.0000,77,0,0,0,0,300,0,0,0,0
zc,TA301,2012-06-19 09:05:57.277,7254.0000,163320,16,0.0000,18.0000,17,1,空开,S,7254.0000,0.0000,0.0000,0.0000,0.0000,7256.0000,0.0000,0.0000,0.0000,0.0000,73,0,0,0,0,295,0,0,0,0
zc,TA301,2012-06-19 09:05:57.730,7256.0000,163400,80,0.0000,80.0000,80,0,双开,B,7254.0000,0.0000,0.0000,0.0000,0.0000,7256.0000,0.0000,0.0000,0.0000,0.0000,73,0,0,0,0,255,0,0,0,0
zc,TA301,2012-06-19 09:05:58.747,7256.0000,163404,4,0.0000,12.0000,8,4,多开,B,7254.0000,0.0000,0.0000,0.0000,0.0000,7256.0000,0.0000,0.0000,0.0000,0.0000,73,0,0,0,0,249,0,0,0,0
zc,TA301,2012-06-19 09:05:59.527,7256.0000,163464,60,0.0000,70.0000,65,5,多开,B,7254.0000,0.0000,0.0000,0.0000,0.0000,7256.0000,0.0000,0.0000,0.0000,0.0000,68,0,0,0,0,215,0,0,0,0
zc,TA301,2012-06-19 09:05:59.980,7256.0000,163486,22,0.0000,26.0000,24,2,多开,B,7254.0000,0.0000,0.0000,0.0000,0.0000,7256.0000,0.0000,0.0000,0.0000,0.0000,66,0,0,0,0,203,0,0,0,0
zc,TA301,2012-06-19 09:06:00.760,7256.0000,163486,0,0.0000,0.0000,0,0,多换,B,7254.0000,0.0000,0.0000,0.0000,0.0000,7256.0000,0.0000,0.0000,0.0000,0.0000,77,0,0,0,0,203,0,0,0,0
zc,TA301,2012-06-19 09:06:01.760,7256.0000,163488,2,0.0000,4.0000,3,1,多开,B,7254.0000,0.0000,0.0000,0.0000,0.0000,7256.0000,0.0000,0.0000,0.0000,0.0000,80,0,0,0,0,202,0,0,0,0
zc,TA301,2012-06-19 09:06:03.010,7254.0000,163490,2,0.0000,6.0000,4,2,空开,S,7254.0000,0.0000,0.0000,0.0000,0.0000,7256.0000,0.0000,0.0000,0.0000,0.0000,80,0,0,0,0,200,0,0,0,0
zc,TA301,2012-06-19 09:06:03.730,7256.0000,163496,6,0.0000,6.0000,6,0,双开,B,7254.0000,0.0000,0.0000,0.0000,0.0000,7256.0000,0.0000,0.0000,0.0000,0.0000,82,0,0,0,0,197,0,0,0,0
zc,TA301,2012-06-19 09:06:03.997,7256.0000,163498,2,0.0000,2.0000,2,0,双开,B,7254.0000,0.0000,0.0000,0.0000,0.0000,7256.0000,0.0000,0.0000,0.0000,0.0000,82,0,0,0,0,196,0,0,0,0
zc,TA301,2012-06-19 09:06:04.777,7256.0000,163498,0,0.0000,0.0000,0,0,多换,B,7254.0000,0.0000,0.0000,0.0000,0.0000,7256.0000,0.0000,0.0000,0.0000,0.0000,84,0,0,0,0,196,0,0,0,0
zc,TA301,2012-06-19 09:06:05.260,7256.0000,163500,2,0.0000,2.0000,2,0,双开,B,7254.0000,0.0000,0.0000,0.0000,0.0000,7256.0000,0.0000,0.0000,0.0000,0.0000,84,0,0,0,0,195,0,0,0,0
zc,TA301,2012-06-19 09:06:06.510,7256.0000,163512,12,0.0000,40.0000,26,14,多开,B,7254.0000,0.0000,0.0000,0.0000,0.0000,7256.0000,0.0000,0.0000,0.0000,0.0000,84,0,0,0,0,175,0,0,0,0
zc,TA301,2012-06-19 09:06:07.277,7256.0000,163512,0,0.0000,20.0000,10,10,多换,B,7254.0000,0.0000,0.0000,0.0000,0.0000,7256.0000,0.0000,0.0000,0.0000,0.0000,84,0,0,0,0,165,0,0,0,0
zc,TA301,2012-06-19 09:06:07.777,7256.0000,163514,2,0.0000,2.0000,2,0,双开,B,7254.0000,0.0000,0.0000,0.0000,0.0000,7256.0000,0.0000,0.0000,0.0000,0.0000,84,0,0,0,0,164,0,0,0,0
zc,TA301,2012-06-19 09:06:08.230,7256.0000,163514,0,0.0000,0.0000,0,0,多换,B,7254.0000,0.0000,0.0000,0.0000,0.0000,7256.0000,0.0000,0.0000,0.0000,0.0000,86,0,0,0,0,164,0,0,0,0
zc,TA301,2012-06-19 09:06:09.527,7256.0000,163520,6,0.0000,44.0000,25,19,多开,B,7254.0000,0.0000,0.0000,0.0000,0.0000,7256.0000,0.0000,0.0000,0.0000,0.0000,92,0,0,0,0,147,0,0,0,0
