市场代码,合约代码,时间,最新,持仓,增仓,成交额,成交量,开仓,平仓,成交类型,方向,买一价,买二价,买三价,买四价,买五价,卖一价,卖二价,卖三价,卖四价,卖五价,买一量,买二量,买三量,买四量,买五量,卖一量,卖二量,卖三量,卖四量,卖五量
zc,TA209,2012-06-19 07:40:48.150,0.0000,452724,0,0.0000,0.0000,0,0,空换,S,0.0000,0.0000,0.0000,0.0000,0.0000,0.0000,0.0000,0.0000,0.0000,0.0000,0,0,0,0,0,0,0,0,0,0
zc,TA209,2012-06-19 07:48:08.947,0.0000,452724,0,0.0000,0.0000,0,0,空换,S,0.0000,0.0000,0.0000,0.0000,0.0000,0.0000,0.0000,0.0000,0.0000,0.0000,0,0,0,0,0,0,0,0,0,0
zc,TA209,2012-06-19 07:56:08.933,0.0000,452724,0,0.0000,0.0000,0,0,空换,S,0.0000,0.0000,0.0000,0.0000,0.0000,0.0000,0.0000,0.0000,0.0000,0.0000,0,0,0,0,0,0,0,0,0,0
zc,TA209,2012-06-19 08:04:10.980,0.0000,452724,0,0.0000,0.0000,0,0,空换,S,0.0000,0.0000,0.0000,0.0000,0.0000,0.0000,0.0000,0.0000,0.0000,0.0000,0,0,0,0,0,0,0,0,0,0
zc,TA209,2012-06-19 08:13:10.997,0.0000,452724,0,0.0000,0.0000,0,0,空换,S,0.0000,0.0000,0.0000,0.0000,0.0000,0.0000,0.0000,0.0000,0.0000,0.0000,0,0,0,0,0,0,0,0,0,0
zc,TA209,2012-06-19 08:14:10.980,0.0000,452724,0,0.0000,0.0000,0,0,空换,S,0.0000,0.0000,0.0000,0.0000,0.0000,0.0000,0.0000,0.0000,0.0000,0.0000,0,0,0,0,0,0,0,0,0,0
zc,TA209,2012-06-19 08:15:10.980,0.0000,452724,0,0.0000,0.0000,0,0,空换,S,0.0000,0.0000,0.0000,0.0000,0.0000,0.0000,0.0000,0.0000,0.0000,0.0000,0,0,0,0,0,0,0,0,0,0
zc,TA209,2012-06-19 08:19:10.980,0.0000,452724,0,0.0000,0.0000,0,0,空换,S,0.0000,0.0000,0.0000,0.0000,0.0000,0.0000,0.0000,0.0000,0.0000,0.0000,0,0,0,0,0,0,0,0,0,0
zc,TA209,2012-06-19 08:21:10.980,0.0000,452724,0,0.0000,0.0000,0,0,空换,S,0.0000,0.0000,0.0000,0.0000,0.0000,0.0000,0.0000,0.0000,0.0000,0.0000,0,0,0,0,0,0,0,0,0,0
zc,TA209,2012-06-19 08:24:10.980,0.0000,452724,0,0.0000,0.0000,0,0,空换,S,0.0000,0.0000,0.0000,0.0000,0.0000,0.0000,0.0000,0.0000,0.0000,0.0000,0,0,0,0,0,0,0,0,0,0
zc,TA209,2012-06-19 08:27:10.963,0.0000,452724,0,0.0000,0.0000,0,0,空换,S,0.0000,0.0000,0.0000,0.0000,0.0000,0.0000,0.0000,0.0000,0.0000,0.0000,0,0,0,0,0,0,0,0,0,0
zc,TA209,2012-06-19 08:29:10.963,0.0000,452724,0,0.0000,0.0000,0,0,空换,S,0.0000,0.0000,0.0000,0.0000,0.0000,0.0000,0.0000,0.0000,0.0000,0.0000,0,0,0,0,0,0,0,0,0,0
zc,TA209,2012-06-19 08:30:10.963,0.0000,452724,0,0.0000,0.0000,0,0,空换,S,0.0000,0.0000,0.0000,0.0000,0.0000,0.0000,0.0000,0.0000,0.0000,0.0000,0,0,0,0,0,0,0,0,0,0
zc,TA209,2012-06-19 08:32:10.980,0.0000,452724,0,0.0000,0.0000,0,0,空换,S,0.0000,0.0000,0.0000,0.0000,0.0000,0.0000,0.0000,0.0000,0.0000,0.0000,0,0,0,0,0,0,0,0,0,0
zc,TA209,2012-06-19 08:39:10.963,0.0000,452724,0,0.0000,0.0000,0,0,空换,S,0.0000,0.0000,0.0000,0.0000,0.0000,0.0000,0.0000,0.0000,0.0000,0.0000,0,0,0,0,0,0,0,0,0,0
zc,TA209,2012-06-19 08:40:10.963,0.0000,452724,0,0.0000,0.0000,0,0,空换,S,0.0000,0.0000,0.0000,0.0000,0.0000,0.0000,0.0000,0.0000,0.0000,0.0000,0,0,0,0,0,0,0,0,0,0
zc,TA209,2012-06-19 08:44:10.947,0.0000,452724,0,0.0000,0.0000,0,0,空换,S,0.0000,0.0000,0.0000,0.0000,0.0000,0.0000,0.0000,0.0000,0.0000,0.0000,0,0,0,0,0,0,0,0,0,0
zc,TA209,2012-06-19 08:45:10.947,0.0000,452724,0,0.0000,0.0000,0,0,空换,S,0.0000,0.0000,0.0000,0.0000,0.0000,0.0000,0.0000,0.0000,0.0000,0.0000,0,0,0,0,0,0,0,0,0,0
zc,TA209,2012-06-19 08:48:10.947,0.0000,452724,0,0.0000,0.0000,0,0,空换,S,0.0000,0.0000,0.0000,0.0000,0.0000,0.0000,0.0000,0.0000,0.0000,0.0000,0,0,0,0,0,0,0,0,0,0
zc,TA209,2012-06-19 08:49:10.947,0.0000,452724,0,0.0000,0.0000,0,0,空换,S,0.0000,0.0000,0.0000,0.0000,0.0000,0.0000,0.0000,0.0000,0.0000,0.0000,0,0,0,0,0,0,0,0,0,0
zc,TA209,2012-06-19 08:50:10.947,0.0000,452724,0,0.0000,0.0000,0,0,空换,S,0.0000,0.0000,0.0000,0.0000,0.0000,0.0000,0.0000,0.0000,0.0000,0.0000,0,0,0,0,0,0,0,0,0,0
zc,TA209,2012-06-19 08:54:10.947,0.0000,452724,0,0.0000,0.0000,0,0,空换,S,0.0000,0.0000,0.0000,0.0000,0.0000,0.0000,0.0000,0.0000,0.0000,0.0000,0,0,0,0,0,0,0,0,0,0
zc,TA209,2012-06-19 08:55:00.697,0.0000,452724,0,0.0000,0.0000,0,0,空换,S,0.0000,0.0000,0.0000,0.0000,0.0000,0.0000,0.0000,0.0000,0.0000,0.0000,0,0,0,0,0,0,0,0,0,0
zc,TA209,2012-06-19 08:55:04.447,0.0000,452724,0,0.0000,0.0000,0,0,空换,S,0.0000,0.0000,0.0000,0.0000,0.0000,0.0000,0.0000,0.0000,0.0000,0.0000,0,0,0,0,0,0,0,0,0,0
zc,TA209,2012-06-19 08:55:08.933,0.0000,452724,0,0.0000,0.0000,0,0,空换,S,0.0000,0.0000,0.0000,0.0000,0.0000,0.0000,0.0000,0.0000,0.0000,0.0000,0,0,0,0,0,0,0,0,0,0
zc,TA209,2012-06-19 08:55:09.197,0.0000,452724,0,0.0000,0.0000,0,0,空换,S,0.0000,0.0000,0.0000,0.0000,0.0000,0.0000,0.0000,0.0000,0.0000,0.0000,0,0,0,0,0,0,0,0,0,0
zc,TA209,2012-06-19 08:55:10.183,0.0000,452724,0,0.0000,0.0000,0,0,空换,S,0.0000,0.0000,0.0000,0.0000,0.0000,0.0000,0.0000,0.0000,0.0000,0.0000,0,0,0,0,0,0,0,0,0,0
zc,TA209,2012-06-19 08:55:10.947,0.0000,452724,0,0.0000,0.0000,0,0,空换,S,0.0000,0.0000,0.0000,0.0000,0.0000,0.0000,0.0000,0.0000,0.0000,0.0000,0,0,0,0,0,0,0,0,0,0
zc,TA209,2012-06-19 08:55:20.197,0.0000,452724,0,0.0000,0.0000,0,0,空换,S,0.0000,0.0000,0.0000,0.0000,0.0000,0.0000,0.0000,0.0000,0.0000,0.0000,0,0,0,0,0,0,0,0,0,0
zc,TA209,2012-06-19 08:55:29.447,0.0000,452724,0,0.0000,0.0000,0,0,空换,S,0.0000,0.0000,0.0000,0.0000,0.0000,0.0000,0.0000,0.0000,0.0000,0.0000,0,0,0,0,0,0,0,0,0,0
zc,TA209,2012-06-19 08:55:34.463,0.0000,452724,0,0.0000,0.0000,0,0,空换,S,0.0000,0.0000,0.0000,0.0000,0.0000,0.0000,0.0000,0.0000,0.0000,0.0000,0,0,0,0,0,0,0,0,0,0
zc,TA209,2012-06-19 08:55:45.183,0.0000,452724,0,0.0000,0.0000,0,0,空换,S,0.0000,0.0000,0.0000,0.0000,0.0000,0.0000,0.0000,0.0000,0.0000,0.0000,0,0,0,0,0,0,0,0,0,0
zc,TA209,2012-06-19 08:55:49.447,0.0000,452724,0,0.0000,0.0000,0,0,空换,S,0.0000,0.0000,0.0000,0.0000,0.0000,0.0000,0.0000,0.0000,0.0000,0.0000,0,0,0,0,0,0,0,0,0,0
zc,TA209,2012-06-19 08:56:02.697,0.0000,452724,0,0.0000,0.0000,0,0,空换,S,0.0000,0.0000,0.0000,0.0000,0.0000,0.0000,0.0000,0.0000,0.0000,0.0000,0,0,0,0,0,0,0,0,0,0
zc,TA209,2012-06-19 08:56:07.463,0.0000,452724,0,0.0000,0.0000,0,0,空换,S,0.0000,0.0000,0.0000,0.0000,0.0000,0.0000,0.0000,0.0000,0.0000,0.0000,0,0,0,0,0,0,0,0,0,0
zc,TA209,2012-06-19 08:56:10.933,0.0000,452724,0,0.0000,0.0000,0,0,空换,S,0.0000,0.0000,0.0000,0.0000,0.0000,0.0000,0.0000,0.0000,0.0000,0.0000,0,0,0,0,0,0,0,0,0,0
zc,TA209,2012-06-19 08:56:25.183,0.0000,452724,0,0.0000,0.0000,0,0,空换,S,0.0000,0.0000,0.0000,0.0000,0.0000,0.0000,0.0000,0.0000,0.0000,0.0000,0,0,0,0,0,0,0,0,0,0
zc,TA209,2012-06-19 08:56:36.933,0.0000,452724,0,0.0000,0.0000,0,0,空换,S,0.0000,0.0000,0.0000,0.0000,0.0000,0.0000,0.0000,0.0000,0.0000,0.0000,0,0,0,0,0,0,0,0,0,0
zc,TA209,2012-06-19 08:56:39.697,0.0000,452724,0,0.0000,0.0000,0,0,空换,S,0.0000,0.0000,0.0000,0.0000,0.0000,0.0000,0.0000,0.0000,0.0000,0.0000,0,0,0,0,0,0,0,0,0,0
zc,TA209,2012-06-19 08:56:53.433,0.0000,452724,0,0.0000,0.0000,0,0,空换,S,0.0000,0.0000,0.0000,0.0000,0.0000,0.0000,0.0000,0.0000,0.0000,0.0000,0,0,0,0,0,0,0,0,0,0
zc,TA209,2012-06-19 08:56:56.433,0.0000,452724,0,0.0000,0.0000,0,0,空换,S,0.0000,0.0000,0.0000,0.0000,0.0000,0.0000,0.0000,0.0000,0.0000,0.0000,0,0,0,0,0,0,0,0,0,0
zc,TA209,2012-06-19 08:56:58.933,0.0000,452724,0,0.0000,0.0000,0,0,空换,S,0.0000,0.0000,0.0000,0.0000,0.0000,0.0000,0.0000,0.0000,0.0000,0.0000,0,0,0,0,0,0,0,0,0,0
zc,TA209,2012-06-19 08:57:07.433,0.0000,452724,0,0.0000,0.0000,0,0,空换,S,0.0000,0.0000,0.0000,0.0000,0.0000,0.0000,0.0000,0.0000,0.0000,0.0000,0,0,0,0,0,0,0,0,0,0
zc,TA209,2012-06-19 08:57:10.933,0.0000,452724,0,0.0000,0.0000,0,0,空换,S,0.0000,0.0000,0.0000,0.0000,0.0000,0.0000,0.0000,0.0000,0.0000,0.0000,0,0,0,0,0,0,0,0,0,0
zc,TA209,2012-06-19 08:57:15.197,0.0000,452724,0,0.0000,0.0000,0,0,空换,S,0.0000,0.0000,0.0000,0.0000,0.0000,0.0000,0.0000,0.0000,0.0000,0.0000,0,0,0,0,0,0,0,0,0,0
zc,TA209,2012-06-19 08:57:18.947,0.0000,452724,0,0.0000,0.0000,0,0,空换,S,0.0000,0.0000,0.0000,0.0000,0.0000,0.0000,0.0000,0.0000,0.0000,0.0000,0,0,0,0,0,0,0,0,0,0
zc,TA209,2012-06-19 08:57:31.433,0.0000,452724,0,0.0000,0.0000,0,0,空换,S,0.0000,0.0000,0.0000,0.0000,0.0000,0.0000,0.0000,0.0000,0.0000,0.0000,0,0,0,0,0,0,0,0,0,0
zc,TA209,2012-06-19 08:57:34.683,0.0000,452724,0,0.0000,0.0000,0,0,空换,S,0.0000,0.0000,0.0000,0.0000,0.0000,0.0000,0.0000,0.0000,0.0000,0.0000,0,0,0,0,0,0,0,0,0,0
zc,TA209,2012-06-19 08:58:09.463,0.0000,452724,0,0.0000,0.0000,0,0,空换,S,0.0000,0.0000,0.0000,0.0000,0.0000,0.0000,0.0000,0.0000,0.0000,0.0000,0,0,0,0,0,0,0,0,0,0
zc,TA209,2012-06-19 08:58:10.933,0.0000,452724,0,0.0000,0.0000,0,0,空换,S,0.0000,0.0000,0.0000,0.0000,0.0000,0.0000,0.0000,0.0000,0.0000,0.0000,0,0,0,0,0,0,0,0,0,0
zc,TA209,2012-06-19 08:58:39.947,0.0000,452724,0,0.0000,0.0000,0,0,空换,S,0.0000,0.0000,0.0000,0.0000,0.0000,0.0000,0.0000,0.0000,0.0000,0.0000,0,0,0,0,0,0,0,0,0,0
zc,TA209,2012-06-19 08:58:41.463,0.0000,452724,0,0.0000,0.0000,0,0,空换,S,0.0000,0.0000,0.0000,0.0000,0.0000,0.0000,0.0000,0.0000,0.0000,0.0000,0,0,0,0,0,0,0,0,0,0
zc,TA209,2012-06-19 08:58:54.683,0.0000,452724,0,0.0000,0.0000,0,0,空换,S,0.0000,0.0000,0.0000,0.0000,0.0000,0.0000,0.0000,0.0000,0.0000,0.0000,0,0,0,0,0,0,0,0,0,0
zc,TA209,2012-06-19 08:58:55.683,0.0000,452724,0,0.0000,0.0000,0,0,空换,S,0.0000,0.0000,0.0000,0.0000,0.0000,0.0000,0.0000,0.0000,0.0000,0.0000,0,0,0,0,0,0,0,0,0,0
zc,TA209,2012-06-19 08:59:00.120,7270.0000,452510,-214,0.0000,1854.0000,820,1034,空平,B,7268.0000,0.0000,0.0000,0.0000,0.0000,7270.0000,0.0000,0.0000,0.0000,0.0000,14,0,0,0,0,138,0,0,0,0
zc,TA209,2012-06-19 08:59:10.933,7270.0000,452510,0,0.0000,0.0000,0,0,多换,B,7268.0000,0.0000,0.0000,0.0000,0.0000,7270.0000,0.0000,0.0000,0.0000,0.0000,14,0,0,0,0,138,0,0,0,0
zc,TA209,2012-06-19 08:59:59.980,7270.0000,452510,0,0.0000,0.0000,0,0,多换,B,7268.0000,0.0000,0.0000,0.0000,0.0000,7270.0000,0.0000,0.0000,0.0000,0.0000,17,0,0,0,0,138,0,0,0,0
zc,TA209,2012-06-19 09:00:00.587,7268.0000,452582,72,0.0000,122.0000,97,25,空开,S,7268.0000,0.0000,0.0000,0.0000,0.0000,7270.0000,0.0000,0.0000,0.0000,0.0000,12,0,0,0,0,99,0,0,0,0
zc,TA209,2012-06-19 09:00:02.103,7270.0000,453002,420,0.0000,1948.0000,1184,764,多开,B,7270.0000,0.0000,0.0000,0.0000,0.0000,7274.0000,0.0000,0.0000,0.0000,0.0000,5,0,0,0,0,5,0,0,0,0
zc,TA209,2012-06-19 09:00:03.057,7268.0000,452976,-26,0.0000,304.0000,139,165,多平,S,7264.0000,0.0000,0.0000,0.0000,0.0000,7268.0000,0.0000,0.0000,0.0000,0.0000,55,0,0,0,0,32,0,0,0,0
zc,TA209,2012-06-19 09:00:03.807,7270.0000,452804,-172,0.0000,426.0000,127,299,空平,B,7268.0000,0.0000,0.0000,0.0000,0.0000,7270.0000,0.0000,0.0000,0.0000,0.0000,22,0,0,0,0,130,0,0,0,0
zc,TA209,2012-06-19 09:00:04.370,7266.0000,452822,18,0.0000,310.0000,164,146,空开,S,7264.0000,0.0000,0.0000,0.0000,0.0000,7266.0000,0.0000,0.0000,0.0000,0.0000,50,0,0,0,0,119,0,0,0,0
zc,TA209,2012-06-19 09:00:04.807,7266.0000,452954,132,0.0000,402.0000,267,135,空开,S,7264.0000,0.0000,0.0000,0.0000,0.0000,7266.0000,0.0000,0.0000,0.0000,0.0000,1,0,0,0,0,44,0,0,0,0
zc,TA209,2012-06-19 09:00:05.587,7266.0000,452876,-78,0.0000,226.0000,74,152,多平,S,7262.0000,0.0000,0.0000,0.0000,0.0000,7266.0000,0.0000,0.0000,0.0000,0.0000,29,0,0,0,0,5,0,0,0,0
zc,TA209,2012-06-19 09:00:06.057,7268.0000,453056,180,0.0000,358.0000,269,89,多开,B,7262.0000,0.0000,0.0000,0.0000,0.0000,7268.0000,0.0000,0.0000,0.0000,0.0000,49,0,0,0,0,83,0,0,0,0
zc,TA209,2012-06-19 09:00:06.823,7268.0000,452998,-58,0.0000,134.0000,38,96,空平,B,7266.0000,0.0000,0.0000,0.0000,0.0000,7268.0000,0.0000,0.0000,0.0000,0.0000,88,0,0,0,0,63,0,0,0,0
zc,TA209,2012-06-19 09:00:07.323,7264.0000,452890,-108,0.0000,302.0000,97,205,多平,S,7262.0000,0.0000,0.0000,0.0000,0.0000,7264.0000,0.0000,0.0000,0.0000,0.0000,54,0,0,0,0,1,0,0,0,0
zc,TA209,2012-06-19 09:00:08.027,7260.0000,453020,130,0.0000,264.0000,197,67,空开,S,7260.0000,0.0000,0.0000,0.0000,0.0000,7262.0000,0.0000,0.0000,0.0000,0.0000,195,0,0,0,0,128,0,0,0,0
zc,TA209,2012-06-19 09:00:08.307,7262.0000,453036,16,0.0000,216.0000,116,100,多开,B,7260.0000,0.0000,0.0000,0.0000,0.0000,7262.0000,0.0000,0.0000,0.0000,0.0000,192,0,0,0,0,24,0,0,0,0
zc,TA209,2012-06-19 09:00:09.027,7262.0000,453070,34,0.0000,134.0000,84,50,多开,B,7262.0000,0.0000,0.0000,0.0000,0.0000,7264.0000,0.0000,0.0000,0.0000,0.0000,51,0,0,0,0,31,0,0,0,0
zc,TA209,2012-06-19 09:00:09.543,7262.0000,453310,240,0.0000,712.0000,476,236,多开,B,7262.0000,0.0000,0.0000,0.0000,0.0000,7264.0000,0.0000,0.0000,0.0000,0.0000,6,0,0,0,0,6,0,0,0,0
zc,TA209,2012-06-19 09:00:10.543,7264.0000,453124,-186,0.0000,346.0000,80,266,空平,B,7262.0000,0.0000,0.0000,0.0000,0.0000,7264.0000,0.0000,0.0000,0.0000,0.0000,75,0,0,0,0,3,0,0,0,0
zc,TA209,2012-06-19 09:00:11.167,7262.0000,453204,80,0.0000,232.0000,156,76,空开,S,7262.0000,0.0000,0.0000,0.0000,0.0000,7266.0000,0.0000,0.0000,0.0000,0.0000,18,0,0,0,0,7,0,0,0,0
zc,TA209,2012-06-19 09:00:12.057,7264.0000,453190,-14,0.0000,208.0000,97,111,空平,B,7262.0000,0.0000,0.0000,0.0000,0.0000,7266.0000,0.0000,0.0000,0.0000,0.0000,64,0,0,0,0,2,0,0,0,0
zc,TA209,2012-06-19 09:00:12.573,7270.0000,452758,-432,0.0000,744.0000,156,588,空平,B,7262.0000,0.0000,0.0000,0.0000,0.0000,7270.0000,0.0000,0.0000,0.0000,0.0000,36,0,0,0,0,145,0,0,0,0
zc,TA209,2012-06-19 09:00:13.337,7264.0000,452760,2,0.0000,16.0000,9,7,空开,S,7264.0000,0.0000,0.0000,0.0000,0.0000,7268.0000,0.0000,0.0000,0.0000,0.0000,501,0,0,0,0,10,0,0,0,0
zc,TA209,2012-06-19 09:00:13.543,7266.0000,452746,-14,0.0000,66.0000,26,40,空平,B,7266.0000,0.0000,0.0000,0.0000,0.0000,7268.0000,0.0000,0.0000,0.0000,0.0000,62,0,0,0,0,1,0,0,0,0
zc,TA209,2012-06-19 09:00:14.307,7268.0000,452810,64,0.0000,216.0000,140,76,多开,B,7268.0000,0.0000,0.0000,0.0000,0.0000,7270.0000,0.0000,0.0000,0.0000,0.0000,19,0,0,0,0,146,0,0,0,0
zc,TA209,2012-06-19 09:00:14.793,7268.0000,452820,10,0.0000,82.0000,46,36,多开,B,7268.0000,0.0000,0.0000,0.0000,0.0000,7270.0000,0.0000,0.0000,0.0000,0.0000,79,0,0,0,0,131,0,0,0,0
zc,TA209,2012-06-19 09:00:15.587,7272.0000,452678,-142,0.0000,388.0000,123,265,空平,B,7272.0000,0.0000,0.0000,0.0000,0.0000,7274.0000,0.0000,0.0000,0.0000,0.0000,17,0,0,0,0,6,0,0,0,0
zc,TA209,2012-06-19 09:00:16.073,7276.0000,452768,90,0.0000,142.0000,116,26,多开,B,7274.0000,0.0000,0.0000,0.0000,0.0000,7276.0000,0.0000,0.0000,0.0000,0.0000,202,0,0,0,0,230,0,0,0,0
zc,TA209,2012-06-19 09:00:17.043,7274.0000,452758,-10,0.0000,134.0000,62,72,多平,S,7274.0000,0.0000,0.0000,0.0000,0.0000,7276.0000,0.0000,0.0000,0.0000,0.0000,220,0,0,0,0,227,0,0,0,0
zc,TA209,2012-06-19 09:00:17.527,7276.0000,452602,-156,0.0000,292.0000,68,224,空平,B,7274.0000,0.0000,0.0000,0.0000,0.0000,7276.0000,0.0000,0.0000,0.0000,0.0000,149,0,0,0,0,90,0,0,0,0
zc,TA209,2012-06-19 09:00:18.293,7276.0000,452416,-186,0.0000,298.0000,56,242,空平,B,7274.0000,0.0000,0.0000,0.0000,0.0000,7276.0000,0.0000,0.0000,0.0000,0.0000,41,0,0,0,0,42,0,0,0,0
zc,TA209,2012-06-19 09:00:19.073,7276.0000,452438,22,0.0000,104.0000,63,41,多开,B,7276.0000,0.0000,0.0000,0.0000,0.0000,7278.0000,0.0000,0.0000,0.0000,0.0000,170,0,0,0,0,205,0,0,0,0
zc,TA209,2012-06-19 09:00:20.057,7276.0000,452474,36,0.0000,48.0000,42,6,多开,B,7276.0000,0.0000,0.0000,0.0000,0.0000,7278.0000,0.0000,0.0000,0.0000,0.0000,190,0,0,0,0,160,0,0,0,0
zc,TA209,2012-06-19 09:00:20.527,7276.0000,452510,36,0.0000,242.0000,139,103,多开,B,7276.0000,0.0000,0.0000,0.0000,0.0000,7278.0000,0.0000,0.0000,0.0000,0.0000,276,0,0,0,0,56,0,0,0,0
zc,TA209,2012-06-19 09:00:21.323,7278.0000,452482,-28,0.0000,222.0000,97,125,空平,B,7278.0000,0.0000,0.0000,0.0000,0.0000,7280.0000,0.0000,0.0000,0.0000,0.0000,29,0,0,0,0,128,0,0,0,0
zc,TA209,2012-06-19 09:00:22.043,7278.0000,452504,22,0.0000,44.0000,33,11,多开,B,7278.0000,0.0000,0.0000,0.0000,0.0000,7280.0000,0.0000,0.0000,0.0000,0.0000,36,0,0,0,0,161,0,0,0,0
zc,TA209,2012-06-19 09:00:22.543,7278.0000,452532,28,0.0000,334.0000,181,153,多开,B,7276.0000,0.0000,0.0000,0.0000,0.0000,7278.0000,0.0000,0.0000,0.0000,0.0000,327,0,0,0,0,32,0,0,0,0
zc,TA209,2012-06-19 09:00:23.277,7282.0000,452586,54,0.0000,258.0000,156,102,多开,B,7282.0000,0.0000,0.0000,0.0000,0.0000,7284.0000,0.0000,0.0000,0.0000,0.0000,204,0,0,0,0,234,0,0,0,0
zc,TA209,2012-06-19 09:00:24.027,7282.0000,452582,-4,0.0000,62.0000,29,33,空平,B,7282.0000,0.0000,0.0000,0.0000,0.0000,7284.0000,0.0000,0.0000,0.0000,0.0000,173,0,0,0,0,222,0,0,0,0
zc,TA209,2012-06-19 09:00:24.543,7280.0000,452746,164,0.0000,434.0000,299,135,空开,S,7280.0000,0.0000,0.0000,0.0000,0.0000,7282.0000,0.0000,0.0000,0.0000,0.0000,221,0,0,0,0,62,0,0,0,0
zc,TA209,2012-06-19 09:00:25.353,7282.0000,452772,26,0.0000,182.0000,104,78,多开,B,7282.0000,0.0000,0.0000,0.0000,0.0000,7284.0000,0.0000,0.0000,0.0000,0.0000,24,0,0,0,0,282,0,0,0,0
zc,TA209,2012-06-19 09:00:25.793,7282.0000,452840,68,0.0000,196.0000,132,64,多开,B,7280.0000,0.0000,0.0000,0.0000,0.0000,7282.0000,0.0000,0.0000,0.0000,0.0000,218,0,0,0,0,1,0,0,0,0
zc,TA209,2012-06-19 09:00:26.527,7280.0000,452810,-30,0.0000,130.0000,50,80,多平,S,7280.0000,0.0000,0.0000,0.0000,0.0000,7282.0000,0.0000,0.0000,0.0000,0.0000,196,0,0,0,0,248,0,0,0,0
zc,TA209,2012-06-19 09:00:26.997,7280.0000,452970,160,0.0000,442.0000,301,141,空开,S,7278.0000,0.0000,0.0000,0.0000,0.0000,7280.0000,0.0000,0.0000,0.0000,0.0000,120,0,0,0,0,6,0,0,0,0
zc,TA209,2012-06-19 09:00:27.777,7278.0000,452948,-22,0.0000,32.0000,5,27,多平,S,7278.0000,0.0000,0.0000,0.0000,0.0000,7280.0000,0.0000,0.0000,0.0000,0.0000,108,0,0,0,0,11,0,0,0,0
zc,TA209,2012-06-19 09:00:28.277,7278.0000,453002,54,0.0000,246.0000,150,96,空开,S,7276.0000,0.0000,0.0000,0.0000,0.0000,7278.0000,0.0000,0.0000,0.0000,0.0000,185,0,0,0,0,156,0,0,0,0
zc,TA209,2012-06-19 09:00:28.777,7278.0000,453028,26,0.0000,38.0000,32,6,空开,S,7276.0000,0.0000,0.0000,0.0000,0.0000,7278.0000,0.0000,0.0000,0.0000,0.0000,186,0,0,0,0,145,0,0,0,0
zc,TA209,2012-06-19 09:00:29.277,7276.0000,453030,2,0.0000,272.0000,137,135,空开,S,7276.0000,0.0000,0.0000,0.0000,0.0000,7278.0000,0.0000,0.0000,0.0000,0.0000,141,0,0,0,0,91,0,0,0,0
zc,TA209,2012-06-19 09:00:30.043,7278.0000,453000,-30,0.0000,192.0000,81,111,空平,B,7278.0000,0.0000,0.0000,0.0000,0.0000,7280.0000,0.0000,0.0000,0.0000,0.0000,83,0,0,0,0,89,0,0,0,0
zc,TA209,2012-06-19 09:00:30.793,7278.0000,452804,-196,0.0000,332.0000,68,264,空平,B,7278.0000,0.0000,0.0000,0.0000,0.0000,7280.0000,0.0000,0.0000,0.0000,0.0000,187,0,0,0,0,89,0,0,0,0
zc,TA209,2012-06-19 09:00:31.573,7278.0000,452762,-42,0.0000,60.0000,9,51,空平,B,7278.0000,0.0000,0.0000,0.0000,0.0000,7280.0000,0.0000,0.0000,0.0000,0.0000,166,0,0,0,0,87,0,0,0,0
zc,TA209,2012-06-19 09:00:32.057,7278.0000,452742,-20,0.0000,48.0000,14,34,空平,B,7278.0000,0.0000,0.0000,0.0000,0.0000,7280.0000,0.0000,0.0000,0.0000,0.0000,147,0,0,0,0,37,0,0,0,0
zc,TA209,2012-06-19 09:00:32.557,7280.0000,452674,-68,0.0000,130.0000,31,99,空平,B,7280.0000,0.0000,0.0000,0.0000,0.0000,7282.0000,0.0000,0.0000,0.0000,0.0000,226,0,0,0,0,320,0,0,0,0
zc,TA209,2012-06-19 09:00:33.043,7280.0000,452648,-26,0.0000,124.0000,49,75,空平,B,7280.0000,0.0000,0.0000,0.0000,0.0000,7282.0000,0.0000,0.0000,0.0000,0.0000,229,0,0,0,0,312,0,0,0,0
zc,TA209,2012-06-19 09:00:33.760,7280.0000,452620,-28,0.0000,74.0000,23,51,空平,B,7280.0000,0.0000,0.0000,0.0000,0.0000,7282.0000,0.0000,0.0000,0.0000,0.0000,195,0,0,0,0,309,0,0,0,0
zc,TA209,2012-06-19 09:00:34.557,7280.0000,452556,-64,0.0000,140.0000,38,102,空平,B,7280.0000,0.0000,0.0000,0.0000,0.0000,7282.0000,0.0000,0.0000,0.0000,0.0000,140,0,0,0,0,309,0,0,0,0
zc,TA209,2012-06-19 09:00:35.073,7280.0000,452548,-8,0.0000,22.0000,7,15,空平,B,7280.0000,0.0000,0.0000,0.0000,0.0000,7282.0000,0.0000,0.0000,0.0000,0.0000,145,0,0,0,0,309,0,0,0,0
zc,TA209,2012-06-19 09:00:35.760,7280.0000,452350,-198,0.0000,250.0000,26,224,空平,B,7280.0000,0.0000,0.0000,0.0000,0.0000,7282.0000,0.0000,0.0000,0.0000,0.0000,47,0,0,0,0,306,0,0,0,0
zc,TA209,2012-06-19 09:00:36.277,7282.0000,452392,42,0.0000,104.0000,73,31,多开,B,7280.0000,0.0000,0.0000,0.0000,0.0000,7282.0000,0.0000,0.0000,0.0000,0.0000,19,0,0,0,0,303,0,0,0,0
zc,TA209,2012-06-19 09:00:37.057,7278.0000,452372,-20,0.0000,48.0000,14,34,多平,S,7278.0000,0.0000,0.0000,0.0000,0.0000,7280.0000,0.0000,0.0000,0.0000,0.0000,167,0,0,0,0,17,0,0,0,0
zc,TA209,2012-06-19 09:00:37.587,7280.0000,452366,-6,0.0000,36.0000,15,21,空平,B,7278.0000,0.0000,0.0000,0.0000,0.0000,7280.0000,0.0000,0.0000,0.0000,0.0000,165,0,0,0,0,191,0,0,0,0
zc,TA209,2012-06-19 09:00:38.293,7278.0000,452392,26,0.0000,344.0000,185,159,空开,S,7276.0000,0.0000,0.0000,0.0000,0.0000,7278.0000,0.0000,0.0000,0.0000,0.0000,128,0,0,0,0,78,0,0,0,0
zc,TA209,2012-06-19 09:00:38.793,7278.0000,452398,6,0.0000,6.0000,6,0,双开,S,7276.0000,0.0000,0.0000,0.0000,0.0000,7278.0000,0.0000,0.0000,0.0000,0.0000,136,0,0,0,0,121,0,0,0,0
zc,TA209,2012-06-19 09:00:39.557,7276.0000,452396,-2,0.0000,58.0000,28,30,多平,S,7276.0000,0.0000,0.0000,0.0000,0.0000,7278.0000,0.0000,0.0000,0.0000,0.0000,123,0,0,0,0,115,0,0,0,0
zc,TA209,2012-06-19 09:00:40.073,7278.0000,452304,-92,0.0000,274.0000,91,183,空平,B,7278.0000,0.0000,0.0000,0.0000,0.0000,7280.0000,0.0000,0.0000,0.0000,0.0000,51,0,0,0,0,487,0,0,0,0
zc,TA209,2012-06-19 09:00:40.793,7278.0000,452298,-6,0.0000,20.0000,7,13,空平,B,7278.0000,0.0000,0.0000,0.0000,0.0000,7280.0000,0.0000,0.0000,0.0000,0.0000,41,0,0,0,0,486,0,0,0,0
zc,TA209,2012-06-19 09:00:41.260,7278.0000,452278,-20,0.0000,34.0000,7,27,空平,B,7278.0000,0.0000,0.0000,0.0000,0.0000,7280.0000,0.0000,0.0000,0.0000,0.0000,30,0,0,0,0,487,0,0,0,0
zc,TA209,2012-06-19 09:00:42.043,7278.0000,452258,-20,0.0000,96.0000,38,58,空平,B,7276.0000,0.0000,0.0000,0.0000,0.0000,7278.0000,0.0000,0.0000,0.0000,0.0000,118,0,0,0,0,31,0,0,0,0
zc,TA209,2012-06-19 09:00:42.557,7278.0000,452270,12,0.0000,54.0000,33,21,多开,B,7276.0000,0.0000,0.0000,0.0000,0.0000,7278.0000,0.0000,0.0000,0.0000,0.0000,109,0,0,0,0,87,0,0,0,0
zc,TA209,2012-06-19 09:00:43.293,7280.0000,452480,210,0.0000,316.0000,263,53,多开,B,7276.0000,0.0000,0.0000,0.0000,0.0000,7280.0000,0.0000,0.0000,0.0000,0.0000,106,0,0,0,0,1444,0,0,0,0
zc,TA209,2012-06-19 09:00:43.793,7280.0000,452478,-2,0.0000,18.0000,8,10,空平,B,7278.0000,0.0000,0.0000,0.0000,0.0000,7280.0000,0.0000,0.0000,0.0000,0.0000,49,0,0,0,0,1441,0,0,0,0
zc,TA209,2012-06-19 09:00:44.587,7278.0000,452582,104,0.0000,138.0000,121,17,空开,S,7276.0000,0.0000,0.0000,0.0000,0.0000,7280.0000,0.0000,0.0000,0.0000,0.0000,107,0,0,0,0,1442,0,0,0,0
zc,TA209,2012-06-19 09:00:45.057,7276.0000,452580,-2,0.0000,40.0000,19,21,多平,S,7276.0000,0.0000,0.0000,0.0000,0.0000,7278.0000,0.0000,0.0000,0.0000,0.0000,90,0,0,0,0,58,0,0,0,0
zc,TA209,2012-06-19 09:00:45.527,7276.0000,452526,-54,0.0000,56.0000,1,55,多平,S,7276.0000,0.0000,0.0000,0.0000,0.0000,7278.0000,0.0000,0.0000,0.0000,0.0000,65,0,0,0,0,406,0,0,0,0
zc,TA209,2012-06-19 09:00:46.307,7278.0000,452504,-22,0.0000,30.0000,4,26,空平,B,7276.0000,0.0000,0.0000,0.0000,0.0000,7278.0000,0.0000,0.0000,0.0000,0.0000,66,0,0,0,0,493,0,0,0,0
zc,TA209,2012-06-19 09:00:47.057,7276.0000,452480,-24,0.0000,142.0000,59,83,多平,S,7276.0000,0.0000,0.0000,0.0000,0.0000,7278.0000,0.0000,0.0000,0.0000,0.0000,4,0,0,0,0,468,0,0,0,0
zc,TA209,2012-06-19 09:00:47.527,7276.0000,452482,2,0.0000,272.0000,137,135,空开,S,7276.0000,0.0000,0.0000,0.0000,0.0000,7278.0000,0.0000,0.0000,0.0000,0.0000,36,0,0,0,0,464,0,0,0,0
zc,TA209,2012-06-19 09:00:48.277,7276.0000,452412,-70,0.0000,330.0000,130,200,多平,S,7276.0000,0.0000,0.0000,0.0000,0.0000,7278.0000,0.0000,0.0000,0.0000,0.0000,30,0,0,0,0,333,0,0,0,0
zc,TA209,2012-06-19 09:00:48.793,7278.0000,452400,-12,0.0000,34.0000,11,23,空平,B,7276.0000,0.0000,0.0000,0.0000,0.0000,7278.0000,0.0000,0.0000,0.0000,0.0000,20,0,0,0,0,338,0,0,0,0
zc,TA209,2012-06-19 09:00:49.510,7276.0000,452398,-2,0.0000,6.0000,2,4,多平,S,7276.0000,0.0000,0.0000,0.0000,0.0000,7278.0000,0.0000,0.0000,0.0000,0.0000,21,0,0,0,0,336,0,0,0,0
zc,TA209,2012-06-19 09:00:50.307,7278.0000,451980,-418,0.0000,436.0000,9,427,空平,B,7276.0000,0.0000,0.0000,0.0000,0.0000,7278.0000,0.0000,0.0000,0.0000,0.0000,13,0,0,0,0,127,0,0,0,0
zc,TA209,2012-06-19 09:00:50.777,7276.0000,451966,-14,0.0000,30.0000,8,22,多平,S,7274.0000,0.0000,0.0000,0.0000,0.0000,7276.0000,0.0000,0.0000,0.0000,0.0000,54,0,0,0,0,15,0,0,0,0
zc,TA209,2012-06-19 09:00:51.510,7276.0000,451958,-8,0.0000,82.0000,37,45,多平,S,7274.0000,0.0000,0.0000,0.0000,0.0000,7276.0000,0.0000,0.0000,0.0000,0.0000,53,0,0,0,0,46,0,0,0,0
zc,TA209,2012-06-19 09:00:52.043,7276.0000,451982,24,0.0000,24.0000,24,0,双开,S,7274.0000,0.0000,0.0000,0.0000,0.0000,7276.0000,0.0000,0.0000,0.0000,0.0000,53,0,0,0,0,45,0,0,0,0
zc,TA209,2012-06-19 09:00:52.807,7274.0000,451980,-2,0.0000,2.0000,0,2,双平,S,7274.0000,0.0000,0.0000,0.0000,0.0000,7276.0000,0.0000,0.0000,0.0000,0.0000,51,0,0,0,0,69,0,0,0,0
zc,TA209,2012-06-19 09:00:53.277,7274.0000,452006,26,0.0000,48.0000,37,11,空开,S,7274.0000,0.0000,0.0000,0.0000,0.0000,7276.0000,0.0000,0.0000,0.0000,0.0000,50,0,0,0,0,48,0,0,0,0
zc,TA209,2012-06-19 09:00:54.043,7276.0000,451948,-58,0.0000,106.0000,24,82,空平,B,7276.0000,0.0000,0.0000,0.0000,0.0000,7278.0000,0.0000,0.0000,0.0000,0.0000,114,0,0,0,0,118,0,0,0,0
zc,TA209,2012-06-19 09:00:54.497,7276.0000,451942,-6,0.0000,22.0000,8,14,空平,B,7276.0000,0.0000,0.0000,0.0000,0.0000,7278.0000,0.0000,0.0000,0.0000,0.0000,154,0,0,0,0,121,0,0,0,0
zc,TA209,2012-06-19 09:00:55.247,7276.0000,451928,-14,0.0000,18.0000,2,16,空平,B,7276.0000,0.0000,0.0000,0.0000,0.0000,7278.0000,0.0000,0.0000,0.0000,0.0000,146,0,0,0,0,70,0,0,0,0
zc,TA209,2012-06-19 09:00:55.793,7276.0000,451928,0,0.0000,4.0000,2,2,多换,B,7276.0000,0.0000,0.0000,0.0000,0.0000,7278.0000,0.0000,0.0000,0.0000,0.0000,146,0,0,0,0,74,0,0,0,0
zc,TA209,2012-06-19 09:00:56.527,7278.0000,452100,172,0.0000,268.0000,220,48,多开,B,7276.0000,0.0000,0.0000,0.0000,0.0000,7278.0000,0.0000,0.0000,0.0000,0.0000,64,0,0,0,0,26,0,0,0,0
zc,TA209,2012-06-19 09:00:56.997,7278.0000,452094,-6,0.0000,22.0000,8,14,空平,B,7276.0000,0.0000,0.0000,0.0000,0.0000,7278.0000,0.0000,0.0000,0.0000,0.0000,13,0,0,0,0,59,0,0,0,0
zc,TA209,2012-06-19 09:00:57.777,7278.0000,452110,16,0.0000,26.0000,21,5,多开,B,7276.0000,0.0000,0.0000,0.0000,0.0000,7278.0000,0.0000,0.0000,0.0000,0.0000,17,0,0,0,0,62,0,0,0,0
zc,TA209,2012-06-19 09:00:58.293,7276.0000,452122,12,0.0000,40.0000,26,14,空开,S,7274.0000,0.0000,0.0000,0.0000,0.0000,7276.0000,0.0000,0.0000,0.0000,0.0000,135,0,0,0,0,4,0,0,0,0
zc,TA209,2012-06-19 09:00:59.010,7276.0000,452124,2,0.0000,2.0000,2,0,双开,S,7274.0000,0.0000,0.0000,0.0000,0.0000,7276.0000,0.0000,0.0000,0.0000,0.0000,137,0,0,0,0,3,0,0,0,0
zc,TA209,2012-06-19 09:00:59.527,7278.0000,452140,16,0.0000,20.0000,18,2,多开,B,7276.0000,0.0000,0.0000,0.0000,0.0000,7278.0000,0.0000,0.0000,0.0000,0.0000,7,0,0,0,0,78,0,0,0,0
zc,TA209,2012-06-19 09:01:00.293,7276.0000,452120,-20,0.0000,90.0000,35,55,多平,S,7274.0000,0.0000,0.0000,0.0000,0.0000,7276.0000,0.0000,0.0000,0.0000,0.0000,109,0,0,0,0,50,0,0,0,0
zc,TA209,2012-06-19 09:01:00.807,7278.0000,451996,-124,0.0000,128.0000,2,126,空平,B,7276.0000,0.0000,0.0000,0.0000,0.0000,7278.0000,0.0000,0.0000,0.0000,0.0000,36,0,0,0,0,145,0,0,0,0
zc,TA209,2012-06-19 09:01:01.543,7276.0000,452052,56,0.0000,92.0000,74,18,空开,S,7274.0000,0.0000,0.0000,0.0000,0.0000,7276.0000,0.0000,0.0000,0.0000,0.0000,163,0,0,0,0,13,0,0,0,0
zc,TA209,2012-06-19 09:01:02.323,7276.0000,452040,-12,0.0000,46.0000,17,29,多平,S,7276.0000,0.0000,0.0000,0.0000,0.0000,7278.0000,0.0000,0.0000,0.0000,0.0000,23,0,0,0,0,148,0,0,0,0
zc,TA209,2012-06-19 09:01:03.057,7274.0000,452056,16,0.0000,56.0000,36,20,空开,S,7274.0000,0.0000,0.0000,0.0000,0.0000,7276.0000,0.0000,0.0000,0.0000,0.0000,170,0,0,0,0,11,0,0,0,0
zc,TA209,2012-06-19 09:01:03.480,7276.0000,452070,14,0.0000,16.0000,15,1,多开,B,7274.0000,0.0000,0.0000,0.0000,0.0000,7276.0000,0.0000,0.0000,0.0000,0.0000,173,0,0,0,0,4,0,0,0,0
zc,TA209,2012-06-19 09:01:04.027,7276.0000,452084,14,0.0000,34.0000,24,10,多开,B,7274.0000,0.0000,0.0000,0.0000,0.0000,7276.0000,0.0000,0.0000,0.0000,0.0000,151,0,0,0,0,24,0,0,0,0
zc,TA209,2012-06-19 09:01:04.510,7274.0000,451858,-226,0.0000,330.0000,52,278,多平,S,7272.0000,0.0000,0.0000,0.0000,0.0000,7274.0000,0.0000,0.0000,0.0000,0.0000,42,0,0,0,0,43,0,0,0,0
zc,TA209,2012-06-19 09:01:05.277,7274.0000,451850,-8,0.0000,24.0000,8,16,多平,S,7272.0000,0.0000,0.0000,0.0000,0.0000,7274.0000,0.0000,0.0000,0.0000,0.0000,37,0,0,0,0,36,0,0,0,0
zc,TA209,2012-06-19 09:01:06.010,7272.0000,451860,10,0.0000,90.0000,50,40,空开,S,7272.0000,0.0000,0.0000,0.0000,0.0000,7274.0000,0.0000,0.0000,0.0000,0.0000,38,0,0,0,0,8,0,0,0,0
zc,TA209,2012-06-19 09:01:06.510,7274.0000,451810,-50,0.0000,306.0000,128,178,空平,B,7272.0000,0.0000,0.0000,0.0000,0.0000,7274.0000,0.0000,0.0000,0.0000,0.0000,5,0,0,0,0,12,0,0,0,0
zc,TA209,2012-06-19 09:01:07.247,7274.0000,451848,38,0.0000,48.0000,43,5,多开,B,7272.0000,0.0000,0.0000,0.0000,0.0000,7274.0000,0.0000,0.0000,0.0000,0.0000,11,0,0,0,0,6,0,0,0,0
zc,TA209,2012-06-19 09:01:07.793,7270.0000,451862,14,0.0000,46.0000,30,16,空开,S,7270.0000,0.0000,0.0000,0.0000,0.0000,7272.0000,0.0000,0.0000,0.0000,0.0000,430,0,0,0,0,4,0,0,0,0
zc,TA209,2012-06-19 09:01:08.527,7272.0000,451858,-4,0.0000,16.0000,6,10,空平,B,7270.0000,0.0000,0.0000,0.0000,0.0000,7272.0000,0.0000,0.0000,0.0000,0.0000,436,0,0,0,0,7,0,0,0,0
zc,TA209,2012-06-19 09:01:09.057,7274.0000,451916,58,0.0000,88.0000,73,15,多开,B,7274.0000,0.0000,0.0000,0.0000,0.0000,7276.0000,0.0000,0.0000,0.0000,0.0000,46,0,0,0,0,85,0,0,0,0
zc,TA209,2012-06-19 09:01:09.747,7274.0000,451918,2,0.0000,46.0000,24,22,多开,B,7274.0000,0.0000,0.0000,0.0000,0.0000,7276.0000,0.0000,0.0000,0.0000,0.0000,69,0,0,0,0,113,0,0,0,0
zc,TA209,2012-06-19 09:01:10.260,7274.0000,451962,44,0.0000,64.0000,54,10,多开,B,7274.0000,0.0000,0.0000,0.0000,0.0000,7276.0000,0.0000,0.0000,0.0000,0.0000,13,0,0,0,0,130,0,0,0,0
zc,TA209,2012-06-19 09:01:11.260,7274.0000,451956,-6,0.0000,78.0000,36,42,空平,B,7272.0000,0.0000,0.0000,0.0000,0.0000,7274.0000,0.0000,0.0000,0.0000,0.0000,369,0,0,0,0,25,0,0,0,0
zc,TA209,2012-06-19 09:01:12.247,7272.0000,451840,-116,0.0000,216.0000,50,166,多平,S,7272.0000,0.0000,0.0000,0.0000,0.0000,7274.0000,0.0000,0.0000,0.0000,0.0000,274,0,0,0,0,22,0,0,0,0
zc,TA209,2012-06-19 09:01:12.777,7276.0000,451704,-136,0.0000,154.0000,9,145,空平,B,7274.0000,0.0000,0.0000,0.0000,0.0000,7276.0000,0.0000,0.0000,0.0000,0.0000,26,0,0,0,0,127,0,0,0,0
zc,TA209,2012-06-19 09:01:13.510,7274.0000,451656,-48,0.0000,62.0000,7,55,多平,S,7272.0000,0.0000,0.0000,0.0000,0.0000,7274.0000,0.0000,0.0000,0.0000,0.0000,163,0,0,0,0,2,0,0,0,0
zc,TA209,2012-06-19 09:01:14.010,7274.0000,451556,-100,0.0000,108.0000,4,104,多平,S,7274.0000,0.0000,0.0000,0.0000,0.0000,7276.0000,0.0000,0.0000,0.0000,0.0000,33,0,0,0,0,88,0,0,0,0
zc,TA209,2012-06-19 09:01:14.760,7274.0000,451554,-2,0.0000,56.0000,27,29,多平,S,7274.0000,0.0000,0.0000,0.0000,0.0000,7276.0000,0.0000,0.0000,0.0000,0.0000,57,0,0,0,0,79,0,0,0,0
zc,TA209,2012-06-19 09:01:15.277,7276.0000,451568,14,0.0000,46.0000,30,16,多开,B,7274.0000,0.0000,0.0000,0.0000,0.0000,7276.0000,0.0000,0.0000,0.0000,0.0000,104,0,0,0,0,58,0,0,0,0
zc,TA209,2012-06-19 09:01:16.043,7274.0000,451546,-22,0.0000,28.0000,3,25,多平,S,7274.0000,0.0000,0.0000,0.0000,0.0000,7276.0000,0.0000,0.0000,0.0000,0.0000,189,0,0,0,0,46,0,0,0,0
zc,TA209,2012-06-19 09:01:16.543,7276.0000,451598,52,0.0000,82.0000,67,15,多开,B,7274.0000,0.0000,0.0000,0.0000,0.0000,7276.0000,0.0000,0.0000,0.0000,0.0000,225,0,0,0,0,16,0,0,0,0
zc,TA209,2012-06-19 09:01:17.010,7276.0000,451594,-4,0.0000,16.0000,6,10,空平,B,7274.0000,0.0000,0.0000,0.0000,0.0000,7276.0000,0.0000,0.0000,0.0000,0.0000,222,0,0,0,0,11,0,0,0,0
zc,TA209,2012-06-19 09:01:17.760,7276.0000,451594,0,0.0000,62.0000,31,31,多换,B,7274.0000,0.0000,0.0000,0.0000,0.0000,7276.0000,0.0000,0.0000,0.0000,0.0000,356,0,0,0,0,3,0,0,0,0
zc,TA209,2012-06-19 09:01:18.260,7276.0000,451598,4,0.0000,26.0000,15,11,多开,B,7276.0000,0.0000,0.0000,0.0000,0.0000,7278.0000,0.0000,0.0000,0.0000,0.0000,17,0,0,0,0,91,0,0,0,0
zc,TA209,2012-06-19 09:01:18.980,7276.0000,451602,4,0.0000,6.0000,5,1,多开,B,7276.0000,0.0000,0.0000,0.0000,0.0000,7278.0000,0.0000,0.0000,0.0000,0.0000,73,0,0,0,0,91,0,0,0,0
zc,TA209,2012-06-19 09:01:19.557,7276.0000,451618,16,0.0000,38.0000,27,11,多开,B,7276.0000,0.0000,0.0000,0.0000,0.0000,7278.0000,0.0000,0.0000,0.0000,0.0000,76,0,0,0,0,87,0,0,0,0
zc,TA209,2012-06-19 09:01:20.260,7276.0000,451668,50,0.0000,66.0000,58,8,多开,B,7276.0000,0.0000,0.0000,0.0000,0.0000,7278.0000,0.0000,0.0000,0.0000,0.0000,55,0,0,0,0,79,0,0,0,0
zc,TA209,2012-06-19 09:01:20.760,7274.0000,451616,-52,0.0000,128.0000,38,90,多平,S,7276.0000,0.0000,0.0000,0.0000,0.0000,7278.0000,0.0000,0.0000,0.0000,0.0000,1,0,0,0,0,79,0,0,0,0
zc,TA209,2012-06-19 09:01:21.277,7276.0000,451618,2,0.0000,12.0000,7,5,多开,B,7276.0000,0.0000,0.0000,0.0000,0.0000,7278.0000,0.0000,0.0000,0.0000,0.0000,16,0,0,0,0,174,0,0,0,0
zc,TA209,2012-06-19 09:01:21.777,7278.0000,451602,-16,0.0000,24.0000,4,20,空平,B,7276.0000,0.0000,0.0000,0.0000,0.0000,7278.0000,0.0000,0.0000,0.0000,0.0000,18,0,0,0,0,169,0,0,0,0
zc,TA209,2012-06-19 09:01:22.510,7278.0000,451740,138,0.0000,200.0000,169,31,多开,B,7276.0000,0.0000,0.0000,0.0000,0.0000,7278.0000,0.0000,0.0000,0.0000,0.0000,15,0,0,0,0,104,0,0,0,0
zc,TA209,2012-06-19 09:01:22.980,7276.0000,451748,8,0.0000,10.0000,9,1,空开,S,7276.0000,0.0000,0.0000,0.0000,0.0000,7278.0000,0.0000,0.0000,0.0000,0.0000,20,0,0,0,0,110,0,0,0,0
zc,TA209,2012-06-19 09:01:23.510,7276.0000,451750,2,0.0000,8.0000,5,3,空开,S,7276.0000,0.0000,0.0000,0.0000,0.0000,7278.0000,0.0000,0.0000,0.0000,0.0000,18,0,0,0,0,114,0,0,0,0
zc,TA209,2012-06-19 09:01:24.213,7276.0000,451758,8,0.0000,74.0000,41,33,空开,S,7276.0000,0.0000,0.0000,0.0000,0.0000,7278.0000,0.0000,0.0000,0.0000,0.0000,17,0,0,0,0,109,0,0,0,0
zc,TA209,2012-06-19 09:01:24.777,7276.0000,451768,10,0.0000,30.0000,20,10,空开,S,7276.0000,0.0000,0.0000,0.0000,0.0000,7278.0000,0.0000,0.0000,0.0000,0.0000,9,0,0,0,0,101,0,0,0,0
zc,TA209,2012-06-19 09:01:25.543,7276.0000,451792,24,0.0000,60.0000,42,18,空开,S,7274.0000,0.0000,0.0000,0.0000,0.0000,7276.0000,0.0000,0.0000,0.0000,0.0000,306,0,0,0,0,2,0,0,0,0
zc,TA209,2012-06-19 09:01:26.043,7276.0000,451822,30,0.0000,34.0000,32,2,空开,S,7274.0000,0.0000,0.0000,0.0000,0.0000,7276.0000,0.0000,0.0000,0.0000,0.0000,308,0,0,0,0,3,0,0,0,0
zc,TA209,2012-06-19 09:01:26.747,7274.0000,451826,4,0.0000,28.0000,16,12,空开,S,7274.0000,0.0000,0.0000,0.0000,0.0000,7276.0000,0.0000,0.0000,0.0000,0.0000,307,0,0,0,0,305,0,0,0,0
zc,TA209,2012-06-19 09:01:27.260,7276.0000,451870,44,0.0000,76.0000,60,16,多开,B,7274.0000,0.0000,0.0000,0.0000,0.0000,7276.0000,0.0000,0.0000,0.0000,0.0000,318,0,0,0,0,368,0,0,0,0
zc,TA209,2012-06-19 09:01:27.777,7276.0000,452038,168,0.0000,218.0000,193,25,多开,B,7274.0000,0.0000,0.0000,0.0000,0.0000,7276.0000,0.0000,0.0000,0.0000,0.0000,318,0,0,0,0,250,0,0,0,0
zc,TA209,2012-06-19 09:01:28.260,7276.0000,452038,0,0.0000,60.0000,30,30,多换,B,7274.0000,0.0000,0.0000,0.0000,0.0000,7276.0000,0.0000,0.0000,0.0000,0.0000,320,0,0,0,0,223,0,0,0,0
zc,TA209,2012-06-19 09:01:28.963,7274.0000,452058,20,0.0000,76.0000,48,28,空开,S,7274.0000,0.0000,0.0000,0.0000,0.0000,7276.0000,0.0000,0.0000,0.0000,0.0000,291,0,0,0,0,224,0,0,0,0
zc,TA209,2012-06-19 09:01:29.497,7276.0000,452076,18,0.0000,22.0000,20,2,多开,B,7274.0000,0.0000,0.0000,0.0000,0.0000,7276.0000,0.0000,0.0000,0.0000,0.0000,291,0,0,0,0,213,0,0,0,0
zc,TA209,2012-06-19 09:01:30.010,7276.0000,452092,16,0.0000,40.0000,28,12,多开,B,7274.0000,0.0000,0.0000,0.0000,0.0000,7276.0000,0.0000,0.0000,0.0000,0.0000,285,0,0,0,0,211,0,0,0,0
zc,TA209,2012-06-19 09:01:30.730,7274.0000,452094,2,0.0000,32.0000,17,15,空开,S,7274.0000,0.0000,0.0000,0.0000,0.0000,7276.0000,0.0000,0.0000,0.0000,0.0000,271,0,0,0,0,210,0,0,0,0
zc,TA209,2012-06-19 09:01:31.277,7276.0000,452482,388,0.0000,432.0000,410,22,多开,B,7276.0000,0.0000,0.0000,0.0000,0.0000,7278.0000,0.0000,0.0000,0.0000,0.0000,117,0,0,0,0,1203,0,0,0,0
zc,TA209,2012-06-19 09:01:32.027,7276.0000,452482,0,0.0000,0.0000,0,0,多换,B,7276.0000,0.0000,0.0000,0.0000,0.0000,7278.0000,0.0000,0.0000,0.0000,0.0000,118,0,0,0,0,1204,0,0,0,0
zc,TA209,2012-06-19 09:01:32.497,7278.0000,452484,2,0.0000,2.0000,2,0,双开,B,7276.0000,0.0000,0.0000,0.0000,0.0000,7278.0000,0.0000,0.0000,0.0000,0.0000,119,0,0,0,0,1203,0,0,0,0
zc,TA209,2012-06-19 09:01:33.247,7278.0000,452506,22,0.0000,66.0000,44,22,多开,B,7276.0000,0.0000,0.0000,0.0000,0.0000,7278.0000,0.0000,0.0000,0.0000,0.0000,117,0,0,0,0,1184,0,0,0,0
zc,TA209,2012-06-19 09:01:33.480,7276.0000,452508,2,0.0000,12.0000,7,5,空开,S,7276.0000,0.0000,0.0000,0.0000,0.0000,7278.0000,0.0000,0.0000,0.0000,0.0000,122,0,0,0,0,1189,0,0,0,0
zc,TA209,2012-06-19 09:01:34.277,7278.0000,452654,146,0.0000,156.0000,151,5,多开,B,7276.0000,0.0000,0.0000,0.0000,0.0000,7278.0000,0.0000,0.0000,0.0000,0.0000,45,0,0,0,0,1188,0,0,0,0
zc,TA209,2012-06-19 09:01:34.747,7276.0000,452664,10,0.0000,18.0000,14,4,空开,S,7276.0000,0.0000,0.0000,0.0000,0.0000,7278.0000,0.0000,0.0000,0.0000,0.0000,46,0,0,0,0,1180,0,0,0,0
zc,TA209,2012-06-19 09:01:35.497,7276.0000,452670,6,0.0000,6.0000,6,0,双开,S,7276.0000,0.0000,0.0000,0.0000,0.0000,7278.0000,0.0000,0.0000,0.0000,0.0000,47,0,0,0,0,1178,0,0,0,0
zc,TA209,2012-06-19 09:01:35.997,7278.0000,452690,20,0.0000,26.0000,23,3,多开,B,7276.0000,0.0000,0.0000,0.0000,0.0000,7278.0000,0.0000,0.0000,0.0000,0.0000,38,0,0,0,0,1178,0,0,0,0
zc,TA209,2012-06-19 09:01:36.777,7276.0000,452674,-16,0.0000,86.0000,35,51,多平,S,7274.0000,0.0000,0.0000,0.0000,0.0000,7276.0000,0.0000,0.0000,0.0000,0.0000,277,0,0,0,0,2,0,0,0,0
zc,TA209,2012-06-19 09:01:37.527,7274.0000,452668,-6,0.0000,30.0000,12,18,多平,S,7274.0000,0.0000,0.0000,0.0000,0.0000,7278.0000,0.0000,0.0000,0.0000,0.0000,273,0,0,0,0,1178,0,0,0,0
zc,TA209,2012-06-19 09:01:38.010,7278.0000,452666,-2,0.0000,2.0000,0,2,双平,B,7276.0000,0.0000,0.0000,0.0000,0.0000,7278.0000,0.0000,0.0000,0.0000,0.0000,1,0,0,0,0,1179,0,0,0,0
zc,TA209,2012-06-19 09:01:38.777,7276.0000,452678,12,0.0000,34.0000,23,11,空开,S,7274.0000,0.0000,0.0000,0.0000,0.0000,7276.0000,0.0000,0.0000,0.0000,0.0000,274,0,0,0,0,33,0,0,0,0
zc,TA209,2012-06-19 09:01:39.543,7276.0000,452712,34,0.0000,92.0000,63,29,空开,S,7274.0000,0.0000,0.0000,0.0000,0.0000,7276.0000,0.0000,0.0000,0.0000,0.0000,249,0,0,0,0,33,0,0,0,0
zc,TA209,2012-06-19 09:01:39.997,7276.0000,452740,28,0.0000,32.0000,30,2,空开,S,7274.0000,0.0000,0.0000,0.0000,0.0000,7276.0000,0.0000,0.0000,0.0000,0.0000,249,0,0,0,0,25,0,0,0,0
zc,TA209,2012-06-19 09:01:40.497,7276.0000,452710,-30,0.0000,54.0000,12,42,多平,S,7276.0000,0.0000,0.0000,0.0000,0.0000,7278.0000,0.0000,0.0000,0.0000,0.0000,392,0,0,0,0,1160,0,0,0,0
zc,TA209,2012-06-19 09:01:41.260,7276.0000,452634,-76,0.0000,230.0000,77,153,多平,S,7276.0000,0.0000,0.0000,0.0000,0.0000,7278.0000,0.0000,0.0000,0.0000,0.0000,279,0,0,0,0,1125,0,0,0,0
zc,TA209,2012-06-19 09:01:41.760,7276.0000,452622,-12,0.0000,28.0000,8,20,多平,S,7276.0000,0.0000,0.0000,0.0000,0.0000,7278.0000,0.0000,0.0000,0.0000,0.0000,275,0,0,0,0,1136,0,0,0,0
zc,TA209,2012-06-19 09:01:42.510,7276.0000,452622,0,0.0000,46.0000,23,23,空换,S,7276.0000,0.0000,0.0000,0.0000,0.0000,7278.0000,0.0000,0.0000,0.0000,0.0000,274,0,0,0,0,1134,0,0,0,0
zc,TA209,2012-06-19 09:01:43.260,7276.0000,452276,-346,0.0000,714.0000,184,530,多平,S,7276.0000,0.0000,0.0000,0.0000,0.0000,7278.0000,0.0000,0.0000,0.0000,0.0000,173,0,0,0,0,886,0,0,0,0
zc,TA209,2012-06-19 09:01:44.027,7278.0000,452138,-138,0.0000,146.0000,4,142,空平,B,7276.0000,0.0000,0.0000,0.0000,0.0000,7278.0000,0.0000,0.0000,0.0000,0.0000,125,0,0,0,0,879,0,0,0,0
zc,TA209,2012-06-19 09:01:44.247,7276.0000,452138,0,0.0000,112.0000,56,56,空换,S,7276.0000,0.0000,0.0000,0.0000,0.0000,7278.0000,0.0000,0.0000,0.0000,0.0000,82,0,0,0,0,874,0,0,0,0
zc,TA209,2012-06-19 09:01:44.997,7276.0000,452138,0,0.0000,18.0000,9,9,空换,S,7276.0000,0.0000,0.0000,0.0000,0.0000,7278.0000,0.0000,0.0000,0.0000,0.0000,82,0,0,0,0,872,0,0,0,0
zc,TA209,2012-06-19 09:01:45.543,7276.0000,452160,22,0.0000,80.0000,51,29,空开,S,7276.0000,0.0000,0.0000,0.0000,0.0000,7278.0000,0.0000,0.0000,0.0000,0.0000,128,0,0,0,0,853,0,0,0,0
zc,TA209,2012-06-19 09:01:46.247,7276.0000,452166,6,0.0000,6.0000,6,0,双开,S,7276.0000,0.0000,0.0000,0.0000,0.0000,7278.0000,0.0000,0.0000,0.0000,0.0000,126,0,0,0,0,864,0,0,0,0
zc,TA209,2012-06-19 09:01:47.010,7278.0000,451986,-180,0.0000,222.0000,21,201,空平,B,7276.0000,0.0000,0.0000,0.0000,0.0000,7278.0000,0.0000,0.0000,0.0000,0.0000,116,0,0,0,0,763,0,0,0,0
zc,TA209,2012-06-19 09:01:47.543,7278.0000,451918,-68,0.0000,140.0000,36,104,空平,B,7276.0000,0.0000,0.0000,0.0000,0.0000,7278.0000,0.0000,0.0000,0.0000,0.0000,125,0,0,0,0,700,0,0,0,0
zc,TA209,2012-06-19 09:01:48.247,7278.0000,451918,0,0.0000,12.0000,6,6,多换,B,7276.0000,0.0000,0.0000,0.0000,0.0000,7278.0000,0.0000,0.0000,0.0000,0.0000,127,0,0,0,0,699,0,0,0,0
zc,TA209,2012-06-19 09:01:49.073,7276.0000,451908,-10,0.0000,32.0000,11,21,多平,S,7276.0000,0.0000,0.0000,0.0000,0.0000,7278.0000,0.0000,0.0000,0.0000,0.0000,126,0,0,0,0,700,0,0,0,0
zc,TA209,2012-06-19 09:01:49.543,7278.0000,451900,-8,0.0000,30.0000,11,19,空平,B,7276.0000,0.0000,0.0000,0.0000,0.0000,7278.0000,0.0000,0.0000,0.0000,0.0000,129,0,0,0,0,686,0,0,0,0
zc,TA209,2012-06-19 09:01:50.247,7278.0000,451898,-2,0.0000,30.0000,14,16,空平,B,7276.0000,0.0000,0.0000,0.0000,0.0000,7278.0000,0.0000,0.0000,0.0000,0.0000,130,0,0,0,0,671,0,0,0,0
zc,TA209,2012-06-19 09:01:50.713,7276.0000,451904,6,0.0000,26.0000,16,10,空开,S,7276.0000,0.0000,0.0000,0.0000,0.0000,7278.0000,0.0000,0.0000,0.0000,0.0000,128,0,0,0,0,666,0,0,0,0
zc,TA209,2012-06-19 09:01:51.587,7278.0000,451898,-6,0.0000,6.0000,0,6,双平,B,7276.0000,0.0000,0.0000,0.0000,0.0000,7278.0000,0.0000,0.0000,0.0000,0.0000,130,0,0,0,0,669,0,0,0,0
zc,TA209,2012-06-19 09:01:52.307,7278.0000,451886,-12,0.0000,14.0000,1,13,空平,B,7276.0000,0.0000,0.0000,0.0000,0.0000,7278.0000,0.0000,0.0000,0.0000,0.0000,136,0,0,0,0,663,0,0,0,0
zc,TA209,2012-06-19 09:01:52.730,7278.0000,451864,-22,0.0000,24.0000,1,23,空平,B,7276.0000,0.0000,0.0000,0.0000,0.0000,7278.0000,0.0000,0.0000,0.0000,0.0000,134,0,0,0,0,653,0,0,0,0
zc,TA209,2012-06-19 09:01:53.277,7278.0000,451462,-402,0.0000,406.0000,2,404,空平,B,7276.0000,0.0000,0.0000,0.0000,0.0000,7278.0000,0.0000,0.0000,0.0000,0.0000,137,0,0,0,0,450,0,0,0,0
zc,TA209,2012-06-19 09:01:54.043,7276.0000,451492,30,0.0000,284.0000,157,127,空开,S,7276.0000,0.0000,0.0000,0.0000,0.0000,7278.0000,0.0000,0.0000,0.0000,0.0000,49,0,0,0,0,411,0,0,0,0
zc,TA209,2012-06-19 09:01:54.543,7276.0000,451480,-12,0.0000,20.0000,4,16,多平,S,7276.0000,0.0000,0.0000,0.0000,0.0000,7278.0000,0.0000,0.0000,0.0000,0.0000,40,0,0,0,0,416,0,0,0,0
zc,TA209,2012-06-19 09:01:55.247,7278.0000,451480,0,0.0000,2.0000,1,1,多换,B,7276.0000,0.0000,0.0000,0.0000,0.0000,7278.0000,0.0000,0.0000,0.0000,0.0000,57,0,0,0,0,415,0,0,0,0
zc,TA209,2012-06-19 09:01:55.730,7276.0000,451494,14,0.0000,92.0000,53,39,空开,S,7276.0000,0.0000,0.0000,0.0000,0.0000,7278.0000,0.0000,0.0000,0.0000,0.0000,24,0,0,0,0,409,0,0,0,0
zc,TA209,2012-06-19 09:01:56.543,7276.0000,451496,2,0.0000,6.0000,4,2,空开,S,7276.0000,0.0000,0.0000,0.0000,0.0000,7278.0000,0.0000,0.0000,0.0000,0.0000,44,0,0,0,0,406,0,0,0,0
zc,TA209,2012-06-19 09:01:57.260,7276.0000,451488,-8,0.0000,10.0000,1,9,多平,S,7276.0000,0.0000,0.0000,0.0000,0.0000,7278.0000,0.0000,0.0000,0.0000,0.0000,48,0,0,0,0,405,0,0,0,0
zc,TA209,2012-06-19 09:01:57.777,7278.0000,451456,-32,0.0000,36.0000,2,34,空平,B,7276.0000,0.0000,0.0000,0.0000,0.0000,7278.0000,0.0000,0.0000,0.0000,0.0000,51,0,0,0,0,448,0,0,0,0
zc,TA209,2012-06-19 09:01:58.510,7278.0000,451456,0,0.0000,2.0000,1,1,多换,B,7276.0000,0.0000,0.0000,0.0000,0.0000,7278.0000,0.0000,0.0000,0.0000,0.0000,52,0,0,0,0,447,0,0,0,0
zc,TA209,2012-06-19 09:01:59.027,7276.0000,451390,-66,0.0000,90.0000,12,78,多平,S,7276.0000,0.0000,0.0000,0.0000,0.0000,7278.0000,0.0000,0.0000,0.0000,0.0000,14,0,0,0,0,443,0,0,0,0
zc,TA209,2012-06-19 09:01:59.747,7276.0000,451388,-2,0.0000,6.0000,2,4,多平,S,7276.0000,0.0000,0.0000,0.0000,0.0000,7278.0000,0.0000,0.0000,0.0000,0.0000,35,0,0,0,0,441,0,0,0,0
zc,TA209,2012-06-19 09:02:00.247,7276.0000,451388,0,0.0000,4.0000,2,2,空换,S,7276.0000,0.0000,0.0000,0.0000,0.0000,7278.0000,0.0000,0.0000,0.0000,0.0000,144,0,0,0,0,441,0,0,0,0
zc,TA209,2012-06-19 09:02:00.980,7276.0000,451388,0,0.0000,66.0000,33,33,空换,S,7276.0000,0.0000,0.0000,0.0000,0.0000,7278.0000,0.0000,0.0000,0.0000,0.0000,138,0,0,0,0,426,0,0,0,0
zc,TA209,2012-06-19 09:02:01.527,7278.0000,451390,2,0.0000,66.0000,34,32,多开,B,7276.0000,0.0000,0.0000,0.0000,0.0000,7278.0000,0.0000,0.0000,0.0000,0.0000,115,0,0,0,0,427,0,0,0,0
zc,TA209,2012-06-19 09:02:02.027,7276.0000,451390,0,0.0000,24.0000,12,12,空换,S,7276.0000,0.0000,0.0000,0.0000,0.0000,7278.0000,0.0000,0.0000,0.0000,0.0000,115,0,0,0,0,417,0,0,0,0
zc,TA209,2012-06-19 09:02:02.497,7276.0000,451410,20,0.0000,30.0000,25,5,空开,S,7276.0000,0.0000,0.0000,0.0000,0.0000,7278.0000,0.0000,0.0000,0.0000,0.0000,105,0,0,0,0,412,0,0,0,0
zc,TA209,2012-06-19 09:02:03.247,7276.0000,451356,-54,0.0000,94.0000,20,74,多平,S,7276.0000,0.0000,0.0000,0.0000,0.0000,7278.0000,0.0000,0.0000,0.0000,0.0000,97,0,0,0,0,376,0,0,0,0
zc,TA209,2012-06-19 09:02:03.730,7276.0000,451348,-8,0.0000,54.0000,23,31,多平,S,7276.0000,0.0000,0.0000,0.0000,0.0000,7278.0000,0.0000,0.0000,0.0000,0.0000,89,0,0,0,0,361,0,0,0,0
zc,TA209,2012-06-19 09:02:04.527,7276.0000,451248,-100,0.0000,114.0000,7,107,多平,S,7276.0000,0.0000,0.0000,0.0000,0.0000,7278.0000,0.0000,0.0000,0.0000,0.0000,84,0,0,0,0,312,0,0,0,0
zc,TA209,2012-06-19 09:02:05.057,7278.0000,451244,-4,0.0000,32.0000,14,18,空平,B,7276.0000,0.0000,0.0000,0.0000,0.0000,7278.0000,0.0000,0.0000,0.0000,0.0000,77,0,0,0,0,310,0,0,0,0
zc,TA209,2012-06-19 09:02:05.793,7278.0000,451324,80,0.0000,400.0000,240,160,多开,B,7276.0000,0.0000,0.0000,0.0000,0.0000,7278.0000,0.0000,0.0000,0.0000,0.0000,78,0,0,0,0,160,0,0,0,0
zc,TA209,2012-06-19 09:02:06.293,7276.0000,451326,2,0.0000,2.0000,2,0,双开,S,7276.0000,0.0000,0.0000,0.0000,0.0000,7278.0000,0.0000,0.0000,0.0000,0.0000,83,0,0,0,0,171,0,0,0,0
zc,TA209,2012-06-19 09:02:06.980,7276.0000,451328,2,0.0000,2.0000,2,0,双开,S,7276.0000,0.0000,0.0000,0.0000,0.0000,7278.0000,0.0000,0.0000,0.0000,0.0000,82,0,0,0,0,171,0,0,0,0
zc,TA209,2012-06-19 09:02:07.527,7278.0000,451488,160,0.0000,198.0000,179,19,多开,B,7276.0000,0.0000,0.0000,0.0000,0.0000,7278.0000,0.0000,0.0000,0.0000,0.0000,6,0,0,0,0,157,0,0,0,0
zc,TA209,2012-06-19 09:02:08.027,7276.0000,451498,10,0.0000,34.0000,22,12,空开,S,7274.0000,0.0000,0.0000,0.0000,0.0000,7276.0000,0.0000,0.0000,0.0000,0.0000,290,0,0,0,0,16,0,0,0,0
zc,TA209,2012-06-19 09:02:08.777,7276.0000,451502,4,0.0000,20.0000,12,8,空开,S,7274.0000,0.0000,0.0000,0.0000,0.0000,7276.0000,0.0000,0.0000,0.0000,0.0000,290,0,0,0,0,132,0,0,0,0
zc,TA209,2012-06-19 09:02:09.293,7276.0000,451516,14,0.0000,18.0000,16,2,空开,S,7274.0000,0.0000,0.0000,0.0000,0.0000,7276.0000,0.0000,0.0000,0.0000,0.0000,289,0,0,0,0,138,0,0,0,0
zc,TA209,2012-06-19 09:02:10.010,7276.0000,451540,24,0.0000,26.0000,25,1,空开,S,7274.0000,0.0000,0.0000,0.0000,0.0000,7276.0000,0.0000,0.0000,0.0000,0.0000,287,0,0,0,0,168,0,0,0,0
zc,TA209,2012-06-19 09:02:10.543,7276.0000,451556,16,0.0000,20.0000,18,2,空开,S,7274.0000,0.0000,0.0000,0.0000,0.0000,7276.0000,0.0000,0.0000,0.0000,0.0000,287,0,0,0,0,162,0,0,0,0
zc,TA209,2012-06-19 09:02:11.293,7274.0000,451558,2,0.0000,18.0000,10,8,空开,S,7274.0000,0.0000,0.0000,0.0000,0.0000,7276.0000,0.0000,0.0000,0.0000,0.0000,287,0,0,0,0,154,0,0,0,0
zc,TA209,2012-06-19 09:02:11.793,7276.0000,451562,4,0.0000,26.0000,15,11,多开,B,7274.0000,0.0000,0.0000,0.0000,0.0000,7276.0000,0.0000,0.0000,0.0000,0.0000,277,0,0,0,0,119,0,0,0,0
zc,TA209,2012-06-19 09:02:12.543,7274.0000,451562,0,0.0000,24.0000,12,12,空换,S,7274.0000,0.0000,0.0000,0.0000,0.0000,7276.0000,0.0000,0.0000,0.0000,0.0000,266,0,0,0,0,119,0,0,0,0
zc,TA209,2012-06-19 09:02:12.997,7276.0000,451566,4,0.0000,6.0000,5,1,多开,B,7274.0000,0.0000,0.0000,0.0000,0.0000,7276.0000,0.0000,0.0000,0.0000,0.0000,268,0,0,0,0,116,0,0,0,0
zc,TA209,2012-06-19 09:02:13.760,7276.0000,451566,0,0.0000,46.0000,23,23,多换,B,7274.0000,0.0000,0.0000,0.0000,0.0000,7276.0000,0.0000,0.0000,0.0000,0.0000,268,0,0,0,0,99,0,0,0,0
zc,TA209,2012-06-19 09:02:14.293,7274.0000,451566,0,0.0000,82.0000,41,41,空换,S,7274.0000,0.0000,0.0000,0.0000,0.0000,7276.0000,0.0000,0.0000,0.0000,0.0000,227,0,0,0,0,99,0,0,0,0
zc,TA209,2012-06-19 09:02:14.807,7274.0000,451564,-2,0.0000,24.0000,11,13,多平,S,7274.0000,0.0000,0.0000,0.0000,0.0000,7276.0000,0.0000,0.0000,0.0000,0.0000,265,0,0,0,0,100,0,0,0,0
zc,TA209,2012-06-19 09:02:15.510,7276.0000,451788,224,0.0000,280.0000,252,28,多开,B,7276.0000,0.0000,0.0000,0.0000,0.0000,7278.0000,0.0000,0.0000,0.0000,0.0000,65,0,0,0,0,171,0,0,0,0
zc,TA209,2012-06-19 09:02:16.043,7276.0000,451866,78,0.0000,78.0000,78,0,双开,B,7276.0000,0.0000,0.0000,0.0000,0.0000,7278.0000,0.0000,0.0000,0.0000,0.0000,28,0,0,0,0,181,0,0,0,0
zc,TA209,2012-06-19 09:02:16.747,7276.0000,451870,4,0.0000,6.0000,5,1,多开,B,7276.0000,0.0000,0.0000,0.0000,0.0000,7278.0000,0.0000,0.0000,0.0000,0.0000,28,0,0,0,0,181,0,0,0,0
zc,TA209,2012-06-19 09:02:17.010,7276.0000,451944,74,0.0000,116.0000,95,21,多开,B,7274.0000,0.0000,0.0000,0.0000,0.0000,7278.0000,0.0000,0.0000,0.0000,0.0000,259,0,0,0,0,181,0,0,0,0
zc,TA209,2012-06-19 09:02:17.760,7278.0000,452290,346,0.0000,388.0000,367,21,多开,B,7278.0000,0.0000,0.0000,0.0000,0.0000,7280.0000,0.0000,0.0000,0.0000,0.0000,9,0,0,0,0,368,0,0,0,0
zc,TA209,2012-06-19 09:02:18.293,7278.0000,452300,10,0.0000,16.0000,13,3,多开,B,7278.0000,0.0000,0.0000,0.0000,0.0000,7280.0000,0.0000,0.0000,0.0000,0.0000,1,0,0,0,0,368,0,0,0,0
zc,TA209,2012-06-19 09:02:19.010,7278.0000,452300,0,0.0000,2.0000,1,1,多换,B,7276.0000,0.0000,0.0000,0.0000,0.0000,7278.0000,0.0000,0.0000,0.0000,0.0000,7,0,0,0,0,39,0,0,0,0
zc,TA209,2012-06-19 09:02:19.557,7278.0000,452300,0,0.0000,0.0000,0,0,多换,B,7276.0000,0.0000,0.0000,0.0000,0.0000,7278.0000,0.0000,0.0000,0.0000,0.0000,101,0,0,0,0,61,0,0,0,0
zc,TA209,2012-06-19 09:02:20.260,7276.0000,452334,34,0.0000,164.0000,99,65,空开,S,7276.0000,0.0000,0.0000,0.0000,0.0000,7278.0000,0.0000,0.0000,0.0000,0.0000,35,0,0,0,0,43,0,0,0,0
zc,TA209,2012-06-19 09:02:20.760,7278.0000,452336,2,0.0000,18.0000,10,8,多开,B,7276.0000,0.0000,0.0000,0.0000,0.0000,7278.0000,0.0000,0.0000,0.0000,0.0000,13,0,0,0,0,36,0,0,0,0
zc,TA209,2012-06-19 09:02:21.260,7276.0000,452374,38,0.0000,134.0000,86,48,空开,S,7276.0000,0.0000,0.0000,0.0000,0.0000,7278.0000,0.0000,0.0000,0.0000,0.0000,1,0,0,0,0,74,0,0,0,0
zc,TA209,2012-06-19 09:02:22.010,7274.0000,452396,22,0.0000,110.0000,66,44,空开,S,7274.0000,0.0000,0.0000,0.0000,0.0000,7278.0000,0.0000,0.0000,0.0000,0.0000,209,0,0,0,0,67,0,0,0,0
zc,TA209,2012-06-19 09:02:22.777,7274.0000,452396,0,0.0000,0.0000,0,0,空换,S,7274.0000,0.0000,0.0000,0.0000,0.0000,7278.0000,0.0000,0.0000,0.0000,0.0000,210,0,0,0,0,67,0,0,0,0
zc,TA209,2012-06-19 09:02:23.247,7274.0000,452396,0,0.0000,0.0000,0,0,空换,S,7274.0000,0.0000,0.0000,0.0000,0.0000,7276.0000,0.0000,0.0000,0.0000,0.0000,217,0,0,0,0,43,0,0,0,0
zc,TA209,2012-06-19 09:02:23.777,7276.0000,452396,0,0.0000,24.0000,12,12,多换,B,7274.0000,0.0000,0.0000,0.0000,0.0000,7276.0000,0.0000,0.0000,0.0000,0.0000,219,0,0,0,0,31,0,0,0,0
zc,TA209,2012-06-19 09:02:24.510,7274.0000,452390,-6,0.0000,8.0000,1,7,多平,S,7274.0000,0.0000,0.0000,0.0000,0.0000,7276.0000,0.0000,0.0000,0.0000,0.0000,217,0,0,0,0,6,0,0,0,0
zc,TA209,2012-06-19 09:02:24.980,7276.0000,452388,-2,0.0000,24.0000,11,13,空平,B,7274.0000,0.0000,0.0000,0.0000,0.0000,7276.0000,0.0000,0.0000,0.0000,0.0000,206,0,0,0,0,6,0,0,0,0
zc,TA209,2012-06-19 09:02:25.793,7278.0000,452636,248,0.0000,428.0000,338,90,多开,B,7276.0000,0.0000,0.0000,0.0000,0.0000,7278.0000,0.0000,0.0000,0.0000,0.0000,4,0,0,0,0,175,0,0,0,0
zc,TA209,2012-06-19 09:02:26.277,7274.0000,452618,-18,0.0000,44.0000,13,31,多平,S,7272.0000,0.0000,0.0000,0.0000,0.0000,7274.0000,0.0000,0.0000,0.0000,0.0000,354,0,0,0,0,4,0,0,0,0
zc,TA209,2012-06-19 09:02:27.057,7272.0000,452606,-12,0.0000,14.0000,1,13,多平,S,7272.0000,0.0000,0.0000,0.0000,0.0000,7274.0000,0.0000,0.0000,0.0000,0.0000,352,0,0,0,0,64,0,0,0,0
zc,TA209,2012-06-19 09:02:27.510,7274.0000,452566,-40,0.0000,44.0000,2,42,空平,B,7272.0000,0.0000,0.0000,0.0000,0.0000,7274.0000,0.0000,0.0000,0.0000,0.0000,353,0,0,0,0,45,0,0,0,0
zc,TA209,2012-06-19 09:02:30.587,7274.0000,452404,-162,0.0000,206.0000,22,184,空平,B,7274.0000,0.0000,0.0000,0.0000,0.0000,7276.0000,0.0000,0.0000,0.0000,0.0000,228,0,0,0,0,119,0,0,0,0
zc,TA209,2012-06-19 09:02:31.747,7274.0000,452400,-4,0.0000,8.0000,2,6,空平,B,7274.0000,0.0000,0.0000,0.0000,0.0000,7276.0000,0.0000,0.0000,0.0000,0.0000,243,0,0,0,0,118,0,0,0,0
zc,TA209,2012-06-19 09:02:32.480,7274.0000,452400,0,0.0000,22.0000,11,11,多换,B,7274.0000,0.0000,0.0000,0.0000,0.0000,7276.0000,0.0000,0.0000,0.0000,0.0000,233,0,0,0,0,119,0,0,0,0
zc,TA209,2012-06-19 09:02:32.997,7276.0000,452382,-18,0.0000,68.0000,25,43,空平,B,7274.0000,0.0000,0.0000,0.0000,0.0000,7276.0000,0.0000,0.0000,0.0000,0.0000,203,0,0,0,0,97,0,0,0,0
zc,TA209,2012-06-19 09:02:33.557,7276.0000,452346,-36,0.0000,36.0000,0,36,双平,B,7274.0000,0.0000,0.0000,0.0000,0.0000,7276.0000,0.0000,0.0000,0.0000,0.0000,215,0,0,0,0,99,0,0,0,0
zc,TA209,2012-06-19 09:02:34.730,7274.0000,452326,-20,0.0000,40.0000,10,30,多平,S,7274.0000,0.0000,0.0000,0.0000,0.0000,7276.0000,0.0000,0.0000,0.0000,0.0000,401,0,0,0,0,81,0,0,0,0
zc,TA209,2012-06-19 09:02:35.247,7276.0000,452316,-10,0.0000,22.0000,6,16,空平,B,7274.0000,0.0000,0.0000,0.0000,0.0000,7276.0000,0.0000,0.0000,0.0000,0.0000,414,0,0,0,0,72,0,0,0,0
zc,TA209,2012-06-19 09:02:36.010,7274.0000,452318,2,0.0000,4.0000,3,1,空开,S,7274.0000,0.0000,0.0000,0.0000,0.0000,7276.0000,0.0000,0.0000,0.0000,0.0000,412,0,0,0,0,73,0,0,0,0
zc,TA209,2012-06-19 09:02:36.527,7274.0000,452344,26,0.0000,38.0000,32,6,空开,S,7274.0000,0.0000,0.0000,0.0000,0.0000,7276.0000,0.0000,0.0000,0.0000,0.0000,394,0,0,0,0,189,0,0,0,0
zc,TA209,2012-06-19 09:02:37.027,7276.0000,452400,56,0.0000,380.0000,218,162,多开,B,7274.0000,0.0000,0.0000,0.0000,0.0000,7276.0000,0.0000,0.0000,0.0000,0.0000,392,0,0,0,0,1,0,0,0,0
zc,TA209,2012-06-19 09:02:37.747,7278.0000,452410,10,0.0000,120.0000,65,55,多开,B,7276.0000,0.0000,0.0000,0.0000,0.0000,7278.0000,0.0000,0.0000,0.0000,0.0000,3,0,0,0,0,185,0,0,0,0
zc,TA209,2012-06-19 09:02:38.027,7276.0000,452332,-78,0.0000,98.0000,10,88,多平,S,7274.0000,0.0000,0.0000,0.0000,0.0000,7276.0000,0.0000,0.0000,0.0000,0.0000,374,0,0,0,0,15,0,0,0,0
zc,TA209,2012-06-19 09:02:38.760,7276.0000,452302,-30,0.0000,34.0000,2,32,多平,S,7276.0000,0.0000,0.0000,0.0000,0.0000,7278.0000,0.0000,0.0000,0.0000,0.0000,5,0,0,0,0,184,0,0,0,0
zc,TA209,2012-06-19 09:02:39.277,7276.0000,452300,-2,0.0000,32.0000,15,17,多平,S,7274.0000,0.0000,0.0000,0.0000,0.0000,7276.0000,0.0000,0.0000,0.0000,0.0000,371,0,0,0,0,6,0,0,0,0
zc,TA209,2012-06-19 09:02:40.027,7278.0000,452254,-46,0.0000,82.0000,18,64,空平,B,7274.0000,0.0000,0.0000,0.0000,0.0000,7278.0000,0.0000,0.0000,0.0000,0.0000,372,0,0,0,0,365,0,0,0,0
zc,TA209,2012-06-19 09:02:40.557,7276.0000,452256,2,0.0000,2.0000,2,0,双开,S,7274.0000,0.0000,0.0000,0.0000,0.0000,7276.0000,0.0000,0.0000,0.0000,0.0000,362,0,0,0,0,5,0,0,0,0
zc,TA209,2012-06-19 09:02:41.277,7278.0000,452292,36,0.0000,44.0000,40,4,多开,B,7274.0000,0.0000,0.0000,0.0000,0.0000,7276.0000,0.0000,0.0000,0.0000,0.0000,364,0,0,0,0,1,0,0,0,0
zc,TA209,2012-06-19 09:02:42.230,7278.0000,452292,0,0.0000,0.0000,0,0,多换,B,7274.0000,0.0000,0.0000,0.0000,0.0000,7276.0000,0.0000,0.0000,0.0000,0.0000,384,0,0,0,0,1,0,0,0,0
zc,TA209,2012-06-19 09:02:42.997,7276.0000,452290,-2,0.0000,4.0000,1,3,多平,S,7274.0000,0.0000,0.0000,0.0000,0.0000,7276.0000,0.0000,0.0000,0.0000,0.0000,365,0,0,0,0,1,0,0,0,0
zc,TA209,2012-06-19 09:02:43.527,7276.0000,452288,-2,0.0000,4.0000,1,3,多平,S,7276.0000,0.0000,0.0000,0.0000,0.0000,7278.0000,0.0000,0.0000,0.0000,0.0000,8,0,0,0,0,371,0,0,0,0
zc,TA209,2012-06-19 09:02:43.980,7276.0000,452282,-6,0.0000,10.0000,2,8,多平,S,7276.0000,0.0000,0.0000,0.0000,0.0000,7278.0000,0.0000,0.0000,0.0000,0.0000,25,0,0,0,0,370,0,0,0,0
zc,TA209,2012-06-19 09:02:44.510,7276.0000,452280,-2,0.0000,2.0000,0,2,双平,S,7276.0000,0.0000,0.0000,0.0000,0.0000,7278.0000,0.0000,0.0000,0.0000,0.0000,230,0,0,0,0,374,0,0,0,0
zc,TA209,2012-06-19 09:02:45.247,7276.0000,452280,0,0.0000,0.0000,0,0,空换,S,7276.0000,0.0000,0.0000,0.0000,0.0000,7278.0000,0.0000,0.0000,0.0000,0.0000,308,0,0,0,0,375,0,0,0,0
zc,TA209,2012-06-19 09:02:45.747,7276.0000,452320,40,0.0000,100.0000,70,30,空开,S,7276.0000,0.0000,0.0000,0.0000,0.0000,7278.0000,0.0000,0.0000,0.0000,0.0000,262,0,0,0,0,325,0,0,0,0
zc,TA209,2012-06-19 09:02:46.543,7276.0000,452310,-10,0.0000,46.0000,18,28,多平,S,7276.0000,0.0000,0.0000,0.0000,0.0000,7278.0000,0.0000,0.0000,0.0000,0.0000,265,0,0,0,0,306,0,0,0,0
zc,TA209,2012-06-19 09:02:47.010,7276.0000,452312,2,0.0000,14.0000,8,6,空开,S,7276.0000,0.0000,0.0000,0.0000,0.0000,7278.0000,0.0000,0.0000,0.0000,0.0000,258,0,0,0,0,306,0,0,0,0
zc,TA209,2012-06-19 09:02:47.527,7276.0000,452312,0,0.0000,0.0000,0,0,空换,S,7276.0000,0.0000,0.0000,0.0000,0.0000,7278.0000,0.0000,0.0000,0.0000,0.0000,260,0,0,0,0,306,0,0,0,0
zc,TA209,2012-06-19 09:02:48.230,7276.0000,452314,2,0.0000,2.0000,2,0,双开,S,7276.0000,0.0000,0.0000,0.0000,0.0000,7278.0000,0.0000,0.0000,0.0000,0.0000,264,0,0,0,0,307,0,0,0,0
zc,TA209,2012-06-19 09:02:48.747,7276.0000,452408,94,0.0000,386.0000,240,146,空开,S,7276.0000,0.0000,0.0000,0.0000,0.0000,7278.0000,0.0000,0.0000,0.0000,0.0000,92,0,0,0,0,286,0,0,0,0
zc,TA209,2012-06-19 09:02:49.480,7278.0000,452408,0,0.0000,16.0000,8,8,多换,B,7276.0000,0.0000,0.0000,0.0000,0.0000,7278.0000,0.0000,0.0000,0.0000,0.0000,85,0,0,0,0,287,0,0,0,0
zc,TA209,2012-06-19 09:02:49.997,7276.0000,452406,-2,0.0000,32.0000,15,17,多平,S,7276.0000,0.0000,0.0000,0.0000,0.0000,7278.0000,0.0000,0.0000,0.0000,0.0000,76,0,0,0,0,284,0,0,0,0
zc,TA209,2012-06-19 09:02:50.480,7276.0000,452406,0,0.0000,12.0000,6,6,空换,S,7276.0000,0.0000,0.0000,0.0000,0.0000,7278.0000,0.0000,0.0000,0.0000,0.0000,70,0,0,0,0,285,0,0,0,0
zc,TA209,2012-06-19 09:02:50.963,7276.0000,452406,0,0.0000,26.0000,13,13,空换,S,7276.0000,0.0000,0.0000,0.0000,0.0000,7278.0000,0.0000,0.0000,0.0000,0.0000,80,0,0,0,0,286,0,0,0,0
zc,TA209,2012-06-19 09:02:51.747,7276.0000,452406,0,0.0000,0.0000,0,0,空换,S,7276.0000,0.0000,0.0000,0.0000,0.0000,7278.0000,0.0000,0.0000,0.0000,0.0000,79,0,0,0,0,286,0,0,0,0
zc,TA209,2012-06-19 09:02:52.497,7276.0000,452308,-98,0.0000,120.0000,11,109,多平,S,7276.0000,0.0000,0.0000,0.0000,0.0000,7278.0000,0.0000,0.0000,0.0000,0.0000,22,0,0,0,0,288,0,0,0,0
zc,TA209,2012-06-19 09:02:53.260,7278.0000,452302,-6,0.0000,24.0000,9,15,空平,B,7276.0000,0.0000,0.0000,0.0000,0.0000,7278.0000,0.0000,0.0000,0.0000,0.0000,19,0,0,0,0,279,0,0,0,0
zc,TA209,2012-06-19 09:02:53.510,7276.0000,452302,0,0.0000,14.0000,7,7,空换,S,7276.0000,0.0000,0.0000,0.0000,0.0000,7278.0000,0.0000,0.0000,0.0000,0.0000,28,0,0,0,0,280,0,0,0,0
zc,TA209,2012-06-19 09:02:54.230,7278.0000,452304,2,0.0000,2.0000,2,0,双开,B,7276.0000,0.0000,0.0000,0.0000,0.0000,7278.0000,0.0000,0.0000,0.0000,0.0000,28,0,0,0,0,279,0,0,0,0
zc,TA209,2012-06-19 09:02:54.747,7276.0000,452314,10,0.0000,18.0000,14,4,空开,S,7276.0000,0.0000,0.0000,0.0000,0.0000,7278.0000,0.0000,0.0000,0.0000,0.0000,24,0,0,0,0,279,0,0,0,0
zc,TA209,2012-06-19 09:02:55.510,7276.0000,452314,0,0.0000,0.0000,0,0,空换,S,7276.0000,0.0000,0.0000,0.0000,0.0000,7278.0000,0.0000,0.0000,0.0000,0.0000,25,0,0,0,0,279,0,0,0,0
zc,TA209,2012-06-19 09:02:56.260,7278.0000,452314,0,0.0000,14.0000,7,7,多换,B,7276.0000,0.0000,0.0000,0.0000,0.0000,7278.0000,0.0000,0.0000,0.0000,0.0000,24,0,0,0,0,275,0,0,0,0
zc,TA209,2012-06-19 09:02:57.057,7276.0000,452318,4,0.0000,4.0000,4,0,双开,S,7276.0000,0.0000,0.0000,0.0000,0.0000,7278.0000,0.0000,0.0000,0.0000,0.0000,22,0,0,0,0,275,0,0,0,0
zc,TA209,2012-06-19 09:02:57.497,7278.0000,452312,-6,0.0000,14.0000,4,10,空平,B,7276.0000,0.0000,0.0000,0.0000,0.0000,7278.0000,0.0000,0.0000,0.0000,0.0000,17,0,0,0,0,278,0,0,0,0
zc,TA209,2012-06-19 09:02:57.980,7276.0000,452316,4,0.0000,8.0000,6,2,空开,S,7276.0000,0.0000,0.0000,0.0000,0.0000,7278.0000,0.0000,0.0000,0.0000,0.0000,16,0,0,0,0,275,0,0,0,0
zc,TA209,2012-06-19 09:02:58.793,7276.0000,452310,-6,0.0000,16.0000,5,11,多平,S,7276.0000,0.0000,0.0000,0.0000,0.0000,7278.0000,0.0000,0.0000,0.0000,0.0000,8,0,0,0,0,277,0,0,0,0
zc,TA209,2012-06-19 09:02:59.247,7276.0000,452294,-16,0.0000,16.0000,0,16,双平,S,7276.0000,0.0000,0.0000,0.0000,0.0000,7278.0000,0.0000,0.0000,0.0000,0.0000,2,0,0,0,0,279,0,0,0,0
zc,TA209,2012-06-19 09:03:00.027,7278.0000,452292,-2,0.0000,6.0000,2,4,空平,B,7276.0000,0.0000,0.0000,0.0000,0.0000,7278.0000,0.0000,0.0000,0.0000,0.0000,2,0,0,0,0,278,0,0,0,0
zc,TA209,2012-06-19 09:03:00.527,7278.0000,452358,66,0.0000,72.0000,69,3,多开,B,7274.0000,0.0000,0.0000,0.0000,0.0000,7278.0000,0.0000,0.0000,0.0000,0.0000,354,0,0,0,0,278,0,0,0,0
zc,TA209,2012-06-19 09:03:00.997,7278.0000,452360,2,0.0000,4.0000,3,1,多开,B,7274.0000,0.0000,0.0000,0.0000,0.0000,7278.0000,0.0000,0.0000,0.0000,0.0000,358,0,0,0,0,277,0,0,0,0
zc,TA209,2012-06-19 09:03:01.510,7276.0000,452360,0,0.0000,4.0000,2,2,空换,S,7274.0000,0.0000,0.0000,0.0000,0.0000,7276.0000,0.0000,0.0000,0.0000,0.0000,358,0,0,0,0,2,0,0,0,0
zc,TA209,2012-06-19 09:03:02.247,7278.0000,452342,-18,0.0000,34.0000,8,26,空平,B,7274.0000,0.0000,0.0000,0.0000,0.0000,7278.0000,0.0000,0.0000,0.0000,0.0000,359,0,0,0,0,285,0,0,0,0
zc,TA209,2012-06-19 09:03:02.793,7278.0000,452342,0,0.0000,68.0000,34,34,多换,B,7274.0000,0.0000,0.0000,0.0000,0.0000,7278.0000,0.0000,0.0000,0.0000,0.0000,359,0,0,0,0,282,0,0,0,0
zc,TA209,2012-06-19 09:03:03.260,7278.0000,452344,2,0.0000,2.0000,2,0,双开,B,7276.0000,0.0000,0.0000,0.0000,0.0000,7278.0000,0.0000,0.0000,0.0000,0.0000,1,0,0,0,0,281,0,0,0,0
zc,TA209,2012-06-19 09:03:03.997,7276.0000,452352,8,0.0000,8.0000,8,0,双开,S,7274.0000,0.0000,0.0000,0.0000,0.0000,7276.0000,0.0000,0.0000,0.0000,0.0000,359,0,0,0,0,32,0,0,0,0
zc,TA209,2012-06-19 09:03:04.497,7276.0000,452352,0,0.0000,8.0000,4,4,空换,S,7274.0000,0.0000,0.0000,0.0000,0.0000,7276.0000,0.0000,0.0000,0.0000,0.0000,362,0,0,0,0,77,0,0,0,0
zc,TA209,2012-06-19 09:03:05.260,7276.0000,452356,4,0.0000,6.0000,5,1,空开,S,7274.0000,0.0000,0.0000,0.0000,0.0000,7276.0000,0.0000,0.0000,0.0000,0.0000,302,0,0,0,0,117,0,0,0,0
zc,TA209,2012-06-19 09:03:05.543,7276.0000,452356,0,0.0000,2.0000,1,1,空换,S,7274.0000,0.0000,0.0000,0.0000,0.0000,7276.0000,0.0000,0.0000,0.0000,0.0000,287,0,0,0,0,147,0,0,0,0
zc,TA209,2012-06-19 09:03:06.260,7276.0000,452434,78,0.0000,144.0000,111,33,空开,S,7274.0000,0.0000,0.0000,0.0000,0.0000,7276.0000,0.0000,0.0000,0.0000,0.0000,235,0,0,0,0,113,0,0,0,0
zc,TA209,2012-06-19 09:03:06.777,7274.0000,452428,-6,0.0000,28.0000,11,17,多平,S,7274.0000,0.0000,0.0000,0.0000,0.0000,7276.0000,0.0000,0.0000,0.0000,0.0000,221,0,0,0,0,115,0,0,0,0
zc,TA209,2012-06-19 09:03:07.510,7276.0000,452444,16,0.0000,304.0000,160,144,多开,B,7274.0000,0.0000,0.0000,0.0000,0.0000,7276.0000,0.0000,0.0000,0.0000,0.0000,78,0,0,0,0,111,0,0,0,0
zc,TA209,2012-06-19 09:03:08.043,7274.0000,452466,22,0.0000,122.0000,72,50,空开,S,7274.0000,0.0000,0.0000,0.0000,0.0000,7276.0000,0.0000,0.0000,0.0000,0.0000,33,0,0,0,0,130,0,0,0,0
zc,TA209,2012-06-19 09:03:08.793,7274.0000,452504,38,0.0000,72.0000,55,17,空开,S,7272.0000,0.0000,0.0000,0.0000,0.0000,7274.0000,0.0000,0.0000,0.0000,0.0000,264,0,0,0,0,22,0,0,0,0
zc,TA209,2012-06-19 09:03:09.307,7272.0000,452506,2,0.0000,2.0000,2,0,双开,S,7272.0000,0.0000,0.0000,0.0000,0.0000,7274.0000,0.0000,0.0000,0.0000,0.0000,263,0,0,0,0,50,0,0,0,0
zc,TA209,2012-06-19 09:03:09.997,7272.0000,452506,0,0.0000,2.0000,1,1,空换,S,7272.0000,0.0000,0.0000,0.0000,0.0000,7274.0000,0.0000,0.0000,0.0000,0.0000,262,0,0,0,0,54,0,0,0,0
zc,TA209,2012-06-19 09:03:10.557,7272.0000,452472,-34,0.0000,82.0000,24,58,多平,S,7272.0000,0.0000,0.0000,0.0000,0.0000,7274.0000,0.0000,0.0000,0.0000,0.0000,260,0,0,0,0,22,0,0,0,0
zc,TA209,2012-06-19 09:03:11.260,7272.0000,452472,0,0.0000,6.0000,3,3,空换,S,7272.0000,0.0000,0.0000,0.0000,0.0000,7274.0000,0.0000,0.0000,0.0000,0.0000,260,0,0,0,0,22,0,0,0,0
zc,TA209,2012-06-19 09:03:12.010,7272.0000,452294,-178,0.0000,206.0000,14,192,多平,S,7272.0000,0.0000,0.0000,0.0000,0.0000,7274.0000,0.0000,0.0000,0.0000,0.0000,156,0,0,0,0,22,0,0,0,0
zc,TA209,2012-06-19 09:03:12.807,7272.0000,452298,4,0.0000,14.0000,9,5,空开,S,7272.0000,0.0000,0.0000,0.0000,0.0000,7274.0000,0.0000,0.0000,0.0000,0.0000,154,0,0,0,0,24,0,0,0,0
zc,TA209,2012-06-19 09:03:13.277,7272.0000,452320,22,0.0000,30.0000,26,4,空开,S,7272.0000,0.0000,0.0000,0.0000,0.0000,7274.0000,0.0000,0.0000,0.0000,0.0000,150,0,0,0,0,13,0,0,0,0
zc,TA209,2012-06-19 09:03:14.027,7272.0000,452314,-6,0.0000,8.0000,1,7,多平,S,7272.0000,0.0000,0.0000,0.0000,0.0000,7274.0000,0.0000,0.0000,0.0000,0.0000,146,0,0,0,0,32,0,0,0,0
zc,TA209,2012-06-19 09:03:14.543,7272.0000,452314,0,0.0000,6.0000,3,3,空换,S,7272.0000,0.0000,0.0000,0.0000,0.0000,7274.0000,0.0000,0.0000,0.0000,0.0000,153,0,0,0,0,33,0,0,0,0
zc,TA209,2012-06-19 09:03:15.260,7272.0000,452314,0,0.0000,6.0000,3,3,空换,S,7272.0000,0.0000,0.0000,0.0000,0.0000,7274.0000,0.0000,0.0000,0.0000,0.0000,151,0,0,0,0,40,0,0,0,0
zc,TA209,2012-06-19 09:03:15.777,7272.0000,452310,-4,0.0000,26.0000,11,15,多平,S,7272.0000,0.0000,0.0000,0.0000,0.0000,7274.0000,0.0000,0.0000,0.0000,0.0000,143,0,0,0,0,36,0,0,0,0
zc,TA209,2012-06-19 09:03:16.510,7272.0000,452286,-24,0.0000,34.0000,5,29,多平,S,7272.0000,0.0000,0.0000,0.0000,0.0000,7274.0000,0.0000,0.0000,0.0000,0.0000,126,0,0,0,0,49,0,0,0,0
zc,TA209,2012-06-19 09:03:17.043,7272.0000,452278,-8,0.0000,14.0000,3,11,多平,S,7272.0000,0.0000,0.0000,0.0000,0.0000,7274.0000,0.0000,0.0000,0.0000,0.0000,120,0,0,0,0,57,0,0,0,0
zc,TA209,2012-06-19 09:03:17.527,7272.0000,452310,32,0.0000,158.0000,95,63,空开,S,7272.0000,0.0000,0.0000,0.0000,0.0000,7274.0000,0.0000,0.0000,0.0000,0.0000,58,0,0,0,0,57,0,0,0,0
zc,TA209,2012-06-19 09:03:18.277,7272.0000,452302,-8,0.0000,12.0000,2,10,多平,S,7272.0000,0.0000,0.0000,0.0000,0.0000,7274.0000,0.0000,0.0000,0.0000,0.0000,52,0,0,0,0,59,0,0,0,0
zc,TA209,2012-06-19 09:03:19.043,7272.0000,452302,0,0.0000,46.0000,23,23,空换,S,7272.0000,0.0000,0.0000,0.0000,0.0000,7274.0000,0.0000,0.0000,0.0000,0.0000,29,0,0,0,0,60,0,0,0,0
zc,TA209,2012-06-19 09:03:19.807,7272.0000,452340,38,0.0000,70.0000,54,16,空开,S,7270.0000,0.0000,0.0000,0.0000,0.0000,7272.0000,0.0000,0.0000,0.0000,0.0000,199,0,0,0,0,350,0,0,0,0
zc,TA209,2012-06-19 09:03:20.277,7270.0000,452340,0,0.0000,12.0000,6,6,空换,S,7270.0000,0.0000,0.0000,0.0000,0.0000,7272.0000,0.0000,0.0000,0.0000,0.0000,194,0,0,0,0,351,0,0,0,0
zc,TA209,2012-06-19 09:03:20.793,7270.0000,452558,218,0.0000,416.0000,317,99,空开,S,7268.0000,0.0000,0.0000,0.0000,0.0000,7270.0000,0.0000,0.0000,0.0000,0.0000,158,0,0,0,0,236,0,0,0,0
zc,TA209,2012-06-19 09:03:21.260,7270.0000,452564,6,0.0000,32.0000,19,13,空开,S,7268.0000,0.0000,0.0000,0.0000,0.0000,7270.0000,0.0000,0.0000,0.0000,0.0000,144,0,0,0,0,466,0,0,0,0
zc,TA209,2012-06-19 09:03:22.043,7268.0000,452554,-10,0.0000,142.0000,66,76,多平,S,7268.0000,0.0000,0.0000,0.0000,0.0000,7270.0000,0.0000,0.0000,0.0000,0.0000,73,0,0,0,0,467,0,0,0,0
zc,TA209,2012-06-19 09:03:22.527,7268.0000,452586,32,0.0000,70.0000,51,19,空开,S,7268.0000,0.0000,0.0000,0.0000,0.0000,7270.0000,0.0000,0.0000,0.0000,0.0000,30,0,0,0,0,468,0,0,0,0
zc,TA209,2012-06-19 09:03:23.293,7268.0000,452576,-10,0.0000,44.0000,17,27,多平,S,7268.0000,0.0000,0.0000,0.0000,0.0000,7270.0000,0.0000,0.0000,0.0000,0.0000,25,0,0,0,0,470,0,0,0,0
zc,TA209,2012-06-19 09:03:23.730,7268.0000,452558,-18,0.0000,60.0000,21,39,多平,S,7266.0000,0.0000,0.0000,0.0000,0.0000,7268.0000,0.0000,0.0000,0.0000,0.0000,18,0,0,0,0,185,0,0,0,0
zc,TA209,2012-06-19 09:03:24.527,7266.0000,452570,12,0.0000,100.0000,56,44,空开,S,7266.0000,0.0000,0.0000,0.0000,0.0000,7268.0000,0.0000,0.0000,0.0000,0.0000,3,0,0,0,0,219,0,0,0,0
zc,TA209,2012-06-19 09:03:25.057,7264.0000,452570,0,0.0000,28.0000,14,14,空换,S,7264.0000,0.0000,0.0000,0.0000,0.0000,7266.0000,0.0000,0.0000,0.0000,0.0000,65,0,0,0,0,21,0,0,0,0
zc,TA209,2012-06-19 09:03:25.497,7264.0000,452566,-4,0.0000,30.0000,13,17,多平,S,7264.0000,0.0000,0.0000,0.0000,0.0000,7266.0000,0.0000,0.0000,0.0000,0.0000,51,0,0,0,0,60,0,0,0,0
zc,TA209,2012-06-19 09:03:26.260,7264.0000,452558,-8,0.0000,52.0000,22,30,多平,S,7262.0000,0.0000,0.0000,0.0000,0.0000,7264.0000,0.0000,0.0000,0.0000,0.0000,69,0,0,0,0,27,0,0,0,0
zc,TA209,2012-06-19 09:03:27.010,7262.0000,452556,-2,0.0000,4.0000,1,3,多平,S,7262.0000,0.0000,0.0000,0.0000,0.0000,7264.0000,0.0000,0.0000,0.0000,0.0000,71,0,0,0,0,44,0,0,0,0
zc,TA209,2012-06-19 09:03:27.777,7260.0000,452738,182,0.0000,428.0000,305,123,空开,S,7260.0000,0.0000,0.0000,0.0000,0.0000,7262.0000,0.0000,0.0000,0.0000,0.0000,352,0,0,0,0,1,0,0,0,0
zc,TA209,2012-06-19 09:03:28.277,7260.0000,452696,-42,0.0000,54.0000,6,48,多平,S,7260.0000,0.0000,0.0000,0.0000,0.0000,7262.0000,0.0000,0.0000,0.0000,0.0000,365,0,0,0,0,15,0,0,0,0
zc,TA209,2012-06-19 09:03:29.057,7262.0000,452568,-128,0.0000,172.0000,22,150,空平,B,7262.0000,0.0000,0.0000,0.0000,0.0000,7264.0000,0.0000,0.0000,0.0000,0.0000,123,0,0,0,0,44,0,0,0,0
zc,TA209,2012-06-19 09:03:29.260,7262.0000,452422,-146,0.0000,170.0000,12,158,空平,B,7262.0000,0.0000,0.0000,0.0000,0.0000,7264.0000,0.0000,0.0000,0.0000,0.0000,383,0,0,0,0,9,0,0,0,0
zc,TA209,2012-06-19 09:03:30.260,7262.0000,452386,-36,0.0000,244.0000,104,140,空平,B,7262.0000,0.0000,0.0000,0.0000,0.0000,7264.0000,0.0000,0.0000,0.0000,0.0000,270,0,0,0,0,6,0,0,0,0
zc,TA209,2012-06-19 09:03:30.527,7264.0000,452384,-2,0.0000,58.0000,28,30,空平,B,7264.0000,0.0000,0.0000,0.0000,0.0000,7266.0000,0.0000,0.0000,0.0000,0.0000,149,0,0,0,0,155,0,0,0,0
zc,TA209,2012-06-19 09:03:31.277,7264.0000,452372,-12,0.0000,130.0000,59,71,空平,B,7264.0000,0.0000,0.0000,0.0000,0.0000,7266.0000,0.0000,0.0000,0.0000,0.0000,98,0,0,0,0,154,0,0,0,0
zc,TA209,2012-06-19 09:03:32.027,7266.0000,452358,-14,0.0000,136.0000,61,75,空平,B,7264.0000,0.0000,0.0000,0.0000,0.0000,7266.0000,0.0000,0.0000,0.0000,0.0000,200,0,0,0,0,148,0,0,0,0
zc,TA209,2012-06-19 09:03:32.777,7264.0000,452364,6,0.0000,140.0000,73,67,空开,S,7264.0000,0.0000,0.0000,0.0000,0.0000,7266.0000,0.0000,0.0000,0.0000,0.0000,134,0,0,0,0,146,0,0,0,0
zc,TA209,2012-06-19 09:03:33.293,7264.0000,452344,-20,0.0000,36.0000,8,28,多平,S,7264.0000,0.0000,0.0000,0.0000,0.0000,7266.0000,0.0000,0.0000,0.0000,0.0000,117,0,0,0,0,145,0,0,0,0
zc,TA209,2012-06-19 09:03:34.010,7264.0000,452378,34,0.0000,64.0000,49,15,空开,S,7264.0000,0.0000,0.0000,0.0000,0.0000,7266.0000,0.0000,0.0000,0.0000,0.0000,101,0,0,0,0,125,0,0,0,0
zc,TA209,2012-06-19 09:03:34.293,7264.0000,452490,112,0.0000,116.0000,114,2,空开,S,7264.0000,0.0000,0.0000,0.0000,0.0000,7266.0000,0.0000,0.0000,0.0000,0.0000,50,0,0,0,0,125,0,0,0,0
zc,TA209,2012-06-19 09:03:35.027,7264.0000,452558,68,0.0000,82.0000,75,7,空开,S,7264.0000,0.0000,0.0000,0.0000,0.0000,7266.0000,0.0000,0.0000,0.0000,0.0000,26,0,0,0,0,110,0,0,0,0
zc,TA209,2012-06-19 09:03:35.497,7264.0000,452552,-6,0.0000,24.0000,9,15,多平,S,7264.0000,0.0000,0.0000,0.0000,0.0000,7266.0000,0.0000,0.0000,0.0000,0.0000,37,0,0,0,0,107,0,0,0,0
zc,TA209,2012-06-19 09:03:36.247,7264.0000,452546,-6,0.0000,28.0000,11,17,多平,S,7264.0000,0.0000,0.0000,0.0000,0.0000,7266.0000,0.0000,0.0000,0.0000,0.0000,40,0,0,0,0,104,0,0,0,0
zc,TA209,2012-06-19 09:03:36.747,7264.0000,452550,4,0.0000,120.0000,62,58,空开,S,7264.0000,0.0000,0.0000,0.0000,0.0000,7266.0000,0.0000,0.0000,0.0000,0.0000,63,0,0,0,0,64,0,0,0,0
zc,TA209,2012-06-19 09:03:37.277,7264.0000,452534,-16,0.0000,24.0000,4,20,多平,S,7264.0000,0.0000,0.0000,0.0000,0.0000,7266.0000,0.0000,0.0000,0.0000,0.0000,83,0,0,0,0,114,0,0,0,0
zc,TA209,2012-06-19 09:03:38.043,7264.0000,452602,68,0.0000,192.0000,130,62,空开,S,7262.0000,0.0000,0.0000,0.0000,0.0000,7264.0000,0.0000,0.0000,0.0000,0.0000,189,0,0,0,0,135,0,0,0,0
zc,TA209,2012-06-19 09:03:38.557,7264.0000,452606,4,0.0000,4.0000,4,0,双开,S,7262.0000,0.0000,0.0000,0.0000,0.0000,7264.0000,0.0000,0.0000,0.0000,0.0000,190,0,0,0,0,146,0,0,0,0
zc,TA209,2012-06-19 09:03:39.323,7262.0000,452604,-2,0.0000,32.0000,15,17,多平,S,7262.0000,0.0000,0.0000,0.0000,0.0000,7264.0000,0.0000,0.0000,0.0000,0.0000,184,0,0,0,0,146,0,0,0,0
zc,TA209,2012-06-19 09:03:39.807,7262.0000,452596,-8,0.0000,34.0000,13,21,多平,S,7262.0000,0.0000,0.0000,0.0000,0.0000,7264.0000,0.0000,0.0000,0.0000,0.0000,211,0,0,0,0,152,0,0,0,0
zc,TA209,2012-06-19 09:03:40.527,7262.0000,452546,-50,0.0000,136.0000,43,93,多平,S,7262.0000,0.0000,0.0000,0.0000,0.0000,7264.0000,0.0000,0.0000,0.0000,0.0000,174,0,0,0,0,179,0,0,0,0
zc,TA209,2012-06-19 09:03:41.027,7262.0000,452592,46,0.0000,116.0000,81,35,空开,S,7262.0000,0.0000,0.0000,0.0000,0.0000,7264.0000,0.0000,0.0000,0.0000,0.0000,120,0,0,0,0,172,0,0,0,0
zc,TA209,2012-06-19 09:03:41.760,7262.0000,452574,-18,0.0000,92.0000,37,55,多平,S,7262.0000,0.0000,0.0000,0.0000,0.0000,7264.0000,0.0000,0.0000,0.0000,0.0000,125,0,0,0,0,174,0,0,0,0
zc,TA209,2012-06-19 09:03:42.543,7262.0000,452576,2,0.0000,120.0000,61,59,空开,S,7262.0000,0.0000,0.0000,0.0000,0.0000,7264.0000,0.0000,0.0000,0.0000,0.0000,67,0,0,0,0,179,0,0,0,0
zc,TA209,2012-06-19 09:03:43.293,7262.0000,452566,-10,0.0000,144.0000,67,77,多平,S,7260.0000,0.0000,0.0000,0.0000,0.0000,7262.0000,0.0000,0.0000,0.0000,0.0000,376,0,0,0,0,32,0,0,0,0
zc,TA209,2012-06-19 09:03:43.793,7260.0000,452366,-200,0.0000,234.0000,17,217,多平,S,7260.0000,0.0000,0.0000,0.0000,0.0000,7262.0000,0.0000,0.0000,0.0000,0.0000,272,0,0,0,0,73,0,0,0,0
zc,TA209,2012-06-19 09:03:44.587,7262.0000,452348,-18,0.0000,98.0000,40,58,空平,B,7260.0000,0.0000,0.0000,0.0000,0.0000,7262.0000,0.0000,0.0000,0.0000,0.0000,225,0,0,0,0,80,0,0,0,0
zc,TA209,2012-06-19 09:03:45.307,7260.0000,452732,384,0.0000,692.0000,538,154,空开,S,7260.0000,0.0000,0.0000,0.0000,0.0000,7262.0000,0.0000,0.0000,0.0000,0.0000,17,0,0,0,0,178,0,0,0,0
zc,TA209,2012-06-19 09:03:46.087,7256.0000,452848,116,0.0000,898.0000,507,391,空开,S,7254.0000,0.0000,0.0000,0.0000,0.0000,7256.0000,0.0000,0.0000,0.0000,0.0000,86,0,0,0,0,231,0,0,0,0
zc,TA209,2012-06-19 09:03:46.543,7254.0000,452854,6,0.0000,18.0000,12,6,空开,S,7254.0000,0.0000,0.0000,0.0000,0.0000,7256.0000,0.0000,0.0000,0.0000,0.0000,83,0,0,0,0,228,0,0,0,0
zc,TA209,2012-06-19 09:03:47.277,7254.0000,452756,-98,0.0000,422.0000,162,260,多平,S,7252.0000,0.0000,0.0000,0.0000,0.0000,7254.0000,0.0000,0.0000,0.0000,0.0000,552,0,0,0,0,25,0,0,0,0
zc,TA209,2012-06-19 09:03:48.010,7254.0000,452446,-310,0.0000,496.0000,93,403,多平,S,7254.0000,0.0000,0.0000,0.0000,0.0000,7256.0000,0.0000,0.0000,0.0000,0.0000,98,0,0,0,0,193,0,0,0,0
zc,TA209,2012-06-19 09:03:48.543,7254.0000,452346,-100,0.0000,448.0000,174,274,多平,S,7254.0000,0.0000,0.0000,0.0000,0.0000,7256.0000,0.0000,0.0000,0.0000,0.0000,91,0,0,0,0,120,0,0,0,0
zc,TA209,2012-06-19 09:03:49.277,7254.0000,452312,-34,0.0000,128.0000,47,81,多平,S,7254.0000,0.0000,0.0000,0.0000,0.0000,7256.0000,0.0000,0.0000,0.0000,0.0000,37,0,0,0,0,107,0,0,0,0
zc,TA209,2012-06-19 09:03:49.997,7254.0000,452392,80,0.0000,238.0000,159,79,空开,S,7252.0000,0.0000,0.0000,0.0000,0.0000,7254.0000,0.0000,0.0000,0.0000,0.0000,520,0,0,0,0,313,0,0,0,0
zc,TA209,2012-06-19 09:03:50.510,7254.0000,452392,0,0.0000,160.0000,80,80,空换,S,7252.0000,0.0000,0.0000,0.0000,0.0000,7254.0000,0.0000,0.0000,0.0000,0.0000,514,0,0,0,0,259,0,0,0,0
zc,TA209,2012-06-19 09:03:51.260,7252.0000,452430,38,0.0000,204.0000,121,83,空开,S,7252.0000,0.0000,0.0000,0.0000,0.0000,7254.0000,0.0000,0.0000,0.0000,0.0000,464,0,0,0,0,220,0,0,0,0
zc,TA209,2012-06-19 09:03:51.730,7252.0000,452394,-36,0.0000,226.0000,95,131,多平,S,7252.0000,0.0000,0.0000,0.0000,0.0000,7254.0000,0.0000,0.0000,0.0000,0.0000,391,0,0,0,0,185,0,0,0,0
zc,TA209,2012-06-19 09:03:52.573,7254.0000,452366,-28,0.0000,436.0000,204,232,空平,B,7254.0000,0.0000,0.0000,0.0000,0.0000,7256.0000,0.0000,0.0000,0.0000,0.0000,435,0,0,0,0,105,0,0,0,0
zc,TA209,2012-06-19 09:03:53.010,7254.0000,452288,-78,0.0000,466.0000,194,272,空平,B,7254.0000,0.0000,0.0000,0.0000,0.0000,7256.0000,0.0000,0.0000,0.0000,0.0000,262,0,0,0,0,89,0,0,0,0
zc,TA209,2012-06-19 09:03:53.760,7254.0000,452278,-10,0.0000,92.0000,41,51,空平,B,7254.0000,0.0000,0.0000,0.0000,0.0000,7256.0000,0.0000,0.0000,0.0000,0.0000,665,0,0,0,0,80,0,0,0,0
zc,TA209,2012-06-19 09:03:54.027,7254.0000,452310,32,0.0000,632.0000,332,300,多开,B,7254.0000,0.0000,0.0000,0.0000,0.0000,7258.0000,0.0000,0.0000,0.0000,0.0000,523,0,0,0,0,16,0,0,0,0
zc,TA209,2012-06-19 09:03:55.010,7256.0000,452314,4,0.0000,16.0000,10,6,多开,B,7256.0000,0.0000,0.0000,0.0000,0.0000,7258.0000,0.0000,0.0000,0.0000,0.0000,155,0,0,0,0,15,0,0,0,0
zc,TA209,2012-06-19 09:03:55.260,7256.0000,452306,-8,0.0000,60.0000,26,34,空平,B,7256.0000,0.0000,0.0000,0.0000,0.0000,7258.0000,0.0000,0.0000,0.0000,0.0000,181,0,0,0,0,4,0,0,0,0
zc,TA209,2012-06-19 09:03:56.043,7254.0000,452166,-140,0.0000,438.0000,149,289,多平,S,7254.0000,0.0000,0.0000,0.0000,0.0000,7256.0000,0.0000,0.0000,0.0000,0.0000,586,0,0,0,0,7,0,0,0,0
zc,TA209,2012-06-19 09:03:56.543,7256.0000,452136,-30,0.0000,30.0000,0,30,双平,B,7254.0000,0.0000,0.0000,0.0000,0.0000,7256.0000,0.0000,0.0000,0.0000,0.0000,635,0,0,0,0,13,0,0,0,0
zc,TA209,2012-06-19 09:03:57.230,7254.0000,452122,-14,0.0000,22.0000,4,18,多平,S,7254.0000,0.0000,0.0000,0.0000,0.0000,7256.0000,0.0000,0.0000,0.0000,0.0000,565,0,0,0,0,31,0,0,0,0
zc,TA209,2012-06-19 09:03:57.793,7260.0000,451722,-400,0.0000,814.0000,207,607,空平,B,7260.0000,0.0000,0.0000,0.0000,0.0000,7262.0000,0.0000,0.0000,0.0000,0.0000,95,0,0,0,0,98,0,0,0,0
zc,TA209,2012-06-19 09:03:58.527,7260.0000,451692,-30,0.0000,38.0000,4,34,空平,B,7260.0000,0.0000,0.0000,0.0000,0.0000,7262.0000,0.0000,0.0000,0.0000,0.0000,77,0,0,0,0,101,0,0,0,0
zc,TA209,2012-06-19 09:03:59.247,7260.0000,451502,-190,0.0000,222.0000,16,206,空平,B,7256.0000,0.0000,0.0000,0.0000,0.0000,7258.0000,0.0000,0.0000,0.0000,0.0000,89,0,0,0,0,50,0,0,0,0
zc,TA209,2012-06-19 09:03:59.747,7258.0000,451506,4,0.0000,36.0000,20,16,空开,S,7256.0000,0.0000,0.0000,0.0000,0.0000,7258.0000,0.0000,0.0000,0.0000,0.0000,142,0,0,0,0,3,0,0,0,0
zc,TA209,2012-06-19 09:04:00.527,7256.0000,451618,112,0.0000,206.0000,159,47,空开,S,7256.0000,0.0000,0.0000,0.0000,0.0000,7258.0000,0.0000,0.0000,0.0000,0.0000,100,0,0,0,0,4,0,0,0,0
zc,TA209,2012-06-19 09:04:00.997,7258.0000,451604,-14,0.0000,56.0000,21,35,空平,B,7258.0000,0.0000,0.0000,0.0000,0.0000,7260.0000,0.0000,0.0000,0.0000,0.0000,10,0,0,0,0,242,0,0,0,0
zc,TA209,2012-06-19 09:04:01.777,7256.0000,451600,-4,0.0000,36.0000,16,20,多平,S,7256.0000,0.0000,0.0000,0.0000,0.0000,7260.0000,0.0000,0.0000,0.0000,0.0000,171,0,0,0,0,253,0,0,0,0
zc,TA209,2012-06-19 09:04:01.997,7256.0000,451488,-112,0.0000,148.0000,18,130,多平,S,7258.0000,0.0000,0.0000,0.0000,0.0000,7260.0000,0.0000,0.0000,0.0000,0.0000,1,0,0,0,0,245,0,0,0,0
zc,TA209,2012-06-19 09:04:02.777,7256.0000,451524,36,0.0000,126.0000,81,45,空开,S,7256.0000,0.0000,0.0000,0.0000,0.0000,7260.0000,0.0000,0.0000,0.0000,0.0000,167,0,0,0,0,48,0,0,0,0
zc,TA209,2012-06-19 09:04:03.323,7260.0000,451514,-10,0.0000,26.0000,8,18,空平,B,7258.0000,0.0000,0.0000,0.0000,0.0000,7260.0000,0.0000,0.0000,0.0000,0.0000,1,0,0,0,0,44,0,0,0,0
zc,TA209,2012-06-19 09:04:04.010,7256.0000,451498,-16,0.0000,562.0000,273,289,多平,S,7256.0000,0.0000,0.0000,0.0000,0.0000,7262.0000,0.0000,0.0000,0.0000,0.0000,157,0,0,0,0,151,0,0,0,0
zc,TA209,2012-06-19 09:04:04.527,7258.0000,451674,176,0.0000,218.0000,197,21,多开,B,7256.0000,0.0000,0.0000,0.0000,0.0000,7258.0000,0.0000,0.0000,0.0000,0.0000,109,0,0,0,0,63,0,0,0,0
zc,TA209,2012-06-19 09:04:05.247,7258.0000,451662,-12,0.0000,20.0000,4,16,空平,B,7256.0000,0.0000,0.0000,0.0000,0.0000,7258.0000,0.0000,0.0000,0.0000,0.0000,111,0,0,0,0,57,0,0,0,0
zc,TA209,2012-06-19 09:04:05.747,7256.0000,451560,-102,0.0000,184.0000,41,143,多平,S,7258.0000,0.0000,0.0000,0.0000,0.0000,7260.0000,0.0000,0.0000,0.0000,0.0000,97,0,0,0,0,107,0,0,0,0
zc,TA209,2012-06-19 09:04:06.510,7258.0000,451560,0,0.0000,210.0000,105,105,多换,B,7256.0000,0.0000,0.0000,0.0000,0.0000,7258.0000,0.0000,0.0000,0.0000,0.0000,124,0,0,0,0,102,0,0,0,0
zc,TA209,2012-06-19 09:04:06.997,7258.0000,451662,102,0.0000,152.0000,127,25,多开,B,7256.0000,0.0000,0.0000,0.0000,0.0000,7258.0000,0.0000,0.0000,0.0000,0.0000,138,0,0,0,0,47,0,0,0,0
zc,TA209,2012-06-19 09:04:07.777,7258.0000,451620,-42,0.0000,176.0000,67,109,空平,B,7258.0000,0.0000,0.0000,0.0000,0.0000,7260.0000,0.0000,0.0000,0.0000,0.0000,47,0,0,0,0,106,0,0,0,0
zc,TA209,2012-06-19 09:04:08.260,7258.0000,451652,32,0.0000,60.0000,46,14,多开,B,7258.0000,0.0000,0.0000,0.0000,0.0000,7260.0000,0.0000,0.0000,0.0000,0.0000,66,0,0,0,0,100,0,0,0,0
zc,TA209,2012-06-19 09:04:08.997,7258.0000,451682,30,0.0000,44.0000,37,7,多开,B,7258.0000,0.0000,0.0000,0.0000,0.0000,7260.0000,0.0000,0.0000,0.0000,0.0000,47,0,0,0,0,108,0,0,0,0
zc,TA209,2012-06-19 09:04:09.777,7258.0000,451678,-4,0.0000,48.0000,22,26,空平,B,7258.0000,0.0000,0.0000,0.0000,0.0000,7260.0000,0.0000,0.0000,0.0000,0.0000,25,0,0,0,0,120,0,0,0,0
zc,TA209,2012-06-19 09:04:10.277,7258.0000,451700,22,0.0000,40.0000,31,9,多开,B,7258.0000,0.0000,0.0000,0.0000,0.0000,7260.0000,0.0000,0.0000,0.0000,0.0000,54,0,0,0,0,106,0,0,0,0
zc,TA209,2012-06-19 09:04:11.043,7258.0000,451718,18,0.0000,90.0000,54,36,多开,B,7258.0000,0.0000,0.0000,0.0000,0.0000,7260.0000,0.0000,0.0000,0.0000,0.0000,22,0,0,0,0,95,0,0,0,0
zc,TA209,2012-06-19 09:04:11.527,7260.0000,451716,-2,0.0000,96.0000,47,49,空平,B,7258.0000,0.0000,0.0000,0.0000,0.0000,7260.0000,0.0000,0.0000,0.0000,0.0000,40,0,0,0,0,51,0,0,0,0
zc,TA209,2012-06-19 09:04:12.247,7258.0000,451700,-16,0.0000,46.0000,15,31,多平,S,7258.0000,0.0000,0.0000,0.0000,0.0000,7260.0000,0.0000,0.0000,0.0000,0.0000,31,0,0,0,0,49,0,0,0,0
zc,TA209,2012-06-19 09:04:12.747,7258.0000,451900,200,0.0000,332.0000,266,66,空开,S,7258.0000,0.0000,0.0000,0.0000,0.0000,7260.0000,0.0000,0.0000,0.0000,0.0000,15,0,0,0,0,33,0,0,0,0
zc,TA209,2012-06-19 09:04:13.480,7260.0000,451900,0,0.0000,18.0000,9,9,多换,B,7258.0000,0.0000,0.0000,0.0000,0.0000,7260.0000,0.0000,0.0000,0.0000,0.0000,168,0,0,0,0,32,0,0,0,0
zc,TA209,2012-06-19 09:04:14.027,7258.0000,451918,18,0.0000,340.0000,179,161,空开,S,7258.0000,0.0000,0.0000,0.0000,0.0000,7262.0000,0.0000,0.0000,0.0000,0.0000,175,0,0,0,0,110,0,0,0,0
zc,TA209,2012-06-19 09:04:14.777,7260.0000,451916,-2,0.0000,64.0000,31,33,空平,B,7258.0000,0.0000,0.0000,0.0000,0.0000,7260.0000,0.0000,0.0000,0.0000,0.0000,177,0,0,0,0,5,0,0,0,0
zc,TA209,2012-06-19 09:04:15.260,7258.0000,451932,16,0.0000,20.0000,18,2,空开,S,7258.0000,0.0000,0.0000,0.0000,0.0000,7260.0000,0.0000,0.0000,0.0000,0.0000,173,0,0,0,0,3,0,0,0,0
zc,TA209,2012-06-19 09:04:16.010,7258.0000,451938,6,0.0000,172.0000,89,83,空开,S,7258.0000,0.0000,0.0000,0.0000,0.0000,7262.0000,0.0000,0.0000,0.0000,0.0000,103,0,0,0,0,110,0,0,0,0
zc,TA209,2012-06-19 09:04:16.527,7260.0000,451962,24,0.0000,152.0000,88,64,多开,B,7260.0000,0.0000,0.0000,0.0000,0.0000,7262.0000,0.0000,0.0000,0.0000,0.0000,2,0,0,0,0,110,0,0,0,0
zc,TA209,2012-06-19 09:04:17.010,7258.0000,451916,-46,0.0000,178.0000,66,112,多平,S,7258.0000,0.0000,0.0000,0.0000,0.0000,7260.0000,0.0000,0.0000,0.0000,0.0000,29,0,0,0,0,6,0,0,0,0
zc,TA209,2012-06-19 09:04:17.480,7260.0000,451916,0,0.0000,30.0000,15,15,多换,B,7258.0000,0.0000,0.0000,0.0000,0.0000,7260.0000,0.0000,0.0000,0.0000,0.0000,21,0,0,0,0,126,0,0,0,0
zc,TA209,2012-06-19 09:04:18.293,7260.0000,451956,40,0.0000,114.0000,77,37,多开,B,7256.0000,0.0000,0.0000,0.0000,0.0000,7258.0000,0.0000,0.0000,0.0000,0.0000,228,0,0,0,0,3,0,0,0,0
zc,TA209,2012-06-19 09:04:18.760,7260.0000,451934,-22,0.0000,58.0000,18,40,空平,B,7256.0000,0.0000,0.0000,0.0000,0.0000,7260.0000,0.0000,0.0000,0.0000,0.0000,229,0,0,0,0,302,0,0,0,0
zc,TA209,2012-06-19 09:04:19.527,7258.0000,451938,4,0.0000,6.0000,5,1,空开,S,7256.0000,0.0000,0.0000,0.0000,0.0000,7258.0000,0.0000,0.0000,0.0000,0.0000,180,0,0,0,0,3,0,0,0,0
zc,TA209,2012-06-19 09:04:19.997,7256.0000,451934,-4,0.0000,20.0000,8,12,多平,S,7256.0000,0.0000,0.0000,0.0000,0.0000,7258.0000,0.0000,0.0000,0.0000,0.0000,176,0,0,0,0,12,0,0,0,0
zc,TA209,2012-06-19 09:04:20.510,7258.0000,451930,-4,0.0000,118.0000,57,61,空平,B,7258.0000,0.0000,0.0000,0.0000,0.0000,7260.0000,0.0000,0.0000,0.0000,0.0000,31,0,0,0,0,286,0,0,0,0
zc,TA209,2012-06-19 09:04:21.247,7256.0000,451928,-2,0.0000,64.0000,31,33,多平,S,7256.0000,0.0000,0.0000,0.0000,0.0000,7258.0000,0.0000,0.0000,0.0000,0.0000,177,0,0,0,0,32,0,0,0,0
zc,TA209,2012-06-19 09:04:21.777,7258.0000,451962,34,0.0000,84.0000,59,25,多开,B,7258.0000,0.0000,0.0000,0.0000,0.0000,7260.0000,0.0000,0.0000,0.0000,0.0000,15,0,0,0,0,282,0,0,0,0
zc,TA209,2012-06-19 09:04:22.527,7260.0000,452124,162,0.0000,504.0000,333,171,多开,B,7258.0000,0.0000,0.0000,0.0000,0.0000,7260.0000,0.0000,0.0000,0.0000,0.0000,8,0,0,0,0,286,0,0,0,0
zc,TA209,2012-06-19 09:04:23.010,7258.0000,452112,-12,0.0000,26.0000,7,19,多平,S,7258.0000,0.0000,0.0000,0.0000,0.0000,7260.0000,0.0000,0.0000,0.0000,0.0000,1,0,0,0,0,285,0,0,0,0
zc,TA209,2012-06-19 09:04:23.760,7258.0000,452080,-32,0.0000,54.0000,11,43,多平,S,7258.0000,0.0000,0.0000,0.0000,0.0000,7260.0000,0.0000,0.0000,0.0000,0.0000,25,0,0,0,0,281,0,0,0,0
zc,TA209,2012-06-19 09:04:24.277,7260.0000,452082,2,0.0000,14.0000,8,6,多开,B,7258.0000,0.0000,0.0000,0.0000,0.0000,7260.0000,0.0000,0.0000,0.0000,0.0000,28,0,0,0,0,281,0,0,0,0
zc,TA209,2012-06-19 09:04:25.027,7258.0000,452054,-28,0.0000,74.0000,23,51,多平,S,7256.0000,0.0000,0.0000,0.0000,0.0000,7258.0000,0.0000,0.0000,0.0000,0.0000,98,0,0,0,0,511,0,0,0,0
zc,TA209,2012-06-19 09:04:25.527,7258.0000,452052,-2,0.0000,10.0000,4,6,多平,S,7256.0000,0.0000,0.0000,0.0000,0.0000,7258.0000,0.0000,0.0000,0.0000,0.0000,65,0,0,0,0,512,0,0,0,0
zc,TA209,2012-06-19 09:04:26.277,7256.0000,452038,-14,0.0000,22.0000,4,18,多平,S,7256.0000,0.0000,0.0000,0.0000,0.0000,7258.0000,0.0000,0.0000,0.0000,0.0000,78,0,0,0,0,531,0,0,0,0
zc,TA209,2012-06-19 09:04:26.747,7256.0000,452026,-12,0.0000,74.0000,31,43,多平,S,7256.0000,0.0000,0.0000,0.0000,0.0000,7258.0000,0.0000,0.0000,0.0000,0.0000,67,0,0,0,0,419,0,0,0,0
zc,TA209,2012-06-19 09:04:27.510,7258.0000,452022,-4,0.0000,66.0000,31,35,空平,B,7256.0000,0.0000,0.0000,0.0000,0.0000,7258.0000,0.0000,0.0000,0.0000,0.0000,51,0,0,0,0,516,0,0,0,0
zc,TA209,2012-06-19 09:04:28.010,7256.0000,451908,-114,0.0000,354.0000,120,234,多平,S,7256.0000,0.0000,0.0000,0.0000,0.0000,7258.0000,0.0000,0.0000,0.0000,0.0000,64,0,0,0,0,352,0,0,0,0
zc,TA209,2012-06-19 09:04:28.497,7258.0000,451870,-38,0.0000,126.0000,44,82,空平,B,7256.0000,0.0000,0.0000,0.0000,0.0000,7258.0000,0.0000,0.0000,0.0000,0.0000,28,0,0,0,0,340,0,0,0,0
zc,TA209,2012-06-19 09:04:29.277,7256.0000,451872,2,0.0000,8.0000,5,3,空开,S,7256.0000,0.0000,0.0000,0.0000,0.0000,7258.0000,0.0000,0.0000,0.0000,0.0000,32,0,0,0,0,339,0,0,0,0
zc,TA209,2012-06-19 09:04:29.760,7256.0000,451870,-2,0.0000,74.0000,36,38,多平,S,7254.0000,0.0000,0.0000,0.0000,0.0000,7256.0000,0.0000,0.0000,0.0000,0.0000,626,0,0,0,0,11,0,0,0,0
zc,TA209,2012-06-19 09:04:30.527,7256.0000,451886,16,0.0000,38.0000,27,11,空开,S,7256.0000,0.0000,0.0000,0.0000,0.0000,7258.0000,0.0000,0.0000,0.0000,0.0000,115,0,0,0,0,325,0,0,0,0
zc,TA209,2012-06-19 09:04:31.027,7256.0000,451918,32,0.0000,64.0000,48,16,空开,S,7256.0000,0.0000,0.0000,0.0000,0.0000,7258.0000,0.0000,0.0000,0.0000,0.0000,98,0,0,0,0,326,0,0,0,0
zc,TA209,2012-06-19 09:04:31.730,7256.0000,451924,6,0.0000,34.0000,20,14,空开,S,7256.0000,0.0000,0.0000,0.0000,0.0000,7258.0000,0.0000,0.0000,0.0000,0.0000,103,0,0,0,0,314,0,0,0,0
zc,TA209,2012-06-19 09:04:32.247,7256.0000,451932,8,0.0000,16.0000,12,4,空开,S,7256.0000,0.0000,0.0000,0.0000,0.0000,7258.0000,0.0000,0.0000,0.0000,0.0000,101,0,0,0,0,311,0,0,0,0
zc,TA209,2012-06-19 09:04:33.010,7258.0000,452126,194,0.0000,650.0000,422,228,多开,B,7258.0000,0.0000,0.0000,0.0000,0.0000,7260.0000,0.0000,0.0000,0.0000,0.0000,4,0,0,0,0,316,0,0,0,0
zc,TA209,2012-06-19 09:04:33.260,7256.0000,452174,48,0.0000,372.0000,210,162,空开,S,7256.0000,0.0000,0.0000,0.0000,0.0000,7260.0000,0.0000,0.0000,0.0000,0.0000,33,0,0,0,0,292,0,0,0,0
zc,TA209,2012-06-19 09:04:34.260,7258.0000,452182,8,0.0000,14.0000,11,3,多开,B,7258.0000,0.0000,0.0000,0.0000,0.0000,7260.0000,0.0000,0.0000,0.0000,0.0000,25,0,0,0,0,285,0,0,0,0
zc,TA209,2012-06-19 09:04:34.760,7256.0000,452252,70,0.0000,70.0000,70,0,双开,S,7256.0000,0.0000,0.0000,0.0000,0.0000,7258.0000,0.0000,0.0000,0.0000,0.0000,63,0,0,0,0,101,0,0,0,0
zc,TA209,2012-06-19 09:04:35.260,7256.0000,452332,80,0.0000,154.0000,117,37,空开,S,7254.0000,0.0000,0.0000,0.0000,0.0000,7256.0000,0.0000,0.0000,0.0000,0.0000,679,0,0,0,0,152,0,0,0,0
zc,TA209,2012-06-19 09:04:36.073,7258.0000,452182,-150,0.0000,1014.0000,432,582,空平,B,7258.0000,0.0000,0.0000,0.0000,0.0000,7260.0000,0.0000,0.0000,0.0000,0.0000,6,0,0,0,0,65,0,0,0,0
zc,TA209,2012-06-19 09:04:37.057,7260.0000,452348,166,0.0000,330.0000,248,82,多开,B,7260.0000,0.0000,0.0000,0.0000,0.0000,7262.0000,0.0000,0.0000,0.0000,0.0000,39,0,0,0,0,148,0,0,0,0
zc,TA209,2012-06-19 09:04:37.603,7260.0000,452346,-2,0.0000,88.0000,43,45,空平,B,7258.0000,0.0000,0.0000,0.0000,0.0000,7260.0000,0.0000,0.0000,0.0000,0.0000,21,0,0,0,0,100,0,0,0,0
zc,TA209,2012-06-19 09:04:38.260,7258.0000,452362,16,0.0000,22.0000,19,3,空开,S,7258.0000,0.0000,0.0000,0.0000,0.0000,7260.0000,0.0000,0.0000,0.0000,0.0000,11,0,0,0,0,105,0,0,0,0
zc,TA209,2012-06-19 09:04:38.760,7260.0000,452362,0,0.0000,164.0000,82,82,多换,B,7258.0000,0.0000,0.0000,0.0000,0.0000,7260.0000,0.0000,0.0000,0.0000,0.0000,10,0,0,0,0,93,0,0,0,0
zc,TA209,2012-06-19 09:04:39.277,7258.0000,452370,8,0.0000,22.0000,15,7,空开,S,7258.0000,0.0000,0.0000,0.0000,0.0000,7260.0000,0.0000,0.0000,0.0000,0.0000,8,0,0,0,0,94,0,0,0,0
zc,TA209,2012-06-19 09:04:39.730,7260.0000,452270,-100,0.0000,110.0000,5,105,空平,B,7258.0000,0.0000,0.0000,0.0000,0.0000,7260.0000,0.0000,0.0000,0.0000,0.0000,24,0,0,0,0,88,0,0,0,0
zc,TA209,2012-06-19 09:04:40.543,7260.0000,452260,-10,0.0000,50.0000,20,30,空平,B,7258.0000,0.0000,0.0000,0.0000,0.0000,7260.0000,0.0000,0.0000,0.0000,0.0000,25,0,0,0,0,191,0,0,0,0
zc,TA209,2012-06-19 09:04:41.230,7258.0000,452262,2,0.0000,18.0000,10,8,空开,S,7258.0000,0.0000,0.0000,0.0000,0.0000,7260.0000,0.0000,0.0000,0.0000,0.0000,25,0,0,0,0,184,0,0,0,0
zc,TA209,2012-06-19 09:04:41.793,7260.0000,452278,16,0.0000,18.0000,17,1,多开,B,7258.0000,0.0000,0.0000,0.0000,0.0000,7260.0000,0.0000,0.0000,0.0000,0.0000,23,0,0,0,0,180,0,0,0,0
zc,TA209,2012-06-19 09:04:42.527,7258.0000,452292,14,0.0000,32.0000,23,9,空开,S,7258.0000,0.0000,0.0000,0.0000,0.0000,7260.0000,0.0000,0.0000,0.0000,0.0000,14,0,0,0,0,182,0,0,0,0
zc,TA209,2012-06-19 09:04:43.010,7260.0000,452292,0,0.0000,72.0000,36,36,多换,B,7258.0000,0.0000,0.0000,0.0000,0.0000,7260.0000,0.0000,0.0000,0.0000,0.0000,17,0,0,0,0,154,0,0,0,0
zc,TA209,2012-06-19 09:04:43.777,7258.0000,452304,12,0.0000,16.0000,14,2,空开,S,7258.0000,0.0000,0.0000,0.0000,0.0000,7260.0000,0.0000,0.0000,0.0000,0.0000,16,0,0,0,0,152,0,0,0,0
zc,TA209,2012-06-19 09:04:44.293,7258.0000,452640,336,0.0000,350.0000,343,7,空开,S,7256.0000,0.0000,0.0000,0.0000,0.0000,7258.0000,0.0000,0.0000,0.0000,0.0000,253,0,0,0,0,129,0,0,0,0
zc,TA209,2012-06-19 09:04:45.043,7258.0000,452650,10,0.0000,78.0000,44,34,空开,S,7256.0000,0.0000,0.0000,0.0000,0.0000,7258.0000,0.0000,0.0000,0.0000,0.0000,259,0,0,0,0,104,0,0,0,0
zc,TA209,2012-06-19 09:04:45.527,7258.0000,452652,2,0.0000,8.0000,5,3,空开,S,7256.0000,0.0000,0.0000,0.0000,0.0000,7258.0000,0.0000,0.0000,0.0000,0.0000,269,0,0,0,0,249,0,0,0,0
zc,TA209,2012-06-19 09:04:46.057,7258.0000,452850,198,0.0000,220.0000,209,11,空开,S,7256.0000,0.0000,0.0000,0.0000,0.0000,7258.0000,0.0000,0.0000,0.0000,0.0000,269,0,0,0,0,140,0,0,0,0
zc,TA209,2012-06-19 09:04:46.730,7258.0000,452856,6,0.0000,236.0000,121,115,空开,S,7256.0000,0.0000,0.0000,0.0000,0.0000,7258.0000,0.0000,0.0000,0.0000,0.0000,267,0,0,0,0,34,0,0,0,0
zc,TA209,2012-06-19 09:04:47.573,7258.0000,453126,270,0.0000,272.0000,271,1,空开,S,7258.0000,0.0000,0.0000,0.0000,0.0000,7260.0000,0.0000,0.0000,0.0000,0.0000,104,0,0,0,0,87,0,0,0,0
zc,TA209,2012-06-19 09:04:48.057,7258.0000,453530,404,0.0000,638.0000,521,117,空开,S,7258.0000,0.0000,0.0000,0.0000,0.0000,7262.0000,0.0000,0.0000,0.0000,0.0000,48,0,0,0,0,163,0,0,0,0
zc,TA209,2012-06-19 09:04:48.777,7260.0000,453530,0,0.0000,42.0000,21,21,多换,B,7260.0000,0.0000,0.0000,0.0000,0.0000,7262.0000,0.0000,0.0000,0.0000,0.0000,78,0,0,0,0,162,0,0,0,0
zc,TA209,2012-06-19 09:04:49.260,7260.0000,453526,-4,0.0000,6.0000,1,5,空平,B,7260.0000,0.0000,0.0000,0.0000,0.0000,7262.0000,0.0000,0.0000,0.0000,0.0000,82,0,0,0,0,133,0,0,0,0
zc,TA209,2012-06-19 09:04:49.997,7260.0000,453766,240,0.0000,290.0000,265,25,多开,B,7260.0000,0.0000,0.0000,0.0000,0.0000,7262.0000,0.0000,0.0000,0.0000,0.0000,21,0,0,0,0,124,0,0,0,0
zc,TA209,2012-06-19 09:04:50.527,7260.0000,453724,-42,0.0000,54.0000,6,48,空平,B,7258.0000,0.0000,0.0000,0.0000,0.0000,7260.0000,0.0000,0.0000,0.0000,0.0000,141,0,0,0,0,135,0,0,0,0
zc,TA209,2012-06-19 09:04:51.247,7260.0000,453726,2,0.0000,4.0000,3,1,多开,B,7258.0000,0.0000,0.0000,0.0000,0.0000,7260.0000,0.0000,0.0000,0.0000,0.0000,141,0,0,0,0,139,0,0,0,0
zc,TA209,2012-06-19 09:04:52.027,7260.0000,453722,-4,0.0000,288.0000,142,146,空平,B,7258.0000,0.0000,0.0000,0.0000,0.0000,7260.0000,0.0000,0.0000,0.0000,0.0000,116,0,0,0,0,17,0,0,0,0
zc,TA209,2012-06-19 09:04:52.527,7260.0000,453700,-22,0.0000,172.0000,75,97,空平,B,7260.0000,0.0000,0.0000,0.0000,0.0000,7262.0000,0.0000,0.0000,0.0000,0.0000,90,0,0,0,0,165,0,0,0,0
zc,TA209,2012-06-19 09:04:53.027,7260.0000,453694,-6,0.0000,100.0000,47,53,空平,B,7260.0000,0.0000,0.0000,0.0000,0.0000,7262.0000,0.0000,0.0000,0.0000,0.0000,129,0,0,0,0,134,0,0,0,0
zc,TA209,2012-06-19 09:04:53.777,7262.0000,453696,2,0.0000,114.0000,58,56,多开,B,7260.0000,0.0000,0.0000,0.0000,0.0000,7262.0000,0.0000,0.0000,0.0000,0.0000,133,0,0,0,0,130,0,0,0,0
zc,TA209,2012-06-19 09:04:54.293,7260.0000,453754,58,0.0000,732.0000,395,337,空开,S,7260.0000,0.0000,0.0000,0.0000,0.0000,7262.0000,0.0000,0.0000,0.0000,0.0000,6,0,0,0,0,7,0,0,0,0
zc,TA209,2012-06-19 09:04:55.027,7260.0000,453768,14,0.0000,16.0000,15,1,空开,S,7258.0000,0.0000,0.0000,0.0000,0.0000,7260.0000,0.0000,0.0000,0.0000,0.0000,3,0,0,0,0,71,0,0,0,0
zc,TA209,2012-06-19 09:04:55.527,7260.0000,453768,0,0.0000,10.0000,5,5,空换,S,7258.0000,0.0000,0.0000,0.0000,0.0000,7260.0000,0.0000,0.0000,0.0000,0.0000,108,0,0,0,0,82,0,0,0,0
zc,TA209,2012-06-19 09:04:56.293,7260.0000,453810,42,0.0000,162.0000,102,60,空开,S,7258.0000,0.0000,0.0000,0.0000,0.0000,7260.0000,0.0000,0.0000,0.0000,0.0000,109,0,0,0,0,3,0,0,0,0
zc,TA209,2012-06-19 09:04:57.027,7260.0000,453828,18,0.0000,24.0000,21,3,空开,S,7260.0000,0.0000,0.0000,0.0000,0.0000,7262.0000,0.0000,0.0000,0.0000,0.0000,22,0,0,0,0,87,0,0,0,0
zc,TA209,2012-06-19 09:04:57.510,7258.0000,453830,2,0.0000,124.0000,63,61,空开,S,7260.0000,0.0000,0.0000,0.0000,0.0000,7262.0000,0.0000,0.0000,0.0000,0.0000,59,0,0,0,0,98,0,0,0,0
zc,TA209,2012-06-19 09:04:58.247,7262.0000,453934,104,0.0000,152.0000,128,24,多开,B,7260.0000,0.0000,0.0000,0.0000,0.0000,7262.0000,0.0000,0.0000,0.0000,0.0000,15,0,0,0,0,130,0,0,0,0
zc,TA209,2012-06-19 09:04:58.777,7260.0000,453934,0,0.0000,2.0000,1,1,空换,S,7260.0000,0.0000,0.0000,0.0000,0.0000,7262.0000,0.0000,0.0000,0.0000,0.0000,14,0,0,0,0,131,0,0,0,0
zc,TA209,2012-06-19 09:04:59.260,7262.0000,453882,-52,0.0000,66.0000,7,59,空平,B,7260.0000,0.0000,0.0000,0.0000,0.0000,7262.0000,0.0000,0.0000,0.0000,0.0000,17,0,0,0,0,100,0,0,0,0
zc,TA209,2012-06-19 09:04:59.793,7260.0000,453862,-20,0.0000,26.0000,3,23,多平,S,7260.0000,0.0000,0.0000,0.0000,0.0000,7262.0000,0.0000,0.0000,0.0000,0.0000,8,0,0,0,0,103,0,0,0,0
zc,TA209,2012-06-19 09:05:00.510,7260.0000,453836,-26,0.0000,28.0000,1,27,多平,S,7260.0000,0.0000,0.0000,0.0000,0.0000,7262.0000,0.0000,0.0000,0.0000,0.0000,7,0,0,0,0,41,0,0,0,0
zc,TA209,2012-06-19 09:05:00.807,7262.0000,453896,60,0.0000,154.0000,107,47,多开,B,7262.0000,0.0000,0.0000,0.0000,0.0000,7264.0000,0.0000,0.0000,0.0000,0.0000,27,0,0,0,0,106,0,0,0,0
zc,TA209,2012-06-19 09:05:02.057,7262.0000,453868,-28,0.0000,102.0000,37,65,空平,B,7260.0000,0.0000,0.0000,0.0000,0.0000,7262.0000,0.0000,0.0000,0.0000,0.0000,9,0,0,0,0,155,0,0,0,0
zc,TA209,2012-06-19 09:05:02.557,7262.0000,453864,-4,0.0000,26.0000,11,15,空平,B,7260.0000,0.0000,0.0000,0.0000,0.0000,7262.0000,0.0000,0.0000,0.0000,0.0000,11,0,0,0,0,154,0,0,0,0
zc,TA209,2012-06-19 09:05:03.323,7260.0000,453866,2,0.0000,32.0000,17,15,空开,S,7258.0000,0.0000,0.0000,0.0000,0.0000,7260.0000,0.0000,0.0000,0.0000,0.0000,359,0,0,0,0,196,0,0,0,0
zc,TA209,2012-06-19 09:05:03.543,7260.0000,453868,2,0.0000,6.0000,4,2,空开,S,7258.0000,0.0000,0.0000,0.0000,0.0000,7260.0000,0.0000,0.0000,0.0000,0.0000,360,0,0,0,0,194,0,0,0,0
zc,TA209,2012-06-19 09:05:04.260,7260.0000,454028,160,0.0000,192.0000,176,16,空开,S,7258.0000,0.0000,0.0000,0.0000,0.0000,7260.0000,0.0000,0.0000,0.0000,0.0000,391,0,0,0,0,98,0,0,0,0
zc,TA209,2012-06-19 09:05:04.777,7260.0000,454048,20,0.0000,50.0000,35,15,空开,S,7258.0000,0.0000,0.0000,0.0000,0.0000,7260.0000,0.0000,0.0000,0.0000,0.0000,361,0,0,0,0,74,0,0,0,0
zc,TA209,2012-06-19 09:05:05.497,7260.0000,454108,60,0.0000,72.0000,66,6,空开,S,7258.0000,0.0000,0.0000,0.0000,0.0000,7260.0000,0.0000,0.0000,0.0000,0.0000,360,0,0,0,0,89,0,0,0,0
zc,TA209,2012-06-19 09:05:05.980,7260.0000,454116,8,0.0000,30.0000,19,11,空开,S,7258.0000,0.0000,0.0000,0.0000,0.0000,7260.0000,0.0000,0.0000,0.0000,0.0000,369,0,0,0,0,75,0,0,0,0
zc,TA209,2012-06-19 09:05:06.777,7258.0000,454156,40,0.0000,68.0000,54,14,空开,S,7258.0000,0.0000,0.0000,0.0000,0.0000,7260.0000,0.0000,0.0000,0.0000,0.0000,368,0,0,0,0,51,0,0,0,0
zc,TA209,2012-06-19 09:05:07.497,7260.0000,454152,-4,0.0000,12.0000,4,8,空平,B,7258.0000,0.0000,0.0000,0.0000,0.0000,7260.0000,0.0000,0.0000,0.0000,0.0000,370,0,0,0,0,49,0,0,0,0
zc,TA209,2012-06-19 09:05:08.277,7260.0000,454150,-2,0.0000,8.0000,3,5,空平,B,7258.0000,0.0000,0.0000,0.0000,0.0000,7260.0000,0.0000,0.0000,0.0000,0.0000,420,0,0,0,0,45,0,0,0,0
zc,TA209,2012-06-19 09:05:08.777,7258.0000,454184,34,0.0000,100.0000,67,33,空开,S,7258.0000,0.0000,0.0000,0.0000,0.0000,7260.0000,0.0000,0.0000,0.0000,0.0000,389,0,0,0,0,26,0,0,0,0
zc,TA209,2012-06-19 09:05:09.247,7260.0000,454222,38,0.0000,86.0000,62,24,多开,B,7258.0000,0.0000,0.0000,0.0000,0.0000,7260.0000,0.0000,0.0000,0.0000,0.0000,378,0,0,0,0,7,0,0,0,0
zc,TA209,2012-06-19 09:05:10.010,7260.0000,454238,16,0.0000,44.0000,30,14,多开,B,7260.0000,0.0000,0.0000,0.0000,0.0000,7262.0000,0.0000,0.0000,0.0000,0.0000,30,0,0,0,0,286,0,0,0,0
zc,TA209,2012-06-19 09:05:10.527,7260.0000,454242,4,0.0000,4.0000,4,0,双开,B,7260.0000,0.0000,0.0000,0.0000,0.0000,7262.0000,0.0000,0.0000,0.0000,0.0000,30,0,0,0,0,342,0,0,0,0
zc,TA209,2012-06-19 09:05:11.043,7260.0000,454240,-2,0.0000,68.0000,33,35,空平,B,7258.0000,0.0000,0.0000,0.0000,0.0000,7260.0000,0.0000,0.0000,0.0000,0.0000,377,0,0,0,0,103,0,0,0,0
zc,TA209,2012-06-19 09:05:11.527,7260.0000,454234,-6,0.0000,10.0000,2,8,空平,B,7258.0000,0.0000,0.0000,0.0000,0.0000,7260.0000,0.0000,0.0000,0.0000,0.0000,376,0,0,0,0,149,0,0,0,0
zc,TA209,2012-06-19 09:05:12.230,7260.0000,453948,-286,0.0000,324.0000,19,305,空平,B,7260.0000,0.0000,0.0000,0.0000,0.0000,7262.0000,0.0000,0.0000,0.0000,0.0000,98,0,0,0,0,352,0,0,0,0
zc,TA209,2012-06-19 09:05:12.747,7260.0000,453864,-84,0.0000,98.0000,7,91,空平,B,7260.0000,0.0000,0.0000,0.0000,0.0000,7262.0000,0.0000,0.0000,0.0000,0.0000,91,0,0,0,0,316,0,0,0,0
zc,TA209,2012-06-19 09:05:13.527,7260.0000,453864,0,0.0000,22.0000,11,11,多换,B,7260.0000,0.0000,0.0000,0.0000,0.0000,7262.0000,0.0000,0.0000,0.0000,0.0000,81,0,0,0,0,312,0,0,0,0
zc,TA209,2012-06-19 09:05:13.980,7260.0000,453854,-10,0.0000,40.0000,15,25,空平,B,7260.0000,0.0000,0.0000,0.0000,0.0000,7262.0000,0.0000,0.0000,0.0000,0.0000,78,0,0,0,0,302,0,0,0,0
zc,TA209,2012-06-19 09:05:14.480,7260.0000,453818,-36,0.0000,50.0000,7,43,空平,B,7260.0000,0.0000,0.0000,0.0000,0.0000,7262.0000,0.0000,0.0000,0.0000,0.0000,63,0,0,0,0,336,0,0,0,0
zc,TA209,2012-06-19 09:05:15.230,7260.0000,453818,0,0.0000,8.0000,4,4,多换,B,7260.0000,0.0000,0.0000,0.0000,0.0000,7262.0000,0.0000,0.0000,0.0000,0.0000,60,0,0,0,0,335,0,0,0,0
zc,TA209,2012-06-19 09:05:15.730,7260.0000,453818,0,0.0000,16.0000,8,8,多换,B,7260.0000,0.0000,0.0000,0.0000,0.0000,7262.0000,0.0000,0.0000,0.0000,0.0000,54,0,0,0,0,336,0,0,0,0
zc,TA209,2012-06-19 09:05:16.247,7260.0000,453816,-2,0.0000,24.0000,11,13,空平,B,7260.0000,0.0000,0.0000,0.0000,0.0000,7262.0000,0.0000,0.0000,0.0000,0.0000,46,0,0,0,0,335,0,0,0,0
zc,TA209,2012-06-19 09:05:16.760,7260.0000,453808,-8,0.0000,20.0000,6,14,空平,B,7260.0000,0.0000,0.0000,0.0000,0.0000,7262.0000,0.0000,0.0000,0.0000,0.0000,42,0,0,0,0,336,0,0,0,0
zc,TA209,2012-06-19 09:05:17.510,7260.0000,453810,2,0.0000,20.0000,11,9,多开,B,7260.0000,0.0000,0.0000,0.0000,0.0000,7262.0000,0.0000,0.0000,0.0000,0.0000,39,0,0,0,0,346,0,0,0,0
zc,TA209,2012-06-19 09:05:18.010,7260.0000,453834,24,0.0000,80.0000,52,28,多开,B,7258.0000,0.0000,0.0000,0.0000,0.0000,7260.0000,0.0000,0.0000,0.0000,0.0000,399,0,0,0,0,86,0,0,0,0
zc,TA209,2012-06-19 09:05:18.730,7260.0000,453834,0,0.0000,0.0000,0,0,多换,B,7258.0000,0.0000,0.0000,0.0000,0.0000,7260.0000,0.0000,0.0000,0.0000,0.0000,399,0,0,0,0,88,0,0,0,0
zc,TA209,2012-06-19 09:05:19.213,7258.0000,453836,2,0.0000,2.0000,2,0,双开,S,7258.0000,0.0000,0.0000,0.0000,0.0000,7260.0000,0.0000,0.0000,0.0000,0.0000,399,0,0,0,0,145,0,0,0,0
zc,TA209,2012-06-19 09:05:19.713,7258.0000,453836,0,0.0000,0.0000,0,0,空换,S,7258.0000,0.0000,0.0000,0.0000,0.0000,7260.0000,0.0000,0.0000,0.0000,0.0000,399,0,0,0,0,211,0,0,0,0
zc,TA209,2012-06-19 09:05:20.510,7260.0000,453858,22,0.0000,34.0000,28,6,多开,B,7258.0000,0.0000,0.0000,0.0000,0.0000,7260.0000,0.0000,0.0000,0.0000,0.0000,393,0,0,0,0,213,0,0,0,0
