市场代码,合约代码,时间,最新,持仓,增仓,成交额,成交量,开仓,平仓,成交类型,方向,买一价,买二价,买三价,买四价,买五价,卖一价,卖二价,卖三价,卖四价,卖五价,买一量,买二量,买三量,买四量,买五量,卖一量,卖二量,卖三量,卖四量,卖五量
zc,WS301,2012-06-19 08:00:10.997,0.0000,424482,0,0.0000,0.0000,0,0,空换,S,0.0000,0.0000,0.0000,0.0000,0.0000,0.0000,0.0000,0.0000,0.0000,0.0000,0,0,0,0,0,0,0,0,0,0
zc,WS301,2012-06-19 08:04:10.997,0.0000,424482,0,0.0000,0.0000,0,0,空换,S,0.0000,0.0000,0.0000,0.0000,0.0000,0.0000,0.0000,0.0000,0.0000,0.0000,0,0,0,0,0,0,0,0,0,0
zc,WS301,2012-06-19 08:05:10.997,0.0000,424482,0,0.0000,0.0000,0,0,空换,S,0.0000,0.0000,0.0000,0.0000,0.0000,0.0000,0.0000,0.0000,0.0000,0.0000,0,0,0,0,0,0,0,0,0,0
zc,WS301,2012-06-19 08:06:10.997,0.0000,424482,0,0.0000,0.0000,0,0,空换,S,0.0000,0.0000,0.0000,0.0000,0.0000,0.0000,0.0000,0.0000,0.0000,0.0000,0,0,0,0,0,0,0,0,0,0
zc,WS301,2012-06-19 08:32:10.980,0.0000,424482,0,0.0000,0.0000,0,0,空换,S,0.0000,0.0000,0.0000,0.0000,0.0000,0.0000,0.0000,0.0000,0.0000,0.0000,0,0,0,0,0,0,0,0,0,0
zc,WS301,2012-06-19 08:33:10.980,0.0000,424482,0,0.0000,0.0000,0,0,空换,S,0.0000,0.0000,0.0000,0.0000,0.0000,0.0000,0.0000,0.0000,0.0000,0.0000,0,0,0,0,0,0,0,0,0,0
zc,WS301,2012-06-19 08:34:10.980,0.0000,424482,0,0.0000,0.0000,0,0,空换,S,0.0000,0.0000,0.0000,0.0000,0.0000,0.0000,0.0000,0.0000,0.0000,0.0000,0,0,0,0,0,0,0,0,0,0
zc,WS301,2012-06-19 08:35:10.980,0.0000,424482,0,0.0000,0.0000,0,0,空换,S,0.0000,0.0000,0.0000,0.0000,0.0000,0.0000,0.0000,0.0000,0.0000,0.0000,0,0,0,0,0,0,0,0,0,0
zc,WS301,2012-06-19 08:37:10.980,0.0000,424482,0,0.0000,0.0000,0,0,空换,S,0.0000,0.0000,0.0000,0.0000,0.0000,0.0000,0.0000,0.0000,0.0000,0.0000,0,0,0,0,0,0,0,0,0,0
zc,WS301,2012-06-19 08:47:10.963,0.0000,424482,0,0.0000,0.0000,0,0,空换,S,0.0000,0.0000,0.0000,0.0000,0.0000,0.0000,0.0000,0.0000,0.0000,0.0000,0,0,0,0,0,0,0,0,0,0
zc,WS301,2012-06-19 08:55:00.730,0.0000,424482,0,0.0000,0.0000,0,0,空换,S,0.0000,0.0000,0.0000,0.0000,0.0000,0.0000,0.0000,0.0000,0.0000,0.0000,0,0,0,0,0,0,0,0,0,0
zc,WS301,2012-06-19 08:55:01.497,0.0000,424482,0,0.0000,0.0000,0,0,空换,S,0.0000,0.0000,0.0000,0.0000,0.0000,0.0000,0.0000,0.0000,0.0000,0.0000,0,0,0,0,0,0,0,0,0,0
zc,WS301,2012-06-19 08:55:11.447,0.0000,424482,0,0.0000,0.0000,0,0,空换,S,0.0000,0.0000,0.0000,0.0000,0.0000,0.0000,0.0000,0.0000,0.0000,0.0000,0,0,0,0,0,0,0,0,0,0
zc,WS301,2012-06-19 08:55:58.183,0.0000,424482,0,0.0000,0.0000,0,0,空换,S,0.0000,0.0000,0.0000,0.0000,0.0000,0.0000,0.0000,0.0000,0.0000,0.0000,0,0,0,0,0,0,0,0,0,0
zc,WS301,2012-06-19 08:56:05.683,0.0000,424482,0,0.0000,0.0000,0,0,空换,S,0.0000,0.0000,0.0000,0.0000,0.0000,0.0000,0.0000,0.0000,0.0000,0.0000,0,0,0,0,0,0,0,0,0,0
zc,WS301,2012-06-19 08:56:31.183,0.0000,424482,0,0.0000,0.0000,0,0,空换,S,0.0000,0.0000,0.0000,0.0000,0.0000,0.0000,0.0000,0.0000,0.0000,0.0000,0,0,0,0,0,0,0,0,0,0
zc,WS301,2012-06-19 08:57:24.933,0.0000,424482,0,0.0000,0.0000,0,0,空换,S,0.0000,0.0000,0.0000,0.0000,0.0000,0.0000,0.0000,0.0000,0.0000,0.0000,0,0,0,0,0,0,0,0,0,0
zc,WS301,2012-06-19 08:58:08.447,0.0000,424482,0,0.0000,0.0000,0,0,空换,S,0.0000,0.0000,0.0000,0.0000,0.0000,0.0000,0.0000,0.0000,0.0000,0.0000,0,0,0,0,0,0,0,0,0,0
zc,WS301,2012-06-19 08:58:13.183,0.0000,424482,0,0.0000,0.0000,0,0,空换,S,0.0000,0.0000,0.0000,0.0000,0.0000,0.0000,0.0000,0.0000,0.0000,0.0000,0,0,0,0,0,0,0,0,0,0
zc,WS301,2012-06-19 08:58:15.447,0.0000,424482,0,0.0000,0.0000,0,0,空换,S,0.0000,0.0000,0.0000,0.0000,0.0000,0.0000,0.0000,0.0000,0.0000,0.0000,0,0,0,0,0,0,0,0,0,0
zc,WS301,2012-06-19 08:58:20.697,0.0000,424482,0,0.0000,0.0000,0,0,空换,S,0.0000,0.0000,0.0000,0.0000,0.0000,0.0000,0.0000,0.0000,0.0000,0.0000,0,0,0,0,0,0,0,0,0,0
zc,WS301,2012-06-19 08:58:57.683,0.0000,424482,0,0.0000,0.0000,0,0,空换,S,0.0000,0.0000,0.0000,0.0000,0.0000,0.0000,0.0000,0.0000,0.0000,0.0000,0,0,0,0,0,0,0,0,0,0
zc,WS301,2012-06-19 09:00:00.010,2523.0000,425730,1248,0.0000,1752.0000,1500,252,多开,B,2522.0000,0.0000,0.0000,0.0000,0.0000,2523.0000,0.0000,0.0000,0.0000,0.0000,261,0,0,0,0,17,0,0,0,0
zc,WS301,2012-06-19 09:00:00.637,2523.0000,425734,4,0.0000,86.0000,45,41,多开,B,2523.0000,0.0000,0.0000,0.0000,0.0000,2524.0000,0.0000,0.0000,0.0000,0.0000,64,0,0,0,0,133,0,0,0,0
zc,WS301,2012-06-19 09:00:02.167,2524.0000,425814,80,0.0000,1118.0000,599,519,多开,B,2524.0000,0.0000,0.0000,0.0000,0.0000,2525.0000,0.0000,0.0000,0.0000,0.0000,3,0,0,0,0,1,0,0,0,0
zc,WS301,2012-06-19 09:00:03.120,2524.0000,425822,8,0.0000,116.0000,62,54,多开,B,2524.0000,0.0000,0.0000,0.0000,0.0000,2526.0000,0.0000,0.0000,0.0000,0.0000,30,0,0,0,0,4,0,0,0,0
zc,WS301,2012-06-19 09:00:03.870,2524.0000,425840,18,0.0000,110.0000,64,46,多开,B,2524.0000,0.0000,0.0000,0.0000,0.0000,2526.0000,0.0000,0.0000,0.0000,0.0000,43,0,0,0,0,11,0,0,0,0
zc,WS301,2012-06-19 09:00:04.433,2526.0000,425838,-2,0.0000,12.0000,5,7,空平,B,2525.0000,0.0000,0.0000,0.0000,0.0000,2526.0000,0.0000,0.0000,0.0000,0.0000,1,0,0,0,0,8,0,0,0,0
zc,WS301,2012-06-19 09:00:04.823,2526.0000,425826,-12,0.0000,72.0000,30,42,空平,B,2526.0000,0.0000,0.0000,0.0000,0.0000,2527.0000,0.0000,0.0000,0.0000,0.0000,183,0,0,0,0,116,0,0,0,0
zc,WS301,2012-06-19 09:00:05.620,2526.0000,425826,0,0.0000,126.0000,63,63,多换,B,2526.0000,0.0000,0.0000,0.0000,0.0000,2527.0000,0.0000,0.0000,0.0000,0.0000,138,0,0,0,0,115,0,0,0,0
zc,WS301,2012-06-19 09:00:06.120,2527.0000,425820,-6,0.0000,20.0000,7,13,空平,B,2526.0000,0.0000,0.0000,0.0000,0.0000,2527.0000,0.0000,0.0000,0.0000,0.0000,145,0,0,0,0,105,0,0,0,0
zc,WS301,2012-06-19 09:00:06.887,2527.0000,425816,-4,0.0000,22.0000,9,13,空平,B,2526.0000,0.0000,0.0000,0.0000,0.0000,2527.0000,0.0000,0.0000,0.0000,0.0000,143,0,0,0,0,97,0,0,0,0
zc,WS301,2012-06-19 09:00:07.417,2526.0000,425828,12,0.0000,14.0000,13,1,空开,S,2526.0000,0.0000,0.0000,0.0000,0.0000,2527.0000,0.0000,0.0000,0.0000,0.0000,137,0,0,0,0,101,0,0,0,0
zc,WS301,2012-06-19 09:00:08.087,2526.0000,425824,-4,0.0000,230.0000,113,117,多平,S,2526.0000,0.0000,0.0000,0.0000,0.0000,2527.0000,0.0000,0.0000,0.0000,0.0000,34,0,0,0,0,88,0,0,0,0
zc,WS301,2012-06-19 09:00:08.307,2526.0000,425824,0,0.0000,64.0000,32,32,空换,S,2526.0000,0.0000,0.0000,0.0000,0.0000,2527.0000,0.0000,0.0000,0.0000,0.0000,34,0,0,0,0,57,0,0,0,0
zc,WS301,2012-06-19 09:00:09.073,2527.0000,425828,4,0.0000,34.0000,19,15,多开,B,2526.0000,0.0000,0.0000,0.0000,0.0000,2527.0000,0.0000,0.0000,0.0000,0.0000,28,0,0,0,0,70,0,0,0,0
zc,WS301,2012-06-19 09:00:09.603,2526.0000,425832,4,0.0000,72.0000,38,34,空开,S,2526.0000,0.0000,0.0000,0.0000,0.0000,2527.0000,0.0000,0.0000,0.0000,0.0000,9,0,0,0,0,111,0,0,0,0
zc,WS301,2012-06-19 09:00:10.587,2526.0000,425854,22,0.0000,48.0000,35,13,空开,S,2525.0000,0.0000,0.0000,0.0000,0.0000,2526.0000,0.0000,0.0000,0.0000,0.0000,12,0,0,0,0,16,0,0,0,0
zc,WS301,2012-06-19 09:00:12.103,2525.0000,425888,34,0.0000,38.0000,36,2,空开,S,2524.0000,0.0000,0.0000,0.0000,0.0000,2525.0000,0.0000,0.0000,0.0000,0.0000,61,0,0,0,0,258,0,0,0,0
zc,WS301,2012-06-19 09:00:12.637,2525.0000,425896,8,0.0000,22.0000,15,7,空开,S,2524.0000,0.0000,0.0000,0.0000,0.0000,2525.0000,0.0000,0.0000,0.0000,0.0000,58,0,0,0,0,259,0,0,0,0
zc,WS301,2012-06-19 09:00:13.417,2524.0000,425878,-18,0.0000,106.0000,44,62,多平,S,2524.0000,0.0000,0.0000,0.0000,0.0000,2525.0000,0.0000,0.0000,0.0000,0.0000,20,0,0,0,0,247,0,0,0,0
zc,WS301,2012-06-19 09:00:13.587,2524.0000,425880,2,0.0000,46.0000,24,22,空开,S,2523.0000,0.0000,0.0000,0.0000,0.0000,2524.0000,0.0000,0.0000,0.0000,0.0000,267,0,0,0,0,78,0,0,0,0
zc,WS301,2012-06-19 09:00:14.370,2524.0000,425880,0,0.0000,22.0000,11,11,空换,S,2523.0000,0.0000,0.0000,0.0000,0.0000,2524.0000,0.0000,0.0000,0.0000,0.0000,269,0,0,0,0,77,0,0,0,0
zc,WS301,2012-06-19 09:00:14.853,2523.0000,425864,-16,0.0000,62.0000,23,39,多平,S,2523.0000,0.0000,0.0000,0.0000,0.0000,2524.0000,0.0000,0.0000,0.0000,0.0000,249,0,0,0,0,76,0,0,0,0
zc,WS301,2012-06-19 09:00:15.650,2523.0000,425864,0,0.0000,62.0000,31,31,空换,S,2523.0000,0.0000,0.0000,0.0000,0.0000,2524.0000,0.0000,0.0000,0.0000,0.0000,233,0,0,0,0,76,0,0,0,0
zc,WS301,2012-06-19 09:00:16.137,2524.0000,425844,-20,0.0000,22.0000,1,21,空平,B,2523.0000,0.0000,0.0000,0.0000,0.0000,2524.0000,0.0000,0.0000,0.0000,0.0000,234,0,0,0,0,74,0,0,0,0
zc,WS301,2012-06-19 09:00:17.103,2524.0000,425844,0,0.0000,30.0000,15,15,多换,B,2523.0000,0.0000,0.0000,0.0000,0.0000,2524.0000,0.0000,0.0000,0.0000,0.0000,233,0,0,0,0,65,0,0,0,0
zc,WS301,2012-06-19 09:00:17.603,2523.0000,425842,-2,0.0000,8.0000,3,5,多平,S,2523.0000,0.0000,0.0000,0.0000,0.0000,2524.0000,0.0000,0.0000,0.0000,0.0000,229,0,0,0,0,65,0,0,0,0
zc,WS301,2012-06-19 09:00:18.353,2523.0000,425842,0,0.0000,48.0000,24,24,空换,S,2523.0000,0.0000,0.0000,0.0000,0.0000,2524.0000,0.0000,0.0000,0.0000,0.0000,225,0,0,0,0,61,0,0,0,0
zc,WS301,2012-06-19 09:00:19.137,2523.0000,425866,24,0.0000,102.0000,63,39,空开,S,2523.0000,0.0000,0.0000,0.0000,0.0000,2524.0000,0.0000,0.0000,0.0000,0.0000,176,0,0,0,0,60,0,0,0,0
zc,WS301,2012-06-19 09:00:20.103,2523.0000,425868,2,0.0000,10.0000,6,4,空开,S,2523.0000,0.0000,0.0000,0.0000,0.0000,2524.0000,0.0000,0.0000,0.0000,0.0000,173,0,0,0,0,60,0,0,0,0
zc,WS301,2012-06-19 09:00:20.557,2523.0000,425968,100,0.0000,160.0000,130,30,空开,S,2523.0000,0.0000,0.0000,0.0000,0.0000,2524.0000,0.0000,0.0000,0.0000,0.0000,98,0,0,0,0,76,0,0,0,0
zc,WS301,2012-06-19 09:00:21.387,2523.0000,426042,74,0.0000,130.0000,102,28,空开,S,2523.0000,0.0000,0.0000,0.0000,0.0000,2524.0000,0.0000,0.0000,0.0000,0.0000,141,0,0,0,0,70,0,0,0,0
zc,WS301,2012-06-19 09:00:22.103,2524.0000,426150,108,0.0000,170.0000,139,31,多开,B,2523.0000,0.0000,0.0000,0.0000,0.0000,2524.0000,0.0000,0.0000,0.0000,0.0000,138,0,0,0,0,36,0,0,0,0
zc,WS301,2012-06-19 09:00:22.573,2524.0000,426192,42,0.0000,42.0000,42,0,双开,B,2523.0000,0.0000,0.0000,0.0000,0.0000,2524.0000,0.0000,0.0000,0.0000,0.0000,138,0,0,0,0,81,0,0,0,0
zc,WS301,2012-06-19 09:00:23.337,2523.0000,426202,10,0.0000,20.0000,15,5,空开,S,2523.0000,0.0000,0.0000,0.0000,0.0000,2524.0000,0.0000,0.0000,0.0000,0.0000,133,0,0,0,0,75,0,0,0,0
zc,WS301,2012-06-19 09:00:24.087,2524.0000,426210,8,0.0000,28.0000,18,10,多开,B,2523.0000,0.0000,0.0000,0.0000,0.0000,2524.0000,0.0000,0.0000,0.0000,0.0000,123,0,0,0,0,103,0,0,0,0
zc,WS301,2012-06-19 09:00:24.603,2524.0000,426210,0,0.0000,28.0000,14,14,多换,B,2523.0000,0.0000,0.0000,0.0000,0.0000,2524.0000,0.0000,0.0000,0.0000,0.0000,119,0,0,0,0,94,0,0,0,0
zc,WS301,2012-06-19 09:00:25.433,2524.0000,426248,38,0.0000,38.0000,38,0,双开,B,2523.0000,0.0000,0.0000,0.0000,0.0000,2524.0000,0.0000,0.0000,0.0000,0.0000,120,0,0,0,0,163,0,0,0,0
zc,WS301,2012-06-19 09:00:25.853,2523.0000,426260,12,0.0000,14.0000,13,1,空开,S,2523.0000,0.0000,0.0000,0.0000,0.0000,2524.0000,0.0000,0.0000,0.0000,0.0000,128,0,0,0,0,162,0,0,0,0
zc,WS301,2012-06-19 09:00:26.587,2523.0000,426284,24,0.0000,26.0000,25,1,空开,S,2523.0000,0.0000,0.0000,0.0000,0.0000,2524.0000,0.0000,0.0000,0.0000,0.0000,185,0,0,0,0,167,0,0,0,0
zc,WS301,2012-06-19 09:00:27.073,2523.0000,426310,26,0.0000,86.0000,56,30,空开,S,2523.0000,0.0000,0.0000,0.0000,0.0000,2524.0000,0.0000,0.0000,0.0000,0.0000,153,0,0,0,0,196,0,0,0,0
zc,WS301,2012-06-19 09:00:27.807,2523.0000,426300,-10,0.0000,30.0000,10,20,多平,S,2523.0000,0.0000,0.0000,0.0000,0.0000,2524.0000,0.0000,0.0000,0.0000,0.0000,145,0,0,0,0,193,0,0,0,0
zc,WS301,2012-06-19 09:00:28.323,2524.0000,426260,-40,0.0000,42.0000,1,41,空平,B,2523.0000,0.0000,0.0000,0.0000,0.0000,2524.0000,0.0000,0.0000,0.0000,0.0000,125,0,0,0,0,192,0,0,0,0
zc,WS301,2012-06-19 09:00:28.823,2524.0000,426278,18,0.0000,22.0000,20,2,多开,B,2523.0000,0.0000,0.0000,0.0000,0.0000,2524.0000,0.0000,0.0000,0.0000,0.0000,124,0,0,0,0,188,0,0,0,0
zc,WS301,2012-06-19 09:00:29.337,2523.0000,426274,-4,0.0000,4.0000,0,4,双平,S,2523.0000,0.0000,0.0000,0.0000,0.0000,2524.0000,0.0000,0.0000,0.0000,0.0000,157,0,0,0,0,196,0,0,0,0
zc,WS301,2012-06-19 09:00:30.103,2523.0000,426242,-32,0.0000,32.0000,0,32,双平,S,2523.0000,0.0000,0.0000,0.0000,0.0000,2524.0000,0.0000,0.0000,0.0000,0.0000,143,0,0,0,0,196,0,0,0,0
zc,WS301,2012-06-19 09:00:30.853,2524.0000,426018,-224,0.0000,366.0000,71,295,空平,B,2523.0000,0.0000,0.0000,0.0000,0.0000,2524.0000,0.0000,0.0000,0.0000,0.0000,142,0,0,0,0,15,0,0,0,0
zc,WS301,2012-06-19 09:00:31.620,2524.0000,426000,-18,0.0000,34.0000,8,26,空平,B,2524.0000,0.0000,0.0000,0.0000,0.0000,2525.0000,0.0000,0.0000,0.0000,0.0000,17,0,0,0,0,144,0,0,0,0
zc,WS301,2012-06-19 09:00:32.120,2525.0000,425992,-8,0.0000,90.0000,41,49,空平,B,2524.0000,0.0000,0.0000,0.0000,0.0000,2525.0000,0.0000,0.0000,0.0000,0.0000,14,0,0,0,0,36,0,0,0,0
zc,WS301,2012-06-19 09:00:32.620,2524.0000,425976,-16,0.0000,20.0000,2,18,多平,S,2524.0000,0.0000,0.0000,0.0000,0.0000,2525.0000,0.0000,0.0000,0.0000,0.0000,4,0,0,0,0,36,0,0,0,0
zc,WS301,2012-06-19 09:00:33.087,2523.0000,425970,-6,0.0000,10.0000,2,8,多平,S,2523.0000,0.0000,0.0000,0.0000,0.0000,2524.0000,0.0000,0.0000,0.0000,0.0000,154,0,0,0,0,9,0,0,0,0
zc,WS301,2012-06-19 09:00:33.807,2524.0000,425976,6,0.0000,24.0000,15,9,多开,B,2523.0000,0.0000,0.0000,0.0000,0.0000,2524.0000,0.0000,0.0000,0.0000,0.0000,166,0,0,0,0,78,0,0,0,0
zc,WS301,2012-06-19 09:00:34.603,2524.0000,426010,34,0.0000,132.0000,83,49,多开,B,2523.0000,0.0000,0.0000,0.0000,0.0000,2524.0000,0.0000,0.0000,0.0000,0.0000,161,0,0,0,0,17,0,0,0,0
zc,WS301,2012-06-19 09:00:35.103,2524.0000,426006,-4,0.0000,50.0000,23,27,空平,B,2523.0000,0.0000,0.0000,0.0000,0.0000,2524.0000,0.0000,0.0000,0.0000,0.0000,161,0,0,0,0,12,0,0,0,0
zc,WS301,2012-06-19 09:00:35.793,2524.0000,426006,0,0.0000,2.0000,1,1,多换,B,2523.0000,0.0000,0.0000,0.0000,0.0000,2524.0000,0.0000,0.0000,0.0000,0.0000,161,0,0,0,0,11,0,0,0,0
zc,WS301,2012-06-19 09:00:36.307,2524.0000,426002,-4,0.0000,68.0000,32,36,空平,B,2523.0000,0.0000,0.0000,0.0000,0.0000,2524.0000,0.0000,0.0000,0.0000,0.0000,166,0,0,0,0,278,0,0,0,0
zc,WS301,2012-06-19 09:00:37.137,2524.0000,425988,-14,0.0000,16.0000,1,15,空平,B,2523.0000,0.0000,0.0000,0.0000,0.0000,2524.0000,0.0000,0.0000,0.0000,0.0000,156,0,0,0,0,278,0,0,0,0
zc,WS301,2012-06-19 09:00:37.650,2524.0000,426108,120,0.0000,310.0000,215,95,多开,B,2523.0000,0.0000,0.0000,0.0000,0.0000,2524.0000,0.0000,0.0000,0.0000,0.0000,16,0,0,0,0,274,0,0,0,0
zc,WS301,2012-06-19 09:00:38.337,2523.0000,426108,0,0.0000,36.0000,18,18,空换,S,2523.0000,0.0000,0.0000,0.0000,0.0000,2524.0000,0.0000,0.0000,0.0000,0.0000,12,0,0,0,0,271,0,0,0,0
zc,WS301,2012-06-19 09:00:38.823,2523.0000,426096,-12,0.0000,24.0000,6,18,多平,S,2522.0000,0.0000,0.0000,0.0000,0.0000,2523.0000,0.0000,0.0000,0.0000,0.0000,79,0,0,0,0,1,0,0,0,0
zc,WS301,2012-06-19 09:00:39.620,2523.0000,426096,0,0.0000,0.0000,0,0,空换,S,2522.0000,0.0000,0.0000,0.0000,0.0000,2523.0000,0.0000,0.0000,0.0000,0.0000,79,0,0,0,0,273,0,0,0,0
zc,WS301,2012-06-19 09:00:40.137,2523.0000,426100,4,0.0000,6.0000,5,1,空开,S,2522.0000,0.0000,0.0000,0.0000,0.0000,2523.0000,0.0000,0.0000,0.0000,0.0000,83,0,0,0,0,286,0,0,0,0
zc,WS301,2012-06-19 09:00:40.823,2522.0000,426232,132,0.0000,148.0000,140,8,空开,S,2522.0000,0.0000,0.0000,0.0000,0.0000,2523.0000,0.0000,0.0000,0.0000,0.0000,62,0,0,0,0,340,0,0,0,0
zc,WS301,2012-06-19 09:00:41.293,2523.0000,426234,2,0.0000,2.0000,2,0,双开,B,2522.0000,0.0000,0.0000,0.0000,0.0000,2523.0000,0.0000,0.0000,0.0000,0.0000,63,0,0,0,0,341,0,0,0,0
zc,WS301,2012-06-19 09:00:42.073,2522.0000,426260,26,0.0000,78.0000,52,26,空开,S,2522.0000,0.0000,0.0000,0.0000,0.0000,2523.0000,0.0000,0.0000,0.0000,0.0000,37,0,0,0,0,328,0,0,0,0
zc,WS301,2012-06-19 09:00:42.603,2523.0000,426266,6,0.0000,90.0000,48,42,多开,B,2522.0000,0.0000,0.0000,0.0000,0.0000,2523.0000,0.0000,0.0000,0.0000,0.0000,13,0,0,0,0,314,0,0,0,0
zc,WS301,2012-06-19 09:00:43.323,2522.0000,426268,2,0.0000,2.0000,2,0,双开,S,2522.0000,0.0000,0.0000,0.0000,0.0000,2523.0000,0.0000,0.0000,0.0000,0.0000,12,0,0,0,0,314,0,0,0,0
zc,WS301,2012-06-19 09:00:43.823,2522.0000,426278,10,0.0000,30.0000,20,10,空开,S,2521.0000,0.0000,0.0000,0.0000,0.0000,2522.0000,0.0000,0.0000,0.0000,0.0000,210,0,0,0,0,1,0,0,0,0
zc,WS301,2012-06-19 09:00:44.620,2522.0000,426278,0,0.0000,6.0000,3,3,空换,S,2522.0000,0.0000,0.0000,0.0000,0.0000,2523.0000,0.0000,0.0000,0.0000,0.0000,5,0,0,0,0,330,0,0,0,0
zc,WS301,2012-06-19 09:00:45.120,2522.0000,426278,0,0.0000,0.0000,0,0,空换,S,2522.0000,0.0000,0.0000,0.0000,0.0000,2523.0000,0.0000,0.0000,0.0000,0.0000,7,0,0,0,0,339,0,0,0,0
zc,WS301,2012-06-19 09:00:45.603,2522.0000,426276,-2,0.0000,2.0000,0,2,双平,S,2522.0000,0.0000,0.0000,0.0000,0.0000,2523.0000,0.0000,0.0000,0.0000,0.0000,7,0,0,0,0,339,0,0,0,0
zc,WS301,2012-06-19 09:00:46.370,2522.0000,426276,0,0.0000,2.0000,1,1,空换,S,2522.0000,0.0000,0.0000,0.0000,0.0000,2523.0000,0.0000,0.0000,0.0000,0.0000,16,0,0,0,0,339,0,0,0,0
zc,WS301,2012-06-19 09:00:47.087,2522.0000,426266,-10,0.0000,20.0000,5,15,多平,S,2522.0000,0.0000,0.0000,0.0000,0.0000,2523.0000,0.0000,0.0000,0.0000,0.0000,12,0,0,0,0,340,0,0,0,0
zc,WS301,2012-06-19 09:00:47.587,2522.0000,426270,4,0.0000,8.0000,6,2,空开,S,2522.0000,0.0000,0.0000,0.0000,0.0000,2523.0000,0.0000,0.0000,0.0000,0.0000,9,0,0,0,0,340,0,0,0,0
zc,WS301,2012-06-19 09:00:48.337,2522.0000,426232,-38,0.0000,82.0000,22,60,多平,S,2522.0000,0.0000,0.0000,0.0000,0.0000,2523.0000,0.0000,0.0000,0.0000,0.0000,19,0,0,0,0,332,0,0,0,0
zc,WS301,2012-06-19 09:00:48.853,2522.0000,426226,-6,0.0000,90.0000,42,48,多平,S,2522.0000,0.0000,0.0000,0.0000,0.0000,2523.0000,0.0000,0.0000,0.0000,0.0000,154,0,0,0,0,310,0,0,0,0
zc,WS301,2012-06-19 09:00:49.573,2523.0000,426230,4,0.0000,80.0000,42,38,多开,B,2522.0000,0.0000,0.0000,0.0000,0.0000,2523.0000,0.0000,0.0000,0.0000,0.0000,174,0,0,0,0,271,0,0,0,0
zc,WS301,2012-06-19 09:00:50.337,2523.0000,426246,16,0.0000,64.0000,40,24,多开,B,2522.0000,0.0000,0.0000,0.0000,0.0000,2523.0000,0.0000,0.0000,0.0000,0.0000,158,0,0,0,0,272,0,0,0,0
zc,WS301,2012-06-19 09:00:50.807,2522.0000,426242,-4,0.0000,4.0000,0,4,双平,S,2522.0000,0.0000,0.0000,0.0000,0.0000,2523.0000,0.0000,0.0000,0.0000,0.0000,156,0,0,0,0,282,0,0,0,0
zc,WS301,2012-06-19 09:00:51.527,2523.0000,426242,0,0.0000,10.0000,5,5,多换,B,2522.0000,0.0000,0.0000,0.0000,0.0000,2523.0000,0.0000,0.0000,0.0000,0.0000,157,0,0,0,0,283,0,0,0,0
zc,WS301,2012-06-19 09:00:52.057,2522.0000,426258,16,0.0000,22.0000,19,3,空开,S,2522.0000,0.0000,0.0000,0.0000,0.0000,2523.0000,0.0000,0.0000,0.0000,0.0000,156,0,0,0,0,281,0,0,0,0
zc,WS301,2012-06-19 09:00:52.837,2523.0000,426230,-28,0.0000,100.0000,36,64,空平,B,2522.0000,0.0000,0.0000,0.0000,0.0000,2523.0000,0.0000,0.0000,0.0000,0.0000,143,0,0,0,0,256,0,0,0,0
zc,WS301,2012-06-19 09:00:53.293,2523.0000,426230,0,0.0000,0.0000,0,0,多换,B,2522.0000,0.0000,0.0000,0.0000,0.0000,2523.0000,0.0000,0.0000,0.0000,0.0000,144,0,0,0,0,257,0,0,0,0
zc,WS301,2012-06-19 09:00:54.073,2523.0000,426232,2,0.0000,2.0000,2,0,双开,B,2522.0000,0.0000,0.0000,0.0000,0.0000,2523.0000,0.0000,0.0000,0.0000,0.0000,144,0,0,0,0,255,0,0,0,0
zc,WS301,2012-06-19 09:00:54.543,2523.0000,426228,-4,0.0000,6.0000,1,5,空平,B,2522.0000,0.0000,0.0000,0.0000,0.0000,2523.0000,0.0000,0.0000,0.0000,0.0000,142,0,0,0,0,254,0,0,0,0
zc,WS301,2012-06-19 09:00:55.293,2523.0000,426228,0,0.0000,0.0000,0,0,多换,B,2522.0000,0.0000,0.0000,0.0000,0.0000,2523.0000,0.0000,0.0000,0.0000,0.0000,144,0,0,0,0,253,0,0,0,0
zc,WS301,2012-06-19 09:00:55.837,2523.0000,426228,0,0.0000,42.0000,21,21,多换,B,2522.0000,0.0000,0.0000,0.0000,0.0000,2523.0000,0.0000,0.0000,0.0000,0.0000,165,0,0,0,0,233,0,0,0,0
zc,WS301,2012-06-19 09:00:56.557,2523.0000,426232,4,0.0000,10.0000,7,3,多开,B,2522.0000,0.0000,0.0000,0.0000,0.0000,2523.0000,0.0000,0.0000,0.0000,0.0000,165,0,0,0,0,229,0,0,0,0
zc,WS301,2012-06-19 09:00:57.027,2522.0000,426250,18,0.0000,34.0000,26,8,空开,S,2522.0000,0.0000,0.0000,0.0000,0.0000,2523.0000,0.0000,0.0000,0.0000,0.0000,209,0,0,0,0,219,0,0,0,0
zc,WS301,2012-06-19 09:00:57.793,2522.0000,426250,0,0.0000,0.0000,0,0,空换,S,2522.0000,0.0000,0.0000,0.0000,0.0000,2523.0000,0.0000,0.0000,0.0000,0.0000,209,0,0,0,0,169,0,0,0,0
zc,WS301,2012-06-19 09:00:58.323,2523.0000,426164,-86,0.0000,234.0000,74,160,空平,B,2522.0000,0.0000,0.0000,0.0000,0.0000,2523.0000,0.0000,0.0000,0.0000,0.0000,134,0,0,0,0,129,0,0,0,0
zc,WS301,2012-06-19 09:00:59.043,2523.0000,426146,-18,0.0000,240.0000,111,129,空平,B,2522.0000,0.0000,0.0000,0.0000,0.0000,2523.0000,0.0000,0.0000,0.0000,0.0000,132,0,0,0,0,61,0,0,0,0
zc,WS301,2012-06-19 09:00:59.573,2522.0000,426158,12,0.0000,52.0000,32,20,空开,S,2522.0000,0.0000,0.0000,0.0000,0.0000,2523.0000,0.0000,0.0000,0.0000,0.0000,131,0,0,0,0,77,0,0,0,0
zc,WS301,2012-06-19 09:01:00.353,2523.0000,426144,-14,0.0000,36.0000,11,25,空平,B,2522.0000,0.0000,0.0000,0.0000,0.0000,2523.0000,0.0000,0.0000,0.0000,0.0000,127,0,0,0,0,63,0,0,0,0
zc,WS301,2012-06-19 09:01:00.870,2522.0000,426088,-56,0.0000,140.0000,42,98,多平,S,2522.0000,0.0000,0.0000,0.0000,0.0000,2523.0000,0.0000,0.0000,0.0000,0.0000,82,0,0,0,0,49,0,0,0,0
zc,WS301,2012-06-19 09:01:01.603,2522.0000,426088,0,0.0000,0.0000,0,0,空换,S,2522.0000,0.0000,0.0000,0.0000,0.0000,2523.0000,0.0000,0.0000,0.0000,0.0000,82,0,0,0,0,50,0,0,0,0
zc,WS301,2012-06-19 09:01:02.387,2523.0000,426088,0,0.0000,22.0000,11,11,多换,B,2522.0000,0.0000,0.0000,0.0000,0.0000,2523.0000,0.0000,0.0000,0.0000,0.0000,83,0,0,0,0,42,0,0,0,0
zc,WS301,2012-06-19 09:01:03.137,2523.0000,426056,-32,0.0000,86.0000,27,59,空平,B,2523.0000,0.0000,0.0000,0.0000,0.0000,2524.0000,0.0000,0.0000,0.0000,0.0000,17,0,0,0,0,411,0,0,0,0
zc,WS301,2012-06-19 09:01:03.510,2523.0000,426078,22,0.0000,22.0000,22,0,双开,B,2523.0000,0.0000,0.0000,0.0000,0.0000,2524.0000,0.0000,0.0000,0.0000,0.0000,7,0,0,0,0,412,0,0,0,0
zc,WS301,2012-06-19 09:01:04.043,2523.0000,426078,0,0.0000,2.0000,1,1,多换,B,2523.0000,0.0000,0.0000,0.0000,0.0000,2524.0000,0.0000,0.0000,0.0000,0.0000,7,0,0,0,0,412,0,0,0,0
zc,WS301,2012-06-19 09:01:04.557,2523.0000,426082,4,0.0000,6.0000,5,1,多开,B,2523.0000,0.0000,0.0000,0.0000,0.0000,2524.0000,0.0000,0.0000,0.0000,0.0000,7,0,0,0,0,412,0,0,0,0
zc,WS301,2012-06-19 09:01:05.337,2523.0000,426082,0,0.0000,14.0000,7,7,多换,B,2522.0000,0.0000,0.0000,0.0000,0.0000,2523.0000,0.0000,0.0000,0.0000,0.0000,102,0,0,0,0,3,0,0,0,0
zc,WS301,2012-06-19 09:01:06.057,2523.0000,426028,-54,0.0000,56.0000,1,55,空平,B,2522.0000,0.0000,0.0000,0.0000,0.0000,2523.0000,0.0000,0.0000,0.0000,0.0000,122,0,0,0,0,160,0,0,0,0
zc,WS301,2012-06-19 09:01:06.573,2523.0000,426030,2,0.0000,12.0000,7,5,多开,B,2522.0000,0.0000,0.0000,0.0000,0.0000,2523.0000,0.0000,0.0000,0.0000,0.0000,122,0,0,0,0,186,0,0,0,0
zc,WS301,2012-06-19 09:01:07.307,2523.0000,426062,32,0.0000,32.0000,32,0,双开,B,2522.0000,0.0000,0.0000,0.0000,0.0000,2523.0000,0.0000,0.0000,0.0000,0.0000,128,0,0,0,0,202,0,0,0,0
zc,WS301,2012-06-19 09:01:07.870,2523.0000,426062,0,0.0000,0.0000,0,0,多换,B,2522.0000,0.0000,0.0000,0.0000,0.0000,2523.0000,0.0000,0.0000,0.0000,0.0000,127,0,0,0,0,202,0,0,0,0
zc,WS301,2012-06-19 09:01:08.587,2523.0000,426066,4,0.0000,6.0000,5,1,多开,B,2522.0000,0.0000,0.0000,0.0000,0.0000,2523.0000,0.0000,0.0000,0.0000,0.0000,127,0,0,0,0,220,0,0,0,0
zc,WS301,2012-06-19 09:01:09.087,2523.0000,426066,0,0.0000,2.0000,1,1,多换,B,2522.0000,0.0000,0.0000,0.0000,0.0000,2523.0000,0.0000,0.0000,0.0000,0.0000,127,0,0,0,0,221,0,0,0,0
zc,WS301,2012-06-19 09:01:09.793,2523.0000,426066,0,0.0000,0.0000,0,0,多换,B,2522.0000,0.0000,0.0000,0.0000,0.0000,2523.0000,0.0000,0.0000,0.0000,0.0000,130,0,0,0,0,222,0,0,0,0
zc,WS301,2012-06-19 09:01:10.293,2522.0000,426068,2,0.0000,16.0000,9,7,空开,S,2522.0000,0.0000,0.0000,0.0000,0.0000,2523.0000,0.0000,0.0000,0.0000,0.0000,125,0,0,0,0,235,0,0,0,0
zc,WS301,2012-06-19 09:01:11.307,2522.0000,426114,46,0.0000,46.0000,46,0,双开,S,2522.0000,0.0000,0.0000,0.0000,0.0000,2523.0000,0.0000,0.0000,0.0000,0.0000,125,0,0,0,0,223,0,0,0,0
zc,WS301,2012-06-19 09:01:12.293,2523.0000,426134,20,0.0000,26.0000,23,3,多开,B,2522.0000,0.0000,0.0000,0.0000,0.0000,2523.0000,0.0000,0.0000,0.0000,0.0000,128,0,0,0,0,226,0,0,0,0
zc,WS301,2012-06-19 09:01:12.853,2522.0000,426136,2,0.0000,46.0000,24,22,空开,S,2522.0000,0.0000,0.0000,0.0000,0.0000,2523.0000,0.0000,0.0000,0.0000,0.0000,107,0,0,0,0,226,0,0,0,0
zc,WS301,2012-06-19 09:01:13.557,2523.0000,426158,22,0.0000,26.0000,24,2,多开,B,2522.0000,0.0000,0.0000,0.0000,0.0000,2523.0000,0.0000,0.0000,0.0000,0.0000,108,0,0,0,0,218,0,0,0,0
zc,WS301,2012-06-19 09:01:14.073,2523.0000,426164,6,0.0000,6.0000,6,0,双开,B,2522.0000,0.0000,0.0000,0.0000,0.0000,2523.0000,0.0000,0.0000,0.0000,0.0000,136,0,0,0,0,215,0,0,0,0
zc,WS301,2012-06-19 09:01:14.793,2522.0000,426206,42,0.0000,44.0000,43,1,空开,S,2522.0000,0.0000,0.0000,0.0000,0.0000,2523.0000,0.0000,0.0000,0.0000,0.0000,115,0,0,0,0,218,0,0,0,0
zc,WS301,2012-06-19 09:01:15.307,2522.0000,426206,0,0.0000,2.0000,1,1,空换,S,2522.0000,0.0000,0.0000,0.0000,0.0000,2523.0000,0.0000,0.0000,0.0000,0.0000,114,0,0,0,0,218,0,0,0,0
zc,WS301,2012-06-19 09:01:16.057,2523.0000,426208,2,0.0000,6.0000,4,2,多开,B,2522.0000,0.0000,0.0000,0.0000,0.0000,2523.0000,0.0000,0.0000,0.0000,0.0000,114,0,0,0,0,215,0,0,0,0
zc,WS301,2012-06-19 09:01:16.573,2523.0000,426234,26,0.0000,50.0000,38,12,多开,B,2522.0000,0.0000,0.0000,0.0000,0.0000,2523.0000,0.0000,0.0000,0.0000,0.0000,92,0,0,0,0,215,0,0,0,0
zc,WS301,2012-06-19 09:01:17.057,2522.0000,426236,2,0.0000,4.0000,3,1,空开,S,2522.0000,0.0000,0.0000,0.0000,0.0000,2523.0000,0.0000,0.0000,0.0000,0.0000,92,0,0,0,0,222,0,0,0,0
zc,WS301,2012-06-19 09:01:17.823,2522.0000,426236,0,0.0000,0.0000,0,0,空换,S,2522.0000,0.0000,0.0000,0.0000,0.0000,2523.0000,0.0000,0.0000,0.0000,0.0000,103,0,0,0,0,222,0,0,0,0
zc,WS301,2012-06-19 09:01:18.323,2523.0000,426310,74,0.0000,94.0000,84,10,多开,B,2522.0000,0.0000,0.0000,0.0000,0.0000,2523.0000,0.0000,0.0000,0.0000,0.0000,66,0,0,0,0,217,0,0,0,0
zc,WS301,2012-06-19 09:01:19.043,2523.0000,426310,0,0.0000,0.0000,0,0,多换,B,2522.0000,0.0000,0.0000,0.0000,0.0000,2523.0000,0.0000,0.0000,0.0000,0.0000,75,0,0,0,0,217,0,0,0,0
zc,WS301,2012-06-19 09:01:19.603,2522.0000,426310,0,0.0000,4.0000,2,2,空换,S,2522.0000,0.0000,0.0000,0.0000,0.0000,2523.0000,0.0000,0.0000,0.0000,0.0000,73,0,0,0,0,220,0,0,0,0
zc,WS301,2012-06-19 09:01:20.260,2522.0000,426310,0,0.0000,2.0000,1,1,空换,S,2522.0000,0.0000,0.0000,0.0000,0.0000,2523.0000,0.0000,0.0000,0.0000,0.0000,72,0,0,0,0,251,0,0,0,0
zc,WS301,2012-06-19 09:01:20.777,2522.0000,426312,2,0.0000,4.0000,3,1,空开,S,2522.0000,0.0000,0.0000,0.0000,0.0000,2523.0000,0.0000,0.0000,0.0000,0.0000,71,0,0,0,0,257,0,0,0,0
zc,WS301,2012-06-19 09:01:21.293,2523.0000,426348,36,0.0000,36.0000,36,0,双开,B,2522.0000,0.0000,0.0000,0.0000,0.0000,2523.0000,0.0000,0.0000,0.0000,0.0000,102,0,0,0,0,239,0,0,0,0
zc,WS301,2012-06-19 09:01:21.823,2523.0000,426348,0,0.0000,0.0000,0,0,多换,B,2522.0000,0.0000,0.0000,0.0000,0.0000,2523.0000,0.0000,0.0000,0.0000,0.0000,102,0,0,0,0,242,0,0,0,0
zc,WS301,2012-06-19 09:01:22.573,2522.0000,426344,-4,0.0000,42.0000,19,23,多平,S,2522.0000,0.0000,0.0000,0.0000,0.0000,2523.0000,0.0000,0.0000,0.0000,0.0000,79,0,0,0,0,245,0,0,0,0
zc,WS301,2012-06-19 09:01:23.057,2522.0000,426344,0,0.0000,6.0000,3,3,空换,S,2522.0000,0.0000,0.0000,0.0000,0.0000,2523.0000,0.0000,0.0000,0.0000,0.0000,76,0,0,0,0,246,0,0,0,0
zc,WS301,2012-06-19 09:01:23.543,2522.0000,426344,0,0.0000,12.0000,6,6,空换,S,2522.0000,0.0000,0.0000,0.0000,0.0000,2523.0000,0.0000,0.0000,0.0000,0.0000,70,0,0,0,0,227,0,0,0,0
zc,WS301,2012-06-19 09:01:24.230,2523.0000,426356,12,0.0000,12.0000,12,0,双开,B,2522.0000,0.0000,0.0000,0.0000,0.0000,2523.0000,0.0000,0.0000,0.0000,0.0000,70,0,0,0,0,222,0,0,0,0
zc,WS301,2012-06-19 09:01:24.823,2523.0000,426366,10,0.0000,34.0000,22,12,多开,B,2522.0000,0.0000,0.0000,0.0000,0.0000,2523.0000,0.0000,0.0000,0.0000,0.0000,59,0,0,0,0,216,0,0,0,0
zc,WS301,2012-06-19 09:01:25.620,2522.0000,426368,2,0.0000,2.0000,2,0,双开,S,2522.0000,0.0000,0.0000,0.0000,0.0000,2523.0000,0.0000,0.0000,0.0000,0.0000,58,0,0,0,0,217,0,0,0,0
zc,WS301,2012-06-19 09:01:26.073,2522.0000,426406,38,0.0000,40.0000,39,1,空开,S,2522.0000,0.0000,0.0000,0.0000,0.0000,2523.0000,0.0000,0.0000,0.0000,0.0000,40,0,0,0,0,236,0,0,0,0
zc,WS301,2012-06-19 09:01:26.777,2522.0000,426406,0,0.0000,80.0000,40,40,空换,S,2522.0000,0.0000,0.0000,0.0000,0.0000,2523.0000,0.0000,0.0000,0.0000,0.0000,1,0,0,0,0,236,0,0,0,0
zc,WS301,2012-06-19 09:01:27.293,2521.0000,426406,0,0.0000,42.0000,21,21,空换,S,2522.0000,0.0000,0.0000,0.0000,0.0000,2523.0000,0.0000,0.0000,0.0000,0.0000,2,0,0,0,0,223,0,0,0,0
zc,WS301,2012-06-19 09:01:27.793,2522.0000,426410,4,0.0000,4.0000,4,0,双开,B,2521.0000,0.0000,0.0000,0.0000,0.0000,2522.0000,0.0000,0.0000,0.0000,0.0000,257,0,0,0,0,18,0,0,0,0
zc,WS301,2012-06-19 09:01:28.293,2522.0000,426410,0,0.0000,2.0000,1,1,多换,B,2521.0000,0.0000,0.0000,0.0000,0.0000,2522.0000,0.0000,0.0000,0.0000,0.0000,257,0,0,0,0,18,0,0,0,0
zc,WS301,2012-06-19 09:01:28.963,2522.0000,426412,2,0.0000,2.0000,2,0,双开,B,2521.0000,0.0000,0.0000,0.0000,0.0000,2522.0000,0.0000,0.0000,0.0000,0.0000,257,0,0,0,0,18,0,0,0,0
zc,WS301,2012-06-19 09:01:29.527,2522.0000,426408,-4,0.0000,40.0000,18,22,空平,B,2522.0000,0.0000,0.0000,0.0000,0.0000,2523.0000,0.0000,0.0000,0.0000,0.0000,98,0,0,0,0,272,0,0,0,0
zc,WS301,2012-06-19 09:01:30.043,2522.0000,426388,-20,0.0000,20.0000,0,20,双平,B,2522.0000,0.0000,0.0000,0.0000,0.0000,2523.0000,0.0000,0.0000,0.0000,0.0000,188,0,0,0,0,272,0,0,0,0
zc,WS301,2012-06-19 09:01:31.323,2523.0000,426342,-46,0.0000,50.0000,2,48,空平,B,2522.0000,0.0000,0.0000,0.0000,0.0000,2523.0000,0.0000,0.0000,0.0000,0.0000,176,0,0,0,0,269,0,0,0,0
zc,WS301,2012-06-19 09:01:32.043,2522.0000,426334,-8,0.0000,8.0000,0,8,双平,S,2522.0000,0.0000,0.0000,0.0000,0.0000,2523.0000,0.0000,0.0000,0.0000,0.0000,172,0,0,0,0,270,0,0,0,0
zc,WS301,2012-06-19 09:01:32.510,2522.0000,426334,0,0.0000,0.0000,0,0,空换,S,2522.0000,0.0000,0.0000,0.0000,0.0000,2523.0000,0.0000,0.0000,0.0000,0.0000,172,0,0,0,0,263,0,0,0,0
zc,WS301,2012-06-19 09:01:33.260,2522.0000,426294,-40,0.0000,42.0000,1,41,多平,S,2522.0000,0.0000,0.0000,0.0000,0.0000,2523.0000,0.0000,0.0000,0.0000,0.0000,151,0,0,0,0,264,0,0,0,0
zc,WS301,2012-06-19 09:01:33.510,2522.0000,426292,-2,0.0000,2.0000,0,2,双平,S,2522.0000,0.0000,0.0000,0.0000,0.0000,2523.0000,0.0000,0.0000,0.0000,0.0000,150,0,0,0,0,264,0,0,0,0
zc,WS301,2012-06-19 09:01:34.307,2522.0000,426288,-4,0.0000,4.0000,0,4,双平,S,2522.0000,0.0000,0.0000,0.0000,0.0000,2523.0000,0.0000,0.0000,0.0000,0.0000,148,0,0,0,0,264,0,0,0,0
zc,WS301,2012-06-19 09:01:34.760,2522.0000,426286,-2,0.0000,6.0000,2,4,多平,S,2522.0000,0.0000,0.0000,0.0000,0.0000,2523.0000,0.0000,0.0000,0.0000,0.0000,169,0,0,0,0,259,0,0,0,0
zc,WS301,2012-06-19 09:01:35.510,2522.0000,426286,0,0.0000,2.0000,1,1,空换,S,2522.0000,0.0000,0.0000,0.0000,0.0000,2523.0000,0.0000,0.0000,0.0000,0.0000,168,0,0,0,0,259,0,0,0,0
zc,WS301,2012-06-19 09:01:36.027,2522.0000,426238,-48,0.0000,48.0000,0,48,双平,S,2522.0000,0.0000,0.0000,0.0000,0.0000,2523.0000,0.0000,0.0000,0.0000,0.0000,144,0,0,0,0,261,0,0,0,0
zc,WS301,2012-06-19 09:01:36.807,2522.0000,426234,-4,0.0000,4.0000,0,4,双平,S,2522.0000,0.0000,0.0000,0.0000,0.0000,2523.0000,0.0000,0.0000,0.0000,0.0000,142,0,0,0,0,261,0,0,0,0
zc,WS301,2012-06-19 09:01:37.543,2523.0000,426234,0,0.0000,4.0000,2,2,多换,B,2522.0000,0.0000,0.0000,0.0000,0.0000,2523.0000,0.0000,0.0000,0.0000,0.0000,147,0,0,0,0,304,0,0,0,0
zc,WS301,2012-06-19 09:01:38.043,2522.0000,426224,-10,0.0000,14.0000,2,12,多平,S,2522.0000,0.0000,0.0000,0.0000,0.0000,2523.0000,0.0000,0.0000,0.0000,0.0000,140,0,0,0,0,309,0,0,0,0
zc,WS301,2012-06-19 09:01:38.793,2522.0000,426240,16,0.0000,54.0000,35,19,空开,S,2522.0000,0.0000,0.0000,0.0000,0.0000,2523.0000,0.0000,0.0000,0.0000,0.0000,113,0,0,0,0,310,0,0,0,0
zc,WS301,2012-06-19 09:01:39.557,2522.0000,426240,0,0.0000,0.0000,0,0,空换,S,2522.0000,0.0000,0.0000,0.0000,0.0000,2523.0000,0.0000,0.0000,0.0000,0.0000,89,0,0,0,0,311,0,0,0,0
zc,WS301,2012-06-19 09:01:40.010,2522.0000,426240,0,0.0000,2.0000,1,1,空换,S,2522.0000,0.0000,0.0000,0.0000,0.0000,2523.0000,0.0000,0.0000,0.0000,0.0000,91,0,0,0,0,323,0,0,0,0
zc,WS301,2012-06-19 09:01:40.527,2522.0000,426254,14,0.0000,28.0000,21,7,空开,S,2522.0000,0.0000,0.0000,0.0000,0.0000,2523.0000,0.0000,0.0000,0.0000,0.0000,77,0,0,0,0,324,0,0,0,0
zc,WS301,2012-06-19 09:01:41.293,2522.0000,426254,0,0.0000,2.0000,1,1,空换,S,2522.0000,0.0000,0.0000,0.0000,0.0000,2523.0000,0.0000,0.0000,0.0000,0.0000,76,0,0,0,0,324,0,0,0,0
zc,WS301,2012-06-19 09:01:41.777,2522.0000,426254,0,0.0000,8.0000,4,4,空换,S,2522.0000,0.0000,0.0000,0.0000,0.0000,2523.0000,0.0000,0.0000,0.0000,0.0000,72,0,0,0,0,324,0,0,0,0
zc,WS301,2012-06-19 09:01:42.527,2522.0000,426254,0,0.0000,68.0000,34,34,空换,S,2522.0000,0.0000,0.0000,0.0000,0.0000,2523.0000,0.0000,0.0000,0.0000,0.0000,38,0,0,0,0,326,0,0,0,0
zc,WS301,2012-06-19 09:01:43.323,2522.0000,426252,-2,0.0000,116.0000,57,59,多平,S,2521.0000,0.0000,0.0000,0.0000,0.0000,2522.0000,0.0000,0.0000,0.0000,0.0000,261,0,0,0,0,6,0,0,0,0
zc,WS301,2012-06-19 09:01:44.057,2522.0000,426252,0,0.0000,4.0000,2,2,空换,S,2521.0000,0.0000,0.0000,0.0000,0.0000,2522.0000,0.0000,0.0000,0.0000,0.0000,261,0,0,0,0,4,0,0,0,0
zc,WS301,2012-06-19 09:01:44.293,2522.0000,426248,-4,0.0000,6.0000,1,5,多平,S,2521.0000,0.0000,0.0000,0.0000,0.0000,2522.0000,0.0000,0.0000,0.0000,0.0000,265,0,0,0,0,49,0,0,0,0
zc,WS301,2012-06-19 09:01:45.043,2522.0000,426256,8,0.0000,10.0000,9,1,空开,S,2521.0000,0.0000,0.0000,0.0000,0.0000,2522.0000,0.0000,0.0000,0.0000,0.0000,272,0,0,0,0,49,0,0,0,0
zc,WS301,2012-06-19 09:01:45.557,2522.0000,426256,0,0.0000,0.0000,0,0,空换,S,2521.0000,0.0000,0.0000,0.0000,0.0000,2522.0000,0.0000,0.0000,0.0000,0.0000,273,0,0,0,0,51,0,0,0,0
zc,WS301,2012-06-19 09:01:46.260,2522.0000,426260,4,0.0000,24.0000,14,10,空开,S,2521.0000,0.0000,0.0000,0.0000,0.0000,2522.0000,0.0000,0.0000,0.0000,0.0000,262,0,0,0,0,53,0,0,0,0
zc,WS301,2012-06-19 09:01:47.057,2522.0000,426282,22,0.0000,22.0000,22,0,双开,S,2521.0000,0.0000,0.0000,0.0000,0.0000,2522.0000,0.0000,0.0000,0.0000,0.0000,259,0,0,0,0,48,0,0,0,0
zc,WS301,2012-06-19 09:01:47.557,2521.0000,426282,0,0.0000,4.0000,2,2,空换,S,2521.0000,0.0000,0.0000,0.0000,0.0000,2522.0000,0.0000,0.0000,0.0000,0.0000,257,0,0,0,0,48,0,0,0,0
zc,WS301,2012-06-19 09:01:48.277,2521.0000,426282,0,0.0000,8.0000,4,4,空换,S,2521.0000,0.0000,0.0000,0.0000,0.0000,2522.0000,0.0000,0.0000,0.0000,0.0000,256,0,0,0,0,46,0,0,0,0
zc,WS301,2012-06-19 09:01:49.103,2522.0000,426284,2,0.0000,8.0000,5,3,多开,B,2521.0000,0.0000,0.0000,0.0000,0.0000,2522.0000,0.0000,0.0000,0.0000,0.0000,254,0,0,0,0,45,0,0,0,0
zc,WS301,2012-06-19 09:01:49.557,2522.0000,426286,2,0.0000,2.0000,2,0,双开,B,2521.0000,0.0000,0.0000,0.0000,0.0000,2522.0000,0.0000,0.0000,0.0000,0.0000,254,0,0,0,0,75,0,0,0,0
zc,WS301,2012-06-19 09:01:50.277,2521.0000,426356,70,0.0000,104.0000,87,17,空开,S,2521.0000,0.0000,0.0000,0.0000,0.0000,2522.0000,0.0000,0.0000,0.0000,0.0000,253,0,0,0,0,25,0,0,0,0
zc,WS301,2012-06-19 09:01:50.747,2521.0000,426356,0,0.0000,16.0000,8,8,空换,S,2521.0000,0.0000,0.0000,0.0000,0.0000,2522.0000,0.0000,0.0000,0.0000,0.0000,246,0,0,0,0,26,0,0,0,0
zc,WS301,2012-06-19 09:01:51.603,2522.0000,426356,0,0.0000,58.0000,29,29,多换,B,2522.0000,0.0000,0.0000,0.0000,0.0000,2523.0000,0.0000,0.0000,0.0000,0.0000,16,0,0,0,0,293,0,0,0,0
zc,WS301,2012-06-19 09:01:52.323,2522.0000,426358,2,0.0000,6.0000,4,2,多开,B,2522.0000,0.0000,0.0000,0.0000,0.0000,2523.0000,0.0000,0.0000,0.0000,0.0000,15,0,0,0,0,271,0,0,0,0
zc,WS301,2012-06-19 09:01:52.747,2522.0000,426358,0,0.0000,2.0000,1,1,多换,B,2522.0000,0.0000,0.0000,0.0000,0.0000,2523.0000,0.0000,0.0000,0.0000,0.0000,14,0,0,0,0,271,0,0,0,0
zc,WS301,2012-06-19 09:01:53.293,2522.0000,426354,-4,0.0000,34.0000,15,19,空平,B,2522.0000,0.0000,0.0000,0.0000,0.0000,2523.0000,0.0000,0.0000,0.0000,0.0000,6,0,0,0,0,271,0,0,0,0
zc,WS301,2012-06-19 09:01:54.073,2523.0000,426432,78,0.0000,206.0000,142,64,多开,B,2522.0000,0.0000,0.0000,0.0000,0.0000,2523.0000,0.0000,0.0000,0.0000,0.0000,12,0,0,0,0,172,0,0,0,0
zc,WS301,2012-06-19 09:01:54.573,2522.0000,426432,0,0.0000,6.0000,3,3,空换,S,2522.0000,0.0000,0.0000,0.0000,0.0000,2523.0000,0.0000,0.0000,0.0000,0.0000,9,0,0,0,0,172,0,0,0,0
zc,WS301,2012-06-19 09:01:55.293,2522.0000,426430,-2,0.0000,4.0000,1,3,多平,S,2522.0000,0.0000,0.0000,0.0000,0.0000,2523.0000,0.0000,0.0000,0.0000,0.0000,15,0,0,0,0,170,0,0,0,0
zc,WS301,2012-06-19 09:01:55.777,2522.0000,426416,-14,0.0000,20.0000,3,17,多平,S,2522.0000,0.0000,0.0000,0.0000,0.0000,2523.0000,0.0000,0.0000,0.0000,0.0000,6,0,0,0,0,170,0,0,0,0
zc,WS301,2012-06-19 09:01:56.573,2522.0000,426416,0,0.0000,0.0000,0,0,空换,S,2522.0000,0.0000,0.0000,0.0000,0.0000,2523.0000,0.0000,0.0000,0.0000,0.0000,6,0,0,0,0,172,0,0,0,0
zc,WS301,2012-06-19 09:01:57.307,2522.0000,426420,4,0.0000,8.0000,6,2,空开,S,2522.0000,0.0000,0.0000,0.0000,0.0000,2523.0000,0.0000,0.0000,0.0000,0.0000,2,0,0,0,0,212,0,0,0,0
zc,WS301,2012-06-19 09:01:57.807,2523.0000,426434,14,0.0000,202.0000,108,94,多开,B,2521.0000,0.0000,0.0000,0.0000,0.0000,2522.0000,0.0000,0.0000,0.0000,0.0000,249,0,0,0,0,2,0,0,0,0
zc,WS301,2012-06-19 09:01:58.543,2522.0000,426438,4,0.0000,22.0000,13,9,空开,S,2522.0000,0.0000,0.0000,0.0000,0.0000,2523.0000,0.0000,0.0000,0.0000,0.0000,20,0,0,0,0,133,0,0,0,0
zc,WS301,2012-06-19 09:01:59.073,2522.0000,426442,4,0.0000,4.0000,4,0,双开,S,2522.0000,0.0000,0.0000,0.0000,0.0000,2523.0000,0.0000,0.0000,0.0000,0.0000,19,0,0,0,0,133,0,0,0,0
zc,WS301,2012-06-19 09:01:59.777,2522.0000,426444,2,0.0000,4.0000,3,1,空开,S,2522.0000,0.0000,0.0000,0.0000,0.0000,2523.0000,0.0000,0.0000,0.0000,0.0000,17,0,0,0,0,133,0,0,0,0
zc,WS301,2012-06-19 09:02:00.247,2522.0000,426444,0,0.0000,0.0000,0,0,空换,S,2522.0000,0.0000,0.0000,0.0000,0.0000,2523.0000,0.0000,0.0000,0.0000,0.0000,19,0,0,0,0,135,0,0,0,0
zc,WS301,2012-06-19 09:02:01.027,2522.0000,426444,0,0.0000,0.0000,0,0,空换,S,2522.0000,0.0000,0.0000,0.0000,0.0000,2523.0000,0.0000,0.0000,0.0000,0.0000,24,0,0,0,0,137,0,0,0,0
zc,WS301,2012-06-19 09:02:01.573,2523.0000,426446,2,0.0000,18.0000,10,8,多开,B,2522.0000,0.0000,0.0000,0.0000,0.0000,2523.0000,0.0000,0.0000,0.0000,0.0000,20,0,0,0,0,131,0,0,0,0
zc,WS301,2012-06-19 09:02:02.043,2522.0000,426446,0,0.0000,2.0000,1,1,空换,S,2522.0000,0.0000,0.0000,0.0000,0.0000,2523.0000,0.0000,0.0000,0.0000,0.0000,29,0,0,0,0,132,0,0,0,0
zc,WS301,2012-06-19 09:02:02.497,2523.0000,426446,0,0.0000,2.0000,1,1,多换,B,2522.0000,0.0000,0.0000,0.0000,0.0000,2523.0000,0.0000,0.0000,0.0000,0.0000,29,0,0,0,0,137,0,0,0,0
zc,WS301,2012-06-19 09:02:03.260,2522.0000,426446,0,0.0000,18.0000,9,9,空换,S,2522.0000,0.0000,0.0000,0.0000,0.0000,2523.0000,0.0000,0.0000,0.0000,0.0000,23,0,0,0,0,138,0,0,0,0
zc,WS301,2012-06-19 09:02:03.747,2523.0000,426448,2,0.0000,20.0000,11,9,多开,B,2522.0000,0.0000,0.0000,0.0000,0.0000,2523.0000,0.0000,0.0000,0.0000,0.0000,24,0,0,0,0,129,0,0,0,0
zc,WS301,2012-06-19 09:02:04.587,2522.0000,426468,20,0.0000,24.0000,22,2,空开,S,2522.0000,0.0000,0.0000,0.0000,0.0000,2523.0000,0.0000,0.0000,0.0000,0.0000,12,0,0,0,0,129,0,0,0,0
zc,WS301,2012-06-19 09:02:05.087,2522.0000,426468,0,0.0000,0.0000,0,0,空换,S,2522.0000,0.0000,0.0000,0.0000,0.0000,2523.0000,0.0000,0.0000,0.0000,0.0000,12,0,0,0,0,111,0,0,0,0
zc,WS301,2012-06-19 09:02:05.807,2522.0000,426468,0,0.0000,4.0000,2,2,空换,S,2522.0000,0.0000,0.0000,0.0000,0.0000,2523.0000,0.0000,0.0000,0.0000,0.0000,10,0,0,0,0,111,0,0,0,0
zc,WS301,2012-06-19 09:02:06.323,2522.0000,426468,0,0.0000,2.0000,1,1,空换,S,2522.0000,0.0000,0.0000,0.0000,0.0000,2523.0000,0.0000,0.0000,0.0000,0.0000,12,0,0,0,0,111,0,0,0,0
zc,WS301,2012-06-19 09:02:07.027,2522.0000,426468,0,0.0000,0.0000,0,0,空换,S,2522.0000,0.0000,0.0000,0.0000,0.0000,2523.0000,0.0000,0.0000,0.0000,0.0000,13,0,0,0,0,114,0,0,0,0
zc,WS301,2012-06-19 09:02:07.587,2522.0000,426468,0,0.0000,12.0000,6,6,空换,S,2522.0000,0.0000,0.0000,0.0000,0.0000,2523.0000,0.0000,0.0000,0.0000,0.0000,8,0,0,0,0,114,0,0,0,0
zc,WS301,2012-06-19 09:02:08.073,2523.0000,426468,0,0.0000,2.0000,1,1,多换,B,2522.0000,0.0000,0.0000,0.0000,0.0000,2523.0000,0.0000,0.0000,0.0000,0.0000,8,0,0,0,0,114,0,0,0,0
zc,WS301,2012-06-19 09:02:08.793,2522.0000,426470,2,0.0000,4.0000,3,1,空开,S,2522.0000,0.0000,0.0000,0.0000,0.0000,2523.0000,0.0000,0.0000,0.0000,0.0000,6,0,0,0,0,117,0,0,0,0
zc,WS301,2012-06-19 09:02:09.307,2522.0000,426472,2,0.0000,2.0000,2,0,双开,S,2522.0000,0.0000,0.0000,0.0000,0.0000,2523.0000,0.0000,0.0000,0.0000,0.0000,6,0,0,0,0,119,0,0,0,0
zc,WS301,2012-06-19 09:02:10.043,2522.0000,426472,0,0.0000,8.0000,4,4,空换,S,2522.0000,0.0000,0.0000,0.0000,0.0000,2523.0000,0.0000,0.0000,0.0000,0.0000,3,0,0,0,0,108,0,0,0,0
zc,WS301,2012-06-19 09:02:10.573,2523.0000,426472,0,0.0000,2.0000,1,1,多换,B,2522.0000,0.0000,0.0000,0.0000,0.0000,2523.0000,0.0000,0.0000,0.0000,0.0000,3,0,0,0,0,121,0,0,0,0
zc,WS301,2012-06-19 09:02:11.323,2522.0000,426472,0,0.0000,4.0000,2,2,空换,S,2522.0000,0.0000,0.0000,0.0000,0.0000,2523.0000,0.0000,0.0000,0.0000,0.0000,1,0,0,0,0,131,0,0,0,0
zc,WS301,2012-06-19 09:02:11.807,2523.0000,426472,0,0.0000,4.0000,2,2,多换,B,2522.0000,0.0000,0.0000,0.0000,0.0000,2523.0000,0.0000,0.0000,0.0000,0.0000,3,0,0,0,0,129,0,0,0,0
zc,WS301,2012-06-19 09:02:12.603,2523.0000,426422,-50,0.0000,128.0000,39,89,空平,B,2522.0000,0.0000,0.0000,0.0000,0.0000,2523.0000,0.0000,0.0000,0.0000,0.0000,2,0,0,0,0,86,0,0,0,0
zc,WS301,2012-06-19 09:02:13.010,2523.0000,426422,0,0.0000,0.0000,0,0,多换,B,2522.0000,0.0000,0.0000,0.0000,0.0000,2523.0000,0.0000,0.0000,0.0000,0.0000,3,0,0,0,0,86,0,0,0,0
zc,WS301,2012-06-19 09:02:14.307,2523.0000,426424,2,0.0000,2.0000,2,0,双开,B,2522.0000,0.0000,0.0000,0.0000,0.0000,2523.0000,0.0000,0.0000,0.0000,0.0000,3,0,0,0,0,85,0,0,0,0
zc,WS301,2012-06-19 09:02:14.823,2522.0000,426420,-4,0.0000,6.0000,1,5,多平,S,2522.0000,0.0000,0.0000,0.0000,0.0000,2523.0000,0.0000,0.0000,0.0000,0.0000,2,0,0,0,0,85,0,0,0,0
zc,WS301,2012-06-19 09:02:15.543,2522.0000,426422,2,0.0000,4.0000,3,1,空开,S,2521.0000,0.0000,0.0000,0.0000,0.0000,2523.0000,0.0000,0.0000,0.0000,0.0000,261,0,0,0,0,85,0,0,0,0
zc,WS301,2012-06-19 09:02:16.057,2522.0000,426422,0,0.0000,0.0000,0,0,空换,S,2521.0000,0.0000,0.0000,0.0000,0.0000,2522.0000,0.0000,0.0000,0.0000,0.0000,261,0,0,0,0,1,0,0,0,0
zc,WS301,2012-06-19 09:02:17.073,2522.0000,426422,0,0.0000,10.0000,5,5,空换,S,2521.0000,0.0000,0.0000,0.0000,0.0000,2523.0000,0.0000,0.0000,0.0000,0.0000,263,0,0,0,0,87,0,0,0,0
zc,WS301,2012-06-19 09:02:17.837,2522.0000,426422,0,0.0000,0.0000,0,0,空换,S,2521.0000,0.0000,0.0000,0.0000,0.0000,2523.0000,0.0000,0.0000,0.0000,0.0000,263,0,0,0,0,117,0,0,0,0
zc,WS301,2012-06-19 09:02:18.353,2522.0000,426422,0,0.0000,0.0000,0,0,空换,S,2521.0000,0.0000,0.0000,0.0000,0.0000,2522.0000,0.0000,0.0000,0.0000,0.0000,263,0,0,0,0,1,0,0,0,0
zc,WS301,2012-06-19 09:02:19.073,2522.0000,426422,0,0.0000,2.0000,1,1,空换,S,2521.0000,0.0000,0.0000,0.0000,0.0000,2522.0000,0.0000,0.0000,0.0000,0.0000,258,0,0,0,0,2,0,0,0,0
zc,WS301,2012-06-19 09:02:19.573,2522.0000,426422,0,0.0000,10.0000,5,5,空换,S,2521.0000,0.0000,0.0000,0.0000,0.0000,2522.0000,0.0000,0.0000,0.0000,0.0000,255,0,0,0,0,97,0,0,0,0
zc,WS301,2012-06-19 09:02:20.293,2522.0000,426422,0,0.0000,2.0000,1,1,空换,S,2521.0000,0.0000,0.0000,0.0000,0.0000,2522.0000,0.0000,0.0000,0.0000,0.0000,255,0,0,0,0,96,0,0,0,0
zc,WS301,2012-06-19 09:02:20.793,2522.0000,426438,16,0.0000,20.0000,18,2,空开,S,2521.0000,0.0000,0.0000,0.0000,0.0000,2522.0000,0.0000,0.0000,0.0000,0.0000,253,0,0,0,0,115,0,0,0,0
zc,WS301,2012-06-19 09:02:21.323,2521.0000,426438,0,0.0000,4.0000,2,2,空换,S,2521.0000,0.0000,0.0000,0.0000,0.0000,2522.0000,0.0000,0.0000,0.0000,0.0000,253,0,0,0,0,128,0,0,0,0
zc,WS301,2012-06-19 09:02:22.073,2522.0000,426436,-2,0.0000,14.0000,6,8,空平,B,2521.0000,0.0000,0.0000,0.0000,0.0000,2522.0000,0.0000,0.0000,0.0000,0.0000,251,0,0,0,0,126,0,0,0,0
zc,WS301,2012-06-19 09:02:22.807,2522.0000,426434,-2,0.0000,24.0000,11,13,空平,B,2521.0000,0.0000,0.0000,0.0000,0.0000,2522.0000,0.0000,0.0000,0.0000,0.0000,251,0,0,0,0,114,0,0,0,0
zc,WS301,2012-06-19 09:02:23.277,2522.0000,426424,-10,0.0000,10.0000,0,10,双平,B,2521.0000,0.0000,0.0000,0.0000,0.0000,2522.0000,0.0000,0.0000,0.0000,0.0000,250,0,0,0,0,110,0,0,0,0
zc,WS301,2012-06-19 09:02:23.807,2522.0000,426424,0,0.0000,6.0000,3,3,多换,B,2521.0000,0.0000,0.0000,0.0000,0.0000,2522.0000,0.0000,0.0000,0.0000,0.0000,250,0,0,0,0,111,0,0,0,0
zc,WS301,2012-06-19 09:02:24.510,2522.0000,426424,0,0.0000,0.0000,0,0,多换,B,2521.0000,0.0000,0.0000,0.0000,0.0000,2522.0000,0.0000,0.0000,0.0000,0.0000,330,0,0,0,0,111,0,0,0,0
zc,WS301,2012-06-19 09:02:24.997,2522.0000,426428,4,0.0000,8.0000,6,2,多开,B,2521.0000,0.0000,0.0000,0.0000,0.0000,2522.0000,0.0000,0.0000,0.0000,0.0000,325,0,0,0,0,110,0,0,0,0
zc,WS301,2012-06-19 09:02:26.337,2522.0000,426428,0,0.0000,2.0000,1,1,多换,B,2521.0000,0.0000,0.0000,0.0000,0.0000,2522.0000,0.0000,0.0000,0.0000,0.0000,326,0,0,0,0,109,0,0,0,0
zc,WS301,2012-06-19 09:02:27.103,2522.0000,426428,0,0.0000,20.0000,10,10,多换,B,2521.0000,0.0000,0.0000,0.0000,0.0000,2522.0000,0.0000,0.0000,0.0000,0.0000,326,0,0,0,0,99,0,0,0,0
zc,WS301,2012-06-19 09:02:27.527,2521.0000,426428,0,0.0000,14.0000,7,7,空换,S,2521.0000,0.0000,0.0000,0.0000,0.0000,2522.0000,0.0000,0.0000,0.0000,0.0000,325,0,0,0,0,93,0,0,0,0
zc,WS301,2012-06-19 09:02:30.650,2522.0000,426426,-2,0.0000,140.0000,69,71,空平,B,2521.0000,0.0000,0.0000,0.0000,0.0000,2522.0000,0.0000,0.0000,0.0000,0.0000,269,0,0,0,0,147,0,0,0,0
zc,WS301,2012-06-19 09:02:31.277,2521.0000,426426,0,0.0000,2.0000,1,1,空换,S,2521.0000,0.0000,0.0000,0.0000,0.0000,2522.0000,0.0000,0.0000,0.0000,0.0000,269,0,0,0,0,147,0,0,0,0
zc,WS301,2012-06-19 09:02:31.777,2521.0000,426426,0,0.0000,0.0000,0,0,空换,S,2521.0000,0.0000,0.0000,0.0000,0.0000,2522.0000,0.0000,0.0000,0.0000,0.0000,269,0,0,0,0,148,0,0,0,0
zc,WS301,2012-06-19 09:02:33.043,2521.0000,426426,0,0.0000,0.0000,0,0,空换,S,2521.0000,0.0000,0.0000,0.0000,0.0000,2522.0000,0.0000,0.0000,0.0000,0.0000,269,0,0,0,0,160,0,0,0,0
zc,WS301,2012-06-19 09:02:34.010,2521.0000,426788,362,0.0000,400.0000,381,19,空开,S,2521.0000,0.0000,0.0000,0.0000,0.0000,2522.0000,0.0000,0.0000,0.0000,0.0000,76,0,0,0,0,160,0,0,0,0
zc,WS301,2012-06-19 09:02:34.793,2521.0000,426938,150,0.0000,152.0000,151,1,空开,S,2520.0000,0.0000,0.0000,0.0000,0.0000,2521.0000,0.0000,0.0000,0.0000,0.0000,118,0,0,0,0,194,0,0,0,0
zc,WS301,2012-06-19 09:02:35.277,2521.0000,427078,140,0.0000,158.0000,149,9,空开,S,2520.0000,0.0000,0.0000,0.0000,0.0000,2521.0000,0.0000,0.0000,0.0000,0.0000,73,0,0,0,0,196,0,0,0,0
zc,WS301,2012-06-19 09:02:36.043,2521.0000,427078,0,0.0000,40.0000,20,20,空换,S,2520.0000,0.0000,0.0000,0.0000,0.0000,2521.0000,0.0000,0.0000,0.0000,0.0000,73,0,0,0,0,177,0,0,0,0
zc,WS301,2012-06-19 09:02:36.543,2520.0000,427078,0,0.0000,18.0000,9,9,空换,S,2520.0000,0.0000,0.0000,0.0000,0.0000,2521.0000,0.0000,0.0000,0.0000,0.0000,57,0,0,0,0,192,0,0,0,0
zc,WS301,2012-06-19 09:02:37.777,2520.0000,427078,0,0.0000,0.0000,0,0,空换,S,2520.0000,0.0000,0.0000,0.0000,0.0000,2521.0000,0.0000,0.0000,0.0000,0.0000,62,0,0,0,0,192,0,0,0,0
zc,WS301,2012-06-19 09:02:38.793,2521.0000,427078,0,0.0000,4.0000,2,2,多换,B,2520.0000,0.0000,0.0000,0.0000,0.0000,2521.0000,0.0000,0.0000,0.0000,0.0000,61,0,0,0,0,190,0,0,0,0
zc,WS301,2012-06-19 09:02:39.307,2520.0000,427078,0,0.0000,26.0000,13,13,空换,S,2520.0000,0.0000,0.0000,0.0000,0.0000,2521.0000,0.0000,0.0000,0.0000,0.0000,47,0,0,0,0,190,0,0,0,0
zc,WS301,2012-06-19 09:02:40.057,2520.0000,427078,0,0.0000,88.0000,44,44,空换,S,2519.0000,0.0000,0.0000,0.0000,0.0000,2520.0000,0.0000,0.0000,0.0000,0.0000,51,0,0,0,0,36,0,0,0,0
zc,WS301,2012-06-19 09:02:40.587,2520.0000,427078,0,0.0000,0.0000,0,0,空换,S,2519.0000,0.0000,0.0000,0.0000,0.0000,2520.0000,0.0000,0.0000,0.0000,0.0000,60,0,0,0,0,37,0,0,0,0
zc,WS301,2012-06-19 09:02:41.293,2520.0000,427052,-26,0.0000,118.0000,46,72,多平,S,2520.0000,0.0000,0.0000,0.0000,0.0000,2521.0000,0.0000,0.0000,0.0000,0.0000,1,0,0,0,0,157,0,0,0,0
zc,WS301,2012-06-19 09:02:41.747,2520.0000,427052,0,0.0000,2.0000,1,1,空换,S,2519.0000,0.0000,0.0000,0.0000,0.0000,2520.0000,0.0000,0.0000,0.0000,0.0000,49,0,0,0,0,23,0,0,0,0
zc,WS301,2012-06-19 09:02:42.247,2519.0000,427052,0,0.0000,12.0000,6,6,空换,S,2519.0000,0.0000,0.0000,0.0000,0.0000,2520.0000,0.0000,0.0000,0.0000,0.0000,45,0,0,0,0,23,0,0,0,0
zc,WS301,2012-06-19 09:02:43.010,2519.0000,427052,0,0.0000,0.0000,0,0,空换,S,2519.0000,0.0000,0.0000,0.0000,0.0000,2520.0000,0.0000,0.0000,0.0000,0.0000,45,0,0,0,0,27,0,0,0,0
zc,WS301,2012-06-19 09:02:43.557,2519.0000,427052,0,0.0000,0.0000,0,0,空换,S,2519.0000,0.0000,0.0000,0.0000,0.0000,2520.0000,0.0000,0.0000,0.0000,0.0000,47,0,0,0,0,29,0,0,0,0
zc,WS301,2012-06-19 09:02:44.010,2519.0000,427046,-6,0.0000,58.0000,26,32,多平,S,2519.0000,0.0000,0.0000,0.0000,0.0000,2520.0000,0.0000,0.0000,0.0000,0.0000,51,0,0,0,0,26,0,0,0,0
zc,WS301,2012-06-19 09:02:44.543,2519.0000,427038,-8,0.0000,16.0000,4,12,多平,S,2519.0000,0.0000,0.0000,0.0000,0.0000,2520.0000,0.0000,0.0000,0.0000,0.0000,48,0,0,0,0,34,0,0,0,0
zc,WS301,2012-06-19 09:02:45.260,2520.0000,427038,0,0.0000,2.0000,1,1,多换,B,2519.0000,0.0000,0.0000,0.0000,0.0000,2520.0000,0.0000,0.0000,0.0000,0.0000,58,0,0,0,0,33,0,0,0,0
zc,WS301,2012-06-19 09:02:45.760,2519.0000,427078,40,0.0000,40.0000,40,0,双开,S,2519.0000,0.0000,0.0000,0.0000,0.0000,2520.0000,0.0000,0.0000,0.0000,0.0000,69,0,0,0,0,33,0,0,0,0
zc,WS301,2012-06-19 09:02:46.557,2520.0000,427040,-38,0.0000,42.0000,2,40,空平,B,2519.0000,0.0000,0.0000,0.0000,0.0000,2520.0000,0.0000,0.0000,0.0000,0.0000,75,0,0,0,0,13,0,0,0,0
zc,WS301,2012-06-19 09:02:47.027,2519.0000,427040,0,0.0000,6.0000,3,3,空换,S,2519.0000,0.0000,0.0000,0.0000,0.0000,2520.0000,0.0000,0.0000,0.0000,0.0000,72,0,0,0,0,13,0,0,0,0
zc,WS301,2012-06-19 09:02:47.557,2520.0000,427010,-30,0.0000,30.0000,0,30,双平,B,2520.0000,0.0000,0.0000,0.0000,0.0000,2521.0000,0.0000,0.0000,0.0000,0.0000,34,0,0,0,0,4,0,0,0,0
zc,WS301,2012-06-19 09:02:48.247,2520.0000,427006,-4,0.0000,4.0000,0,4,双平,B,2520.0000,0.0000,0.0000,0.0000,0.0000,2521.0000,0.0000,0.0000,0.0000,0.0000,33,0,0,0,0,6,0,0,0,0
zc,WS301,2012-06-19 09:02:48.760,2521.0000,427004,-2,0.0000,4.0000,1,3,空平,B,2520.0000,0.0000,0.0000,0.0000,0.0000,2521.0000,0.0000,0.0000,0.0000,0.0000,40,0,0,0,0,5,0,0,0,0
zc,WS301,2012-06-19 09:02:49.510,2520.0000,427000,-4,0.0000,36.0000,16,20,多平,S,2520.0000,0.0000,0.0000,0.0000,0.0000,2521.0000,0.0000,0.0000,0.0000,0.0000,25,0,0,0,0,5,0,0,0,0
zc,WS301,2012-06-19 09:02:50.010,2520.0000,426982,-18,0.0000,22.0000,2,20,多平,S,2520.0000,0.0000,0.0000,0.0000,0.0000,2521.0000,0.0000,0.0000,0.0000,0.0000,22,0,0,0,0,4,0,0,0,0
zc,WS301,2012-06-19 09:02:50.497,2520.0000,426978,-4,0.0000,24.0000,10,14,多平,S,2520.0000,0.0000,0.0000,0.0000,0.0000,2521.0000,0.0000,0.0000,0.0000,0.0000,15,0,0,0,0,32,0,0,0,0
zc,WS301,2012-06-19 09:02:50.980,2520.0000,426978,0,0.0000,22.0000,11,11,空换,S,2520.0000,0.0000,0.0000,0.0000,0.0000,2521.0000,0.0000,0.0000,0.0000,0.0000,7,0,0,0,0,32,0,0,0,0
zc,WS301,2012-06-19 09:02:51.747,2520.0000,426974,-4,0.0000,18.0000,7,11,多平,S,2519.0000,0.0000,0.0000,0.0000,0.0000,2520.0000,0.0000,0.0000,0.0000,0.0000,65,0,0,0,0,1,0,0,0,0
zc,WS301,2012-06-19 09:02:52.510,2521.0000,426954,-20,0.0000,24.0000,2,22,空平,B,2520.0000,0.0000,0.0000,0.0000,0.0000,2521.0000,0.0000,0.0000,0.0000,0.0000,3,0,0,0,0,31,0,0,0,0
zc,WS301,2012-06-19 09:02:53.293,2520.0000,426956,2,0.0000,2.0000,2,0,双开,S,2520.0000,0.0000,0.0000,0.0000,0.0000,2521.0000,0.0000,0.0000,0.0000,0.0000,11,0,0,0,0,31,0,0,0,0
zc,WS301,2012-06-19 09:02:53.527,2521.0000,426956,0,0.0000,42.0000,21,21,多换,B,2520.0000,0.0000,0.0000,0.0000,0.0000,2521.0000,0.0000,0.0000,0.0000,0.0000,10,0,0,0,0,11,0,0,0,0
zc,WS301,2012-06-19 09:02:54.277,2520.0000,426956,0,0.0000,2.0000,1,1,空换,S,2520.0000,0.0000,0.0000,0.0000,0.0000,2521.0000,0.0000,0.0000,0.0000,0.0000,81,0,0,0,0,11,0,0,0,0
zc,WS301,2012-06-19 09:02:54.747,2521.0000,426942,-14,0.0000,16.0000,1,15,空平,B,2520.0000,0.0000,0.0000,0.0000,0.0000,2521.0000,0.0000,0.0000,0.0000,0.0000,111,0,0,0,0,5,0,0,0,0
zc,WS301,2012-06-19 09:02:55.527,2521.0000,426942,0,0.0000,0.0000,0,0,多换,B,2520.0000,0.0000,0.0000,0.0000,0.0000,2521.0000,0.0000,0.0000,0.0000,0.0000,119,0,0,0,0,9,0,0,0,0
zc,WS301,2012-06-19 09:02:56.277,2520.0000,426942,0,0.0000,2.0000,1,1,空换,S,2520.0000,0.0000,0.0000,0.0000,0.0000,2521.0000,0.0000,0.0000,0.0000,0.0000,118,0,0,0,0,15,0,0,0,0
zc,WS301,2012-06-19 09:02:57.057,2520.0000,426938,-4,0.0000,4.0000,0,4,双平,S,2520.0000,0.0000,0.0000,0.0000,0.0000,2521.0000,0.0000,0.0000,0.0000,0.0000,118,0,0,0,0,15,0,0,0,0
zc,WS301,2012-06-19 09:02:57.543,2520.0000,426920,-18,0.0000,20.0000,1,19,多平,S,2520.0000,0.0000,0.0000,0.0000,0.0000,2521.0000,0.0000,0.0000,0.0000,0.0000,108,0,0,0,0,15,0,0,0,0
zc,WS301,2012-06-19 09:02:58.010,2521.0000,426922,2,0.0000,12.0000,7,5,多开,B,2520.0000,0.0000,0.0000,0.0000,0.0000,2521.0000,0.0000,0.0000,0.0000,0.0000,108,0,0,0,0,9,0,0,0,0
zc,WS301,2012-06-19 09:02:58.837,2520.0000,426916,-6,0.0000,8.0000,1,7,多平,S,2520.0000,0.0000,0.0000,0.0000,0.0000,2521.0000,0.0000,0.0000,0.0000,0.0000,105,0,0,0,0,8,0,0,0,0
zc,WS301,2012-06-19 09:02:59.277,2521.0000,426902,-14,0.0000,20.0000,3,17,空平,B,2521.0000,0.0000,0.0000,0.0000,0.0000,2522.0000,0.0000,0.0000,0.0000,0.0000,52,0,0,0,0,213,0,0,0,0
zc,WS301,2012-06-19 09:03:00.057,2521.0000,426796,-106,0.0000,108.0000,1,107,空平,B,2520.0000,0.0000,0.0000,0.0000,0.0000,2521.0000,0.0000,0.0000,0.0000,0.0000,106,0,0,0,0,9,0,0,0,0
zc,WS301,2012-06-19 09:03:00.543,2521.0000,426798,2,0.0000,32.0000,17,15,多开,B,2520.0000,0.0000,0.0000,0.0000,0.0000,2521.0000,0.0000,0.0000,0.0000,0.0000,108,0,0,0,0,34,0,0,0,0
zc,WS301,2012-06-19 09:03:01.027,2520.0000,426798,0,0.0000,20.0000,10,10,空换,S,2520.0000,0.0000,0.0000,0.0000,0.0000,2521.0000,0.0000,0.0000,0.0000,0.0000,98,0,0,0,0,34,0,0,0,0
zc,WS301,2012-06-19 09:03:01.527,2520.0000,426798,0,0.0000,0.0000,0,0,空换,S,2520.0000,0.0000,0.0000,0.0000,0.0000,2521.0000,0.0000,0.0000,0.0000,0.0000,99,0,0,0,0,34,0,0,0,0
zc,WS301,2012-06-19 09:03:02.260,2520.0000,426798,0,0.0000,0.0000,0,0,空换,S,2520.0000,0.0000,0.0000,0.0000,0.0000,2521.0000,0.0000,0.0000,0.0000,0.0000,151,0,0,0,0,34,0,0,0,0
zc,WS301,2012-06-19 09:03:02.823,2521.0000,426798,0,0.0000,2.0000,1,1,多换,B,2520.0000,0.0000,0.0000,0.0000,0.0000,2521.0000,0.0000,0.0000,0.0000,0.0000,151,0,0,0,0,38,0,0,0,0
zc,WS301,2012-06-19 09:03:03.293,2521.0000,426798,0,0.0000,0.0000,0,0,多换,B,2520.0000,0.0000,0.0000,0.0000,0.0000,2521.0000,0.0000,0.0000,0.0000,0.0000,152,0,0,0,0,38,0,0,0,0
zc,WS301,2012-06-19 09:03:04.027,2521.0000,426798,0,0.0000,0.0000,0,0,多换,B,2520.0000,0.0000,0.0000,0.0000,0.0000,2521.0000,0.0000,0.0000,0.0000,0.0000,152,0,0,0,0,39,0,0,0,0
zc,WS301,2012-06-19 09:03:04.527,2521.0000,426798,0,0.0000,0.0000,0,0,多换,B,2520.0000,0.0000,0.0000,0.0000,0.0000,2521.0000,0.0000,0.0000,0.0000,0.0000,152,0,0,0,0,59,0,0,0,0
zc,WS301,2012-06-19 09:03:05.293,2521.0000,426778,-20,0.0000,22.0000,1,21,空平,B,2520.0000,0.0000,0.0000,0.0000,0.0000,2521.0000,0.0000,0.0000,0.0000,0.0000,143,0,0,0,0,59,0,0,0,0
zc,WS301,2012-06-19 09:03:05.587,2521.0000,426778,0,0.0000,2.0000,1,1,多换,B,2520.0000,0.0000,0.0000,0.0000,0.0000,2521.0000,0.0000,0.0000,0.0000,0.0000,154,0,0,0,0,58,0,0,0,0
zc,WS301,2012-06-19 09:03:06.323,2520.0000,426776,-2,0.0000,2.0000,0,2,双平,S,2520.0000,0.0000,0.0000,0.0000,0.0000,2521.0000,0.0000,0.0000,0.0000,0.0000,155,0,0,0,0,60,0,0,0,0
zc,WS301,2012-06-19 09:03:06.807,2521.0000,426834,58,0.0000,138.0000,98,40,多开,B,2520.0000,0.0000,0.0000,0.0000,0.0000,2521.0000,0.0000,0.0000,0.0000,0.0000,92,0,0,0,0,72,0,0,0,0
zc,WS301,2012-06-19 09:03:07.573,2521.0000,426956,122,0.0000,138.0000,130,8,多开,B,2520.0000,0.0000,0.0000,0.0000,0.0000,2521.0000,0.0000,0.0000,0.0000,0.0000,27,0,0,0,0,74,0,0,0,0
zc,WS301,2012-06-19 09:03:08.823,2520.0000,427004,48,0.0000,54.0000,51,3,空开,S,2519.0000,0.0000,0.0000,0.0000,0.0000,2520.0000,0.0000,0.0000,0.0000,0.0000,112,0,0,0,0,47,0,0,0,0
zc,WS301,2012-06-19 09:03:09.307,2520.0000,427014,10,0.0000,10.0000,10,0,双开,S,2519.0000,0.0000,0.0000,0.0000,0.0000,2520.0000,0.0000,0.0000,0.0000,0.0000,115,0,0,0,0,42,0,0,0,0
zc,WS301,2012-06-19 09:03:10.010,2520.0000,427018,4,0.0000,4.0000,4,0,双开,S,2519.0000,0.0000,0.0000,0.0000,0.0000,2520.0000,0.0000,0.0000,0.0000,0.0000,116,0,0,0,0,40,0,0,0,0
zc,WS301,2012-06-19 09:03:10.573,2519.0000,427030,12,0.0000,14.0000,13,1,空开,S,2519.0000,0.0000,0.0000,0.0000,0.0000,2520.0000,0.0000,0.0000,0.0000,0.0000,112,0,0,0,0,35,0,0,0,0
zc,WS301,2012-06-19 09:03:11.277,2519.0000,427030,0,0.0000,0.0000,0,0,空换,S,2519.0000,0.0000,0.0000,0.0000,0.0000,2520.0000,0.0000,0.0000,0.0000,0.0000,109,0,0,0,0,39,0,0,0,0
zc,WS301,2012-06-19 09:03:12.027,2520.0000,426996,-34,0.0000,110.0000,38,72,空平,B,2519.0000,0.0000,0.0000,0.0000,0.0000,2520.0000,0.0000,0.0000,0.0000,0.0000,60,0,0,0,0,36,0,0,0,0
zc,WS301,2012-06-19 09:03:12.823,2519.0000,426998,2,0.0000,4.0000,3,1,空开,S,2519.0000,0.0000,0.0000,0.0000,0.0000,2520.0000,0.0000,0.0000,0.0000,0.0000,59,0,0,0,0,36,0,0,0,0
zc,WS301,2012-06-19 09:03:13.307,2520.0000,427000,2,0.0000,2.0000,2,0,双开,B,2519.0000,0.0000,0.0000,0.0000,0.0000,2520.0000,0.0000,0.0000,0.0000,0.0000,63,0,0,0,0,35,0,0,0,0
zc,WS301,2012-06-19 09:03:14.573,2520.0000,427000,0,0.0000,0.0000,0,0,多换,B,2519.0000,0.0000,0.0000,0.0000,0.0000,2520.0000,0.0000,0.0000,0.0000,0.0000,63,0,0,0,0,36,0,0,0,0
zc,WS301,2012-06-19 09:03:15.293,2520.0000,427000,0,0.0000,16.0000,8,8,多换,B,2519.0000,0.0000,0.0000,0.0000,0.0000,2520.0000,0.0000,0.0000,0.0000,0.0000,63,0,0,0,0,27,0,0,0,0
zc,WS301,2012-06-19 09:03:15.807,2520.0000,427002,2,0.0000,2.0000,2,0,双开,B,2519.0000,0.0000,0.0000,0.0000,0.0000,2520.0000,0.0000,0.0000,0.0000,0.0000,65,0,0,0,0,26,0,0,0,0
zc,WS301,2012-06-19 09:03:16.543,2519.0000,427000,-2,0.0000,4.0000,1,3,多平,S,2519.0000,0.0000,0.0000,0.0000,0.0000,2520.0000,0.0000,0.0000,0.0000,0.0000,64,0,0,0,0,26,0,0,0,0
zc,WS301,2012-06-19 09:03:17.057,2520.0000,427002,2,0.0000,2.0000,2,0,双开,B,2519.0000,0.0000,0.0000,0.0000,0.0000,2520.0000,0.0000,0.0000,0.0000,0.0000,62,0,0,0,0,26,0,0,0,0
zc,WS301,2012-06-19 09:03:17.557,2520.0000,427020,18,0.0000,18.0000,18,0,双开,B,2519.0000,0.0000,0.0000,0.0000,0.0000,2520.0000,0.0000,0.0000,0.0000,0.0000,71,0,0,0,0,27,0,0,0,0
zc,WS301,2012-06-19 09:03:18.293,2520.0000,427020,0,0.0000,0.0000,0,0,多换,B,2519.0000,0.0000,0.0000,0.0000,0.0000,2520.0000,0.0000,0.0000,0.0000,0.0000,88,0,0,0,0,27,0,0,0,0
zc,WS301,2012-06-19 09:03:19.057,2520.0000,427022,2,0.0000,4.0000,3,1,多开,B,2519.0000,0.0000,0.0000,0.0000,0.0000,2520.0000,0.0000,0.0000,0.0000,0.0000,87,0,0,0,0,26,0,0,0,0
zc,WS301,2012-06-19 09:03:19.837,2519.0000,427024,2,0.0000,4.0000,3,1,空开,S,2519.0000,0.0000,0.0000,0.0000,0.0000,2520.0000,0.0000,0.0000,0.0000,0.0000,86,0,0,0,0,26,0,0,0,0
zc,WS301,2012-06-19 09:03:20.293,2519.0000,427024,0,0.0000,0.0000,0,0,空换,S,2519.0000,0.0000,0.0000,0.0000,0.0000,2520.0000,0.0000,0.0000,0.0000,0.0000,87,0,0,0,0,34,0,0,0,0
zc,WS301,2012-06-19 09:03:20.837,2520.0000,426988,-36,0.0000,42.0000,3,39,空平,B,2519.0000,0.0000,0.0000,0.0000,0.0000,2520.0000,0.0000,0.0000,0.0000,0.0000,76,0,0,0,0,23,0,0,0,0
zc,WS301,2012-06-19 09:03:21.293,2520.0000,426988,0,0.0000,0.0000,0,0,多换,B,2519.0000,0.0000,0.0000,0.0000,0.0000,2520.0000,0.0000,0.0000,0.0000,0.0000,76,0,0,0,0,25,0,0,0,0
zc,WS301,2012-06-19 09:03:22.057,2520.0000,426986,-2,0.0000,2.0000,0,2,双平,B,2519.0000,0.0000,0.0000,0.0000,0.0000,2520.0000,0.0000,0.0000,0.0000,0.0000,75,0,0,0,0,24,0,0,0,0
zc,WS301,2012-06-19 09:03:22.573,2520.0000,426986,0,0.0000,40.0000,20,20,多换,B,2519.0000,0.0000,0.0000,0.0000,0.0000,2520.0000,0.0000,0.0000,0.0000,0.0000,75,0,0,0,0,4,0,0,0,0
zc,WS301,2012-06-19 09:03:23.323,2519.0000,426986,0,0.0000,20.0000,10,10,空换,S,2519.0000,0.0000,0.0000,0.0000,0.0000,2520.0000,0.0000,0.0000,0.0000,0.0000,93,0,0,0,0,4,0,0,0,0
zc,WS301,2012-06-19 09:03:23.777,2520.0000,426986,0,0.0000,2.0000,1,1,多换,B,2519.0000,0.0000,0.0000,0.0000,0.0000,2520.0000,0.0000,0.0000,0.0000,0.0000,95,0,0,0,0,4,0,0,0,0
zc,WS301,2012-06-19 09:03:24.603,2519.0000,426988,2,0.0000,64.0000,33,31,空开,S,2519.0000,0.0000,0.0000,0.0000,0.0000,2520.0000,0.0000,0.0000,0.0000,0.0000,89,0,0,0,0,4,0,0,0,0
zc,WS301,2012-06-19 09:03:25.087,2520.0000,426988,0,0.0000,2.0000,1,1,多换,B,2519.0000,0.0000,0.0000,0.0000,0.0000,2520.0000,0.0000,0.0000,0.0000,0.0000,89,0,0,0,0,3,0,0,0,0
zc,WS301,2012-06-19 09:03:25.557,2520.0000,426992,4,0.0000,10.0000,7,3,多开,B,2520.0000,0.0000,0.0000,0.0000,0.0000,2521.0000,0.0000,0.0000,0.0000,0.0000,27,0,0,0,0,116,0,0,0,0
zc,WS301,2012-06-19 09:03:26.323,2520.0000,426996,4,0.0000,26.0000,15,11,多开,B,2520.0000,0.0000,0.0000,0.0000,0.0000,2521.0000,0.0000,0.0000,0.0000,0.0000,14,0,0,0,0,117,0,0,0,0
zc,WS301,2012-06-19 09:03:27.043,2521.0000,427004,8,0.0000,54.0000,31,23,多开,B,2519.0000,0.0000,0.0000,0.0000,0.0000,2520.0000,0.0000,0.0000,0.0000,0.0000,97,0,0,0,0,1,0,0,0,0
zc,WS301,2012-06-19 09:03:27.837,2521.0000,427004,0,0.0000,0.0000,0,0,多换,B,2519.0000,0.0000,0.0000,0.0000,0.0000,2520.0000,0.0000,0.0000,0.0000,0.0000,158,0,0,0,0,2,0,0,0,0
zc,WS301,2012-06-19 09:03:28.323,2519.0000,427004,0,0.0000,24.0000,12,12,空换,S,2519.0000,0.0000,0.0000,0.0000,0.0000,2520.0000,0.0000,0.0000,0.0000,0.0000,147,0,0,0,0,2,0,0,0,0
zc,WS301,2012-06-19 09:03:29.137,2520.0000,427002,-2,0.0000,4.0000,1,3,空平,B,2520.0000,0.0000,0.0000,0.0000,0.0000,2521.0000,0.0000,0.0000,0.0000,0.0000,106,0,0,0,0,121,0,0,0,0
zc,WS301,2012-06-19 09:03:29.307,2520.0000,427002,0,0.0000,40.0000,20,20,多换,B,2520.0000,0.0000,0.0000,0.0000,0.0000,2521.0000,0.0000,0.0000,0.0000,0.0000,86,0,0,0,0,120,0,0,0,0
zc,WS301,2012-06-19 09:03:30.323,2521.0000,426992,-10,0.0000,28.0000,9,19,空平,B,2520.0000,0.0000,0.0000,0.0000,0.0000,2521.0000,0.0000,0.0000,0.0000,0.0000,86,0,0,0,0,113,0,0,0,0
zc,WS301,2012-06-19 09:03:30.603,2520.0000,426952,-40,0.0000,52.0000,6,46,多平,S,2520.0000,0.0000,0.0000,0.0000,0.0000,2521.0000,0.0000,0.0000,0.0000,0.0000,60,0,0,0,0,114,0,0,0,0
zc,WS301,2012-06-19 09:03:31.323,2520.0000,426950,-2,0.0000,2.0000,0,2,双平,S,2520.0000,0.0000,0.0000,0.0000,0.0000,2521.0000,0.0000,0.0000,0.0000,0.0000,60,0,0,0,0,113,0,0,0,0
zc,WS301,2012-06-19 09:03:32.043,2520.0000,426950,0,0.0000,4.0000,2,2,空换,S,2520.0000,0.0000,0.0000,0.0000,0.0000,2521.0000,0.0000,0.0000,0.0000,0.0000,59,0,0,0,0,104,0,0,0,0
zc,WS301,2012-06-19 09:03:32.793,2520.0000,426950,0,0.0000,0.0000,0,0,空换,S,2520.0000,0.0000,0.0000,0.0000,0.0000,2521.0000,0.0000,0.0000,0.0000,0.0000,60,0,0,0,0,107,0,0,0,0
zc,WS301,2012-06-19 09:03:33.337,2520.0000,426946,-4,0.0000,6.0000,1,5,多平,S,2520.0000,0.0000,0.0000,0.0000,0.0000,2521.0000,0.0000,0.0000,0.0000,0.0000,57,0,0,0,0,107,0,0,0,0
zc,WS301,2012-06-19 09:03:34.057,2520.0000,426944,-2,0.0000,2.0000,0,2,双平,S,2520.0000,0.0000,0.0000,0.0000,0.0000,2521.0000,0.0000,0.0000,0.0000,0.0000,56,0,0,0,0,107,0,0,0,0
zc,WS301,2012-06-19 09:03:34.337,2520.0000,426942,-2,0.0000,2.0000,0,2,双平,S,2520.0000,0.0000,0.0000,0.0000,0.0000,2521.0000,0.0000,0.0000,0.0000,0.0000,55,0,0,0,0,107,0,0,0,0
zc,WS301,2012-06-19 09:03:35.043,2520.0000,426840,-102,0.0000,102.0000,0,102,双平,S,2520.0000,0.0000,0.0000,0.0000,0.0000,2521.0000,0.0000,0.0000,0.0000,0.0000,34,0,0,0,0,109,0,0,0,0
zc,WS301,2012-06-19 09:03:35.527,2520.0000,426840,0,0.0000,0.0000,0,0,空换,S,2520.0000,0.0000,0.0000,0.0000,0.0000,2521.0000,0.0000,0.0000,0.0000,0.0000,65,0,0,0,0,109,0,0,0,0
zc,WS301,2012-06-19 09:03:36.277,2521.0000,426836,-4,0.0000,4.0000,0,4,双平,B,2520.0000,0.0000,0.0000,0.0000,0.0000,2521.0000,0.0000,0.0000,0.0000,0.0000,75,0,0,0,0,108,0,0,0,0
zc,WS301,2012-06-19 09:03:36.747,2521.0000,426836,0,0.0000,0.0000,0,0,多换,B,2520.0000,0.0000,0.0000,0.0000,0.0000,2521.0000,0.0000,0.0000,0.0000,0.0000,77,0,0,0,0,108,0,0,0,0
zc,WS301,2012-06-19 09:03:37.323,2521.0000,426836,0,0.0000,0.0000,0,0,多换,B,2520.0000,0.0000,0.0000,0.0000,0.0000,2521.0000,0.0000,0.0000,0.0000,0.0000,79,0,0,0,0,108,0,0,0,0
zc,WS301,2012-06-19 09:03:38.073,2521.0000,426836,0,0.0000,20.0000,10,10,多换,B,2520.0000,0.0000,0.0000,0.0000,0.0000,2521.0000,0.0000,0.0000,0.0000,0.0000,79,0,0,0,0,127,0,0,0,0
zc,WS301,2012-06-19 09:03:38.587,2520.0000,426834,-2,0.0000,4.0000,1,3,多平,S,2520.0000,0.0000,0.0000,0.0000,0.0000,2521.0000,0.0000,0.0000,0.0000,0.0000,87,0,0,0,0,132,0,0,0,0
zc,WS301,2012-06-19 09:03:39.337,2520.0000,426844,10,0.0000,18.0000,14,4,空开,S,2520.0000,0.0000,0.0000,0.0000,0.0000,2521.0000,0.0000,0.0000,0.0000,0.0000,82,0,0,0,0,131,0,0,0,0
zc,WS301,2012-06-19 09:03:39.837,2521.0000,426844,0,0.0000,4.0000,2,2,多换,B,2520.0000,0.0000,0.0000,0.0000,0.0000,2521.0000,0.0000,0.0000,0.0000,0.0000,82,0,0,0,0,128,0,0,0,0
zc,WS301,2012-06-19 09:03:40.543,2521.0000,426844,0,0.0000,0.0000,0,0,多换,B,2520.0000,0.0000,0.0000,0.0000,0.0000,2521.0000,0.0000,0.0000,0.0000,0.0000,93,0,0,0,0,127,0,0,0,0
zc,WS301,2012-06-19 09:03:41.043,2521.0000,426844,0,0.0000,0.0000,0,0,多换,B,2520.0000,0.0000,0.0000,0.0000,0.0000,2521.0000,0.0000,0.0000,0.0000,0.0000,94,0,0,0,0,139,0,0,0,0
zc,WS301,2012-06-19 09:03:41.777,2520.0000,426846,2,0.0000,2.0000,2,0,双开,S,2520.0000,0.0000,0.0000,0.0000,0.0000,2521.0000,0.0000,0.0000,0.0000,0.0000,94,0,0,0,0,139,0,0,0,0
zc,WS301,2012-06-19 09:03:42.557,2520.0000,426846,0,0.0000,6.0000,3,3,空换,S,2520.0000,0.0000,0.0000,0.0000,0.0000,2521.0000,0.0000,0.0000,0.0000,0.0000,95,0,0,0,0,138,0,0,0,0
zc,WS301,2012-06-19 09:03:43.337,2520.0000,426846,0,0.0000,0.0000,0,0,空换,S,2520.0000,0.0000,0.0000,0.0000,0.0000,2521.0000,0.0000,0.0000,0.0000,0.0000,115,0,0,0,0,139,0,0,0,0
zc,WS301,2012-06-19 09:03:43.823,2520.0000,426846,0,0.0000,0.0000,0,0,空换,S,2520.0000,0.0000,0.0000,0.0000,0.0000,2521.0000,0.0000,0.0000,0.0000,0.0000,116,0,0,0,0,149,0,0,0,0
zc,WS301,2012-06-19 09:03:44.603,2521.0000,426846,0,0.0000,6.0000,3,3,多换,B,2520.0000,0.0000,0.0000,0.0000,0.0000,2521.0000,0.0000,0.0000,0.0000,0.0000,116,0,0,0,0,146,0,0,0,0
zc,WS301,2012-06-19 09:03:45.370,2520.0000,426874,28,0.0000,28.0000,28,0,双开,S,2520.0000,0.0000,0.0000,0.0000,0.0000,2521.0000,0.0000,0.0000,0.0000,0.0000,121,0,0,0,0,148,0,0,0,0
zc,WS301,2012-06-19 09:03:46.150,2521.0000,426872,-2,0.0000,26.0000,12,14,空平,B,2520.0000,0.0000,0.0000,0.0000,0.0000,2521.0000,0.0000,0.0000,0.0000,0.0000,118,0,0,0,0,139,0,0,0,0
zc,WS301,2012-06-19 09:03:46.587,2520.0000,426872,0,0.0000,4.0000,2,2,空换,S,2520.0000,0.0000,0.0000,0.0000,0.0000,2521.0000,0.0000,0.0000,0.0000,0.0000,118,0,0,0,0,139,0,0,0,0
zc,WS301,2012-06-19 09:03:47.337,2520.0000,426872,0,0.0000,0.0000,0,0,空换,S,2520.0000,0.0000,0.0000,0.0000,0.0000,2521.0000,0.0000,0.0000,0.0000,0.0000,120,0,0,0,0,136,0,0,0,0
zc,WS301,2012-06-19 09:03:48.073,2520.0000,426872,0,0.0000,0.0000,0,0,空换,S,2520.0000,0.0000,0.0000,0.0000,0.0000,2521.0000,0.0000,0.0000,0.0000,0.0000,132,0,0,0,0,136,0,0,0,0
zc,WS301,2012-06-19 09:03:48.587,2521.0000,426872,0,0.0000,20.0000,10,10,多换,B,2520.0000,0.0000,0.0000,0.0000,0.0000,2521.0000,0.0000,0.0000,0.0000,0.0000,141,0,0,0,0,126,0,0,0,0
zc,WS301,2012-06-19 09:03:49.307,2521.0000,426872,0,0.0000,4.0000,2,2,多换,B,2520.0000,0.0000,0.0000,0.0000,0.0000,2521.0000,0.0000,0.0000,0.0000,0.0000,142,0,0,0,0,134,0,0,0,0
zc,WS301,2012-06-19 09:03:50.073,2521.0000,426846,-26,0.0000,122.0000,48,74,空平,B,2520.0000,0.0000,0.0000,0.0000,0.0000,2521.0000,0.0000,0.0000,0.0000,0.0000,135,0,0,0,0,94,0,0,0,0
zc,WS301,2012-06-19 09:03:50.573,2520.0000,426846,0,0.0000,2.0000,1,1,空换,S,2520.0000,0.0000,0.0000,0.0000,0.0000,2521.0000,0.0000,0.0000,0.0000,0.0000,137,0,0,0,0,93,0,0,0,0
zc,WS301,2012-06-19 09:03:51.260,2520.0000,426846,0,0.0000,18.0000,9,9,空换,S,2520.0000,0.0000,0.0000,0.0000,0.0000,2521.0000,0.0000,0.0000,0.0000,0.0000,136,0,0,0,0,86,0,0,0,0
zc,WS301,2012-06-19 09:03:51.760,2521.0000,426866,20,0.0000,174.0000,97,77,多开,B,2521.0000,0.0000,0.0000,0.0000,0.0000,2522.0000,0.0000,0.0000,0.0000,0.0000,13,0,0,0,0,658,0,0,0,0
zc,WS301,2012-06-19 09:03:52.620,2521.0000,426866,0,0.0000,52.0000,26,26,多换,B,2521.0000,0.0000,0.0000,0.0000,0.0000,2522.0000,0.0000,0.0000,0.0000,0.0000,1,0,0,0,0,658,0,0,0,0
zc,WS301,2012-06-19 09:03:53.057,2521.0000,426866,0,0.0000,2.0000,1,1,多换,B,2520.0000,0.0000,0.0000,0.0000,0.0000,2522.0000,0.0000,0.0000,0.0000,0.0000,125,0,0,0,0,657,0,0,0,0
zc,WS301,2012-06-19 09:03:53.793,2521.0000,426866,0,0.0000,0.0000,0,0,多换,B,2520.0000,0.0000,0.0000,0.0000,0.0000,2522.0000,0.0000,0.0000,0.0000,0.0000,125,0,0,0,0,659,0,0,0,0
zc,WS301,2012-06-19 09:03:54.087,2521.0000,426866,0,0.0000,0.0000,0,0,多换,B,2521.0000,0.0000,0.0000,0.0000,0.0000,2522.0000,0.0000,0.0000,0.0000,0.0000,1,0,0,0,0,657,0,0,0,0
zc,WS301,2012-06-19 09:03:55.087,2521.0000,426866,0,0.0000,2.0000,1,1,多换,B,2520.0000,0.0000,0.0000,0.0000,0.0000,2522.0000,0.0000,0.0000,0.0000,0.0000,128,0,0,0,0,656,0,0,0,0
zc,WS301,2012-06-19 09:03:55.307,2521.0000,426866,0,0.0000,2.0000,1,1,多换,B,2520.0000,0.0000,0.0000,0.0000,0.0000,2521.0000,0.0000,0.0000,0.0000,0.0000,125,0,0,0,0,7,0,0,0,0
zc,WS301,2012-06-19 09:03:56.103,2521.0000,426866,0,0.0000,2.0000,1,1,多换,B,2520.0000,0.0000,0.0000,0.0000,0.0000,2521.0000,0.0000,0.0000,0.0000,0.0000,126,0,0,0,0,7,0,0,0,0
zc,WS301,2012-06-19 09:03:56.603,2520.0000,426866,0,0.0000,10.0000,5,5,空换,S,2520.0000,0.0000,0.0000,0.0000,0.0000,2521.0000,0.0000,0.0000,0.0000,0.0000,125,0,0,0,0,70,0,0,0,0
zc,WS301,2012-06-19 09:03:57.260,2520.0000,426866,0,0.0000,0.0000,0,0,空换,S,2520.0000,0.0000,0.0000,0.0000,0.0000,2521.0000,0.0000,0.0000,0.0000,0.0000,125,0,0,0,0,72,0,0,0,0
zc,WS301,2012-06-19 09:03:58.587,2520.0000,426870,4,0.0000,20.0000,12,8,空开,S,2520.0000,0.0000,0.0000,0.0000,0.0000,2521.0000,0.0000,0.0000,0.0000,0.0000,124,0,0,0,0,64,0,0,0,0
zc,WS301,2012-06-19 09:03:59.760,2520.0000,426870,0,0.0000,0.0000,0,0,空换,S,2520.0000,0.0000,0.0000,0.0000,0.0000,2521.0000,0.0000,0.0000,0.0000,0.0000,126,0,0,0,0,64,0,0,0,0
zc,WS301,2012-06-19 09:04:00.573,2520.0000,426870,0,0.0000,0.0000,0,0,空换,S,2520.0000,0.0000,0.0000,0.0000,0.0000,2521.0000,0.0000,0.0000,0.0000,0.0000,126,0,0,0,0,65,0,0,0,0
zc,WS301,2012-06-19 09:04:01.043,2520.0000,426870,0,0.0000,0.0000,0,0,空换,S,2520.0000,0.0000,0.0000,0.0000,0.0000,2521.0000,0.0000,0.0000,0.0000,0.0000,126,0,0,0,0,221,0,0,0,0
zc,WS301,2012-06-19 09:04:01.793,2521.0000,426870,0,0.0000,2.0000,1,1,多换,B,2520.0000,0.0000,0.0000,0.0000,0.0000,2521.0000,0.0000,0.0000,0.0000,0.0000,126,0,0,0,0,223,0,0,0,0
zc,WS301,2012-06-19 09:04:02.010,2521.0000,426870,0,0.0000,0.0000,0,0,多换,B,2520.0000,0.0000,0.0000,0.0000,0.0000,2521.0000,0.0000,0.0000,0.0000,0.0000,126,0,0,0,0,226,0,0,0,0
zc,WS301,2012-06-19 09:04:03.433,2521.0000,426870,0,0.0000,0.0000,0,0,多换,B,2520.0000,0.0000,0.0000,0.0000,0.0000,2521.0000,0.0000,0.0000,0.0000,0.0000,128,0,0,0,0,226,0,0,0,0
zc,WS301,2012-06-19 09:04:04.043,2520.0000,426870,0,0.0000,4.0000,2,2,空换,S,2520.0000,0.0000,0.0000,0.0000,0.0000,2521.0000,0.0000,0.0000,0.0000,0.0000,126,0,0,0,0,226,0,0,0,0
zc,WS301,2012-06-19 09:04:04.587,2521.0000,426870,0,0.0000,22.0000,11,11,多换,B,2520.0000,0.0000,0.0000,0.0000,0.0000,2521.0000,0.0000,0.0000,0.0000,0.0000,126,0,0,0,0,215,0,0,0,0
zc,WS301,2012-06-19 09:04:05.293,2520.0000,426870,0,0.0000,4.0000,2,2,空换,S,2520.0000,0.0000,0.0000,0.0000,0.0000,2521.0000,0.0000,0.0000,0.0000,0.0000,125,0,0,0,0,222,0,0,0,0
zc,WS301,2012-06-19 09:04:05.793,2520.0000,426870,0,0.0000,8.0000,4,4,空换,S,2520.0000,0.0000,0.0000,0.0000,0.0000,2521.0000,0.0000,0.0000,0.0000,0.0000,122,0,0,0,0,220,0,0,0,0
zc,WS301,2012-06-19 09:04:06.587,2520.0000,426870,0,0.0000,4.0000,2,2,空换,S,2520.0000,0.0000,0.0000,0.0000,0.0000,2521.0000,0.0000,0.0000,0.0000,0.0000,120,0,0,0,0,220,0,0,0,0
zc,WS301,2012-06-19 09:04:07.027,2521.0000,426870,0,0.0000,20.0000,10,10,多换,B,2520.0000,0.0000,0.0000,0.0000,0.0000,2521.0000,0.0000,0.0000,0.0000,0.0000,130,0,0,0,0,210,0,0,0,0
zc,WS301,2012-06-19 09:04:07.823,2520.0000,426850,-20,0.0000,30.0000,5,25,多平,S,2520.0000,0.0000,0.0000,0.0000,0.0000,2521.0000,0.0000,0.0000,0.0000,0.0000,217,0,0,0,0,208,0,0,0,0
zc,WS301,2012-06-19 09:04:09.043,2521.0000,426850,0,0.0000,2.0000,1,1,多换,B,2520.0000,0.0000,0.0000,0.0000,0.0000,2521.0000,0.0000,0.0000,0.0000,0.0000,217,0,0,0,0,212,0,0,0,0
zc,WS301,2012-06-19 09:04:09.807,2520.0000,426854,4,0.0000,12.0000,8,4,空开,S,2520.0000,0.0000,0.0000,0.0000,0.0000,2521.0000,0.0000,0.0000,0.0000,0.0000,216,0,0,0,0,209,0,0,0,0
zc,WS301,2012-06-19 09:04:10.307,2520.0000,426854,0,0.0000,0.0000,0,0,空换,S,2520.0000,0.0000,0.0000,0.0000,0.0000,2521.0000,0.0000,0.0000,0.0000,0.0000,217,0,0,0,0,209,0,0,0,0
zc,WS301,2012-06-19 09:04:11.087,2521.0000,426846,-8,0.0000,16.0000,4,12,空平,B,2520.0000,0.0000,0.0000,0.0000,0.0000,2521.0000,0.0000,0.0000,0.0000,0.0000,211,0,0,0,0,208,0,0,0,0
zc,WS301,2012-06-19 09:04:11.527,2521.0000,426846,0,0.0000,0.0000,0,0,多换,B,2520.0000,0.0000,0.0000,0.0000,0.0000,2521.0000,0.0000,0.0000,0.0000,0.0000,211,0,0,0,0,209,0,0,0,0
zc,WS301,2012-06-19 09:04:12.260,2520.0000,426846,0,0.0000,2.0000,1,1,空换,S,2520.0000,0.0000,0.0000,0.0000,0.0000,2521.0000,0.0000,0.0000,0.0000,0.0000,210,0,0,0,0,210,0,0,0,0
zc,WS301,2012-06-19 09:04:12.760,2520.0000,426838,-8,0.0000,22.0000,7,15,多平,S,2520.0000,0.0000,0.0000,0.0000,0.0000,2521.0000,0.0000,0.0000,0.0000,0.0000,204,0,0,0,0,210,0,0,0,0
zc,WS301,2012-06-19 09:04:13.497,2521.0000,426838,0,0.0000,2.0000,1,1,多换,B,2520.0000,0.0000,0.0000,0.0000,0.0000,2521.0000,0.0000,0.0000,0.0000,0.0000,193,0,0,0,0,209,0,0,0,0
zc,WS301,2012-06-19 09:04:14.043,2521.0000,426838,0,0.0000,0.0000,0,0,多换,B,2520.0000,0.0000,0.0000,0.0000,0.0000,2521.0000,0.0000,0.0000,0.0000,0.0000,203,0,0,0,0,209,0,0,0,0
zc,WS301,2012-06-19 09:04:14.807,2521.0000,426838,0,0.0000,0.0000,0,0,多换,B,2520.0000,0.0000,0.0000,0.0000,0.0000,2521.0000,0.0000,0.0000,0.0000,0.0000,203,0,0,0,0,210,0,0,0,0
zc,WS301,2012-06-19 09:04:15.277,2521.0000,426838,0,0.0000,0.0000,0,0,多换,B,2520.0000,0.0000,0.0000,0.0000,0.0000,2521.0000,0.0000,0.0000,0.0000,0.0000,203,0,0,0,0,211,0,0,0,0
zc,WS301,2012-06-19 09:04:16.043,2521.0000,426838,0,0.0000,0.0000,0,0,多换,B,2520.0000,0.0000,0.0000,0.0000,0.0000,2521.0000,0.0000,0.0000,0.0000,0.0000,204,0,0,0,0,253,0,0,0,0
zc,WS301,2012-06-19 09:04:16.557,2520.0000,426838,0,0.0000,4.0000,2,2,空换,S,2520.0000,0.0000,0.0000,0.0000,0.0000,2521.0000,0.0000,0.0000,0.0000,0.0000,202,0,0,0,0,252,0,0,0,0
zc,WS301,2012-06-19 09:04:17.027,2520.0000,426838,0,0.0000,0.0000,0,0,空换,S,2520.0000,0.0000,0.0000,0.0000,0.0000,2521.0000,0.0000,0.0000,0.0000,0.0000,203,0,0,0,0,257,0,0,0,0
zc,WS301,2012-06-19 09:04:17.497,2520.0000,426838,0,0.0000,48.0000,24,24,空换,S,2520.0000,0.0000,0.0000,0.0000,0.0000,2521.0000,0.0000,0.0000,0.0000,0.0000,202,0,0,0,0,236,0,0,0,0
zc,WS301,2012-06-19 09:04:18.307,2520.0000,426838,0,0.0000,2.0000,1,1,空换,S,2520.0000,0.0000,0.0000,0.0000,0.0000,2521.0000,0.0000,0.0000,0.0000,0.0000,223,0,0,0,0,236,0,0,0,0
zc,WS301,2012-06-19 09:04:18.777,2521.0000,426842,4,0.0000,40.0000,22,18,多开,B,2520.0000,0.0000,0.0000,0.0000,0.0000,2521.0000,0.0000,0.0000,0.0000,0.0000,223,0,0,0,0,225,0,0,0,0
zc,WS301,2012-06-19 09:04:19.557,2521.0000,426840,-2,0.0000,22.0000,10,12,空平,B,2520.0000,0.0000,0.0000,0.0000,0.0000,2521.0000,0.0000,0.0000,0.0000,0.0000,225,0,0,0,0,234,0,0,0,0
zc,WS301,2012-06-19 09:04:20.043,2520.0000,426974,134,0.0000,168.0000,151,17,空开,S,2520.0000,0.0000,0.0000,0.0000,0.0000,2521.0000,0.0000,0.0000,0.0000,0.0000,141,0,0,0,0,234,0,0,0,0
zc,WS301,2012-06-19 09:04:21.307,2520.0000,426974,0,0.0000,10.0000,5,5,空换,S,2520.0000,0.0000,0.0000,0.0000,0.0000,2521.0000,0.0000,0.0000,0.0000,0.0000,137,0,0,0,0,235,0,0,0,0
zc,WS301,2012-06-19 09:04:22.557,2520.0000,426974,0,0.0000,0.0000,0,0,空换,S,2520.0000,0.0000,0.0000,0.0000,0.0000,2521.0000,0.0000,0.0000,0.0000,0.0000,146,0,0,0,0,234,0,0,0,0
zc,WS301,2012-06-19 09:04:23.777,2521.0000,426974,0,0.0000,4.0000,2,2,多换,B,2520.0000,0.0000,0.0000,0.0000,0.0000,2521.0000,0.0000,0.0000,0.0000,0.0000,145,0,0,0,0,233,0,0,0,0
zc,WS301,2012-06-19 09:04:24.293,2520.0000,426974,0,0.0000,2.0000,1,1,空换,S,2520.0000,0.0000,0.0000,0.0000,0.0000,2521.0000,0.0000,0.0000,0.0000,0.0000,161,0,0,0,0,233,0,0,0,0
zc,WS301,2012-06-19 09:04:25.057,2520.0000,426974,0,0.0000,0.0000,0,0,空换,S,2520.0000,0.0000,0.0000,0.0000,0.0000,2521.0000,0.0000,0.0000,0.0000,0.0000,162,0,0,0,0,233,0,0,0,0
zc,WS301,2012-06-19 09:04:25.543,2520.0000,426974,0,0.0000,0.0000,0,0,空换,S,2520.0000,0.0000,0.0000,0.0000,0.0000,2521.0000,0.0000,0.0000,0.0000,0.0000,164,0,0,0,0,233,0,0,0,0
zc,WS301,2012-06-19 09:04:26.293,2520.0000,426974,0,0.0000,0.0000,0,0,空换,S,2520.0000,0.0000,0.0000,0.0000,0.0000,2521.0000,0.0000,0.0000,0.0000,0.0000,169,0,0,0,0,233,0,0,0,0
zc,WS301,2012-06-19 09:04:26.760,2520.0000,426974,0,0.0000,0.0000,0,0,空换,S,2520.0000,0.0000,0.0000,0.0000,0.0000,2521.0000,0.0000,0.0000,0.0000,0.0000,169,0,0,0,0,223,0,0,0,0
zc,WS301,2012-06-19 09:04:27.527,2520.0000,426974,0,0.0000,20.0000,10,10,空换,S,2520.0000,0.0000,0.0000,0.0000,0.0000,2521.0000,0.0000,0.0000,0.0000,0.0000,159,0,0,0,0,223,0,0,0,0
zc,WS301,2012-06-19 09:04:28.057,2520.0000,426974,0,0.0000,0.0000,0,0,空换,S,2520.0000,0.0000,0.0000,0.0000,0.0000,2521.0000,0.0000,0.0000,0.0000,0.0000,157,0,0,0,0,223,0,0,0,0
zc,WS301,2012-06-19 09:04:28.527,2520.0000,426974,0,0.0000,0.0000,0,0,空换,S,2520.0000,0.0000,0.0000,0.0000,0.0000,2521.0000,0.0000,0.0000,0.0000,0.0000,158,0,0,0,0,223,0,0,0,0
zc,WS301,2012-06-19 09:04:29.323,2520.0000,426974,0,0.0000,0.0000,0,0,空换,S,2520.0000,0.0000,0.0000,0.0000,0.0000,2521.0000,0.0000,0.0000,0.0000,0.0000,160,0,0,0,0,223,0,0,0,0
zc,WS301,2012-06-19 09:04:29.837,2520.0000,426974,0,0.0000,0.0000,0,0,空换,S,2520.0000,0.0000,0.0000,0.0000,0.0000,2521.0000,0.0000,0.0000,0.0000,0.0000,172,0,0,0,0,223,0,0,0,0
zc,WS301,2012-06-19 09:04:30.557,2521.0000,426970,-4,0.0000,4.0000,0,4,双平,B,2520.0000,0.0000,0.0000,0.0000,0.0000,2521.0000,0.0000,0.0000,0.0000,0.0000,172,0,0,0,0,221,0,0,0,0
zc,WS301,2012-06-19 09:04:31.057,2521.0000,426970,0,0.0000,0.0000,0,0,多换,B,2520.0000,0.0000,0.0000,0.0000,0.0000,2521.0000,0.0000,0.0000,0.0000,0.0000,173,0,0,0,0,222,0,0,0,0
zc,WS301,2012-06-19 09:04:31.777,2520.0000,426970,0,0.0000,22.0000,11,11,空换,S,2520.0000,0.0000,0.0000,0.0000,0.0000,2521.0000,0.0000,0.0000,0.0000,0.0000,187,0,0,0,0,222,0,0,0,0
zc,WS301,2012-06-19 09:04:32.277,2521.0000,426970,0,0.0000,2.0000,1,1,多换,B,2520.0000,0.0000,0.0000,0.0000,0.0000,2521.0000,0.0000,0.0000,0.0000,0.0000,187,0,0,0,0,221,0,0,0,0
zc,WS301,2012-06-19 09:04:33.057,2520.0000,426972,2,0.0000,2.0000,2,0,双开,S,2520.0000,0.0000,0.0000,0.0000,0.0000,2521.0000,0.0000,0.0000,0.0000,0.0000,187,0,0,0,0,232,0,0,0,0
zc,WS301,2012-06-19 09:04:33.307,2520.0000,426972,0,0.0000,14.0000,7,7,空换,S,2520.0000,0.0000,0.0000,0.0000,0.0000,2521.0000,0.0000,0.0000,0.0000,0.0000,220,0,0,0,0,232,0,0,0,0
zc,WS301,2012-06-19 09:04:34.307,2520.0000,426972,0,0.0000,0.0000,0,0,空换,S,2520.0000,0.0000,0.0000,0.0000,0.0000,2521.0000,0.0000,0.0000,0.0000,0.0000,250,0,0,0,0,232,0,0,0,0
zc,WS301,2012-06-19 09:04:35.307,2520.0000,426972,0,0.0000,0.0000,0,0,空换,S,2520.0000,0.0000,0.0000,0.0000,0.0000,2521.0000,0.0000,0.0000,0.0000,0.0000,260,0,0,0,0,232,0,0,0,0
zc,WS301,2012-06-19 09:04:36.103,2520.0000,426972,0,0.0000,2.0000,1,1,空换,S,2520.0000,0.0000,0.0000,0.0000,0.0000,2521.0000,0.0000,0.0000,0.0000,0.0000,264,0,0,0,0,232,0,0,0,0
zc,WS301,2012-06-19 09:04:37.120,2521.0000,426970,-2,0.0000,10.0000,4,6,空平,B,2520.0000,0.0000,0.0000,0.0000,0.0000,2521.0000,0.0000,0.0000,0.0000,0.0000,274,0,0,0,0,226,0,0,0,0
zc,WS301,2012-06-19 09:04:37.650,2520.0000,426972,2,0.0000,2.0000,2,0,双开,S,2520.0000,0.0000,0.0000,0.0000,0.0000,2521.0000,0.0000,0.0000,0.0000,0.0000,275,0,0,0,0,227,0,0,0,0
zc,WS301,2012-06-19 09:04:38.307,2521.0000,426972,0,0.0000,10.0000,5,5,多换,B,2520.0000,0.0000,0.0000,0.0000,0.0000,2521.0000,0.0000,0.0000,0.0000,0.0000,268,0,0,0,0,224,0,0,0,0
zc,WS301,2012-06-19 09:04:39.277,2520.0000,426972,0,0.0000,2.0000,1,1,空换,S,2520.0000,0.0000,0.0000,0.0000,0.0000,2521.0000,0.0000,0.0000,0.0000,0.0000,268,0,0,0,0,222,0,0,0,0
zc,WS301,2012-06-19 09:04:39.730,2521.0000,426972,0,0.0000,74.0000,37,37,多换,B,2520.0000,0.0000,0.0000,0.0000,0.0000,2521.0000,0.0000,0.0000,0.0000,0.0000,260,0,0,0,0,194,0,0,0,0
zc,WS301,2012-06-19 09:04:40.557,2521.0000,426974,2,0.0000,42.0000,22,20,多开,B,2520.0000,0.0000,0.0000,0.0000,0.0000,2521.0000,0.0000,0.0000,0.0000,0.0000,259,0,0,0,0,174,0,0,0,0
zc,WS301,2012-06-19 09:04:41.247,2521.0000,426934,-40,0.0000,40.0000,0,40,双平,B,2520.0000,0.0000,0.0000,0.0000,0.0000,2521.0000,0.0000,0.0000,0.0000,0.0000,260,0,0,0,0,156,0,0,0,0
zc,WS301,2012-06-19 09:04:41.823,2522.0000,426778,-156,0.0000,466.0000,155,311,空平,B,2521.0000,0.0000,0.0000,0.0000,0.0000,2522.0000,0.0000,0.0000,0.0000,0.0000,223,0,0,0,0,604,0,0,0,0
zc,WS301,2012-06-19 09:04:42.557,2521.0000,426778,0,0.0000,82.0000,41,41,空换,S,2521.0000,0.0000,0.0000,0.0000,0.0000,2522.0000,0.0000,0.0000,0.0000,0.0000,225,0,0,0,0,564,0,0,0,0
zc,WS301,2012-06-19 09:04:43.027,2521.0000,426778,0,0.0000,4.0000,2,2,空换,S,2521.0000,0.0000,0.0000,0.0000,0.0000,2522.0000,0.0000,0.0000,0.0000,0.0000,226,0,0,0,0,562,0,0,0,0
zc,WS301,2012-06-19 09:04:43.793,2521.0000,426778,0,0.0000,0.0000,0,0,空换,S,2521.0000,0.0000,0.0000,0.0000,0.0000,2522.0000,0.0000,0.0000,0.0000,0.0000,240,0,0,0,0,562,0,0,0,0
zc,WS301,2012-06-19 09:04:45.057,2521.0000,426778,0,0.0000,0.0000,0,0,空换,S,2521.0000,0.0000,0.0000,0.0000,0.0000,2522.0000,0.0000,0.0000,0.0000,0.0000,255,0,0,0,0,562,0,0,0,0
zc,WS301,2012-06-19 09:04:45.573,2521.0000,426778,0,0.0000,0.0000,0,0,空换,S,2521.0000,0.0000,0.0000,0.0000,0.0000,2522.0000,0.0000,0.0000,0.0000,0.0000,255,0,0,0,0,561,0,0,0,0
zc,WS301,2012-06-19 09:04:46.087,2522.0000,426778,0,0.0000,2.0000,1,1,多换,B,2521.0000,0.0000,0.0000,0.0000,0.0000,2522.0000,0.0000,0.0000,0.0000,0.0000,255,0,0,0,0,561,0,0,0,0
zc,WS301,2012-06-19 09:04:46.747,2521.0000,426750,-28,0.0000,94.0000,33,61,多平,S,2521.0000,0.0000,0.0000,0.0000,0.0000,2522.0000,0.0000,0.0000,0.0000,0.0000,210,0,0,0,0,583,0,0,0,0
zc,WS301,2012-06-19 09:04:47.637,2522.0000,426750,0,0.0000,2.0000,1,1,多换,B,2521.0000,0.0000,0.0000,0.0000,0.0000,2522.0000,0.0000,0.0000,0.0000,0.0000,225,0,0,0,0,582,0,0,0,0
zc,WS301,2012-06-19 09:04:48.823,2522.0000,426750,0,0.0000,0.0000,0,0,多换,B,2521.0000,0.0000,0.0000,0.0000,0.0000,2522.0000,0.0000,0.0000,0.0000,0.0000,125,0,0,0,0,583,0,0,0,0
zc,WS301,2012-06-19 09:04:49.277,2521.0000,426710,-40,0.0000,40.0000,0,40,双平,S,2521.0000,0.0000,0.0000,0.0000,0.0000,2522.0000,0.0000,0.0000,0.0000,0.0000,107,0,0,0,0,583,0,0,0,0
zc,WS301,2012-06-19 09:04:50.027,2522.0000,426710,0,0.0000,4.0000,2,2,多换,B,2521.0000,0.0000,0.0000,0.0000,0.0000,2522.0000,0.0000,0.0000,0.0000,0.0000,156,0,0,0,0,581,0,0,0,0
zc,WS301,2012-06-19 09:04:50.573,2522.0000,426710,0,0.0000,2.0000,1,1,多换,B,2521.0000,0.0000,0.0000,0.0000,0.0000,2522.0000,0.0000,0.0000,0.0000,0.0000,156,0,0,0,0,580,0,0,0,0
zc,WS301,2012-06-19 09:04:51.260,2521.0000,426710,0,0.0000,20.0000,10,10,空换,S,2521.0000,0.0000,0.0000,0.0000,0.0000,2522.0000,0.0000,0.0000,0.0000,0.0000,151,0,0,0,0,550,0,0,0,0
zc,WS301,2012-06-19 09:04:52.043,2521.0000,426710,0,0.0000,0.0000,0,0,空换,S,2521.0000,0.0000,0.0000,0.0000,0.0000,2522.0000,0.0000,0.0000,0.0000,0.0000,168,0,0,0,0,550,0,0,0,0
zc,WS301,2012-06-19 09:04:52.557,2521.0000,426710,0,0.0000,0.0000,0,0,空换,S,2521.0000,0.0000,0.0000,0.0000,0.0000,2522.0000,0.0000,0.0000,0.0000,0.0000,118,0,0,0,0,551,0,0,0,0
zc,WS301,2012-06-19 09:04:53.043,2522.0000,426710,0,0.0000,22.0000,11,11,多换,B,2521.0000,0.0000,0.0000,0.0000,0.0000,2522.0000,0.0000,0.0000,0.0000,0.0000,138,0,0,0,0,540,0,0,0,0
zc,WS301,2012-06-19 09:04:53.807,2522.0000,426708,-2,0.0000,2.0000,0,2,双平,B,2521.0000,0.0000,0.0000,0.0000,0.0000,2522.0000,0.0000,0.0000,0.0000,0.0000,138,0,0,0,0,539,0,0,0,0
zc,WS301,2012-06-19 09:04:54.307,2522.0000,426706,-2,0.0000,4.0000,1,3,空平,B,2521.0000,0.0000,0.0000,0.0000,0.0000,2522.0000,0.0000,0.0000,0.0000,0.0000,138,0,0,0,0,537,0,0,0,0
zc,WS301,2012-06-19 09:04:55.057,2522.0000,426702,-4,0.0000,4.0000,0,4,双平,B,2521.0000,0.0000,0.0000,0.0000,0.0000,2522.0000,0.0000,0.0000,0.0000,0.0000,141,0,0,0,0,535,0,0,0,0
zc,WS301,2012-06-19 09:04:55.543,2522.0000,426698,-4,0.0000,4.0000,0,4,双平,B,2521.0000,0.0000,0.0000,0.0000,0.0000,2522.0000,0.0000,0.0000,0.0000,0.0000,140,0,0,0,0,535,0,0,0,0
zc,WS301,2012-06-19 09:04:56.323,2522.0000,426800,102,0.0000,410.0000,256,154,多开,B,2521.0000,0.0000,0.0000,0.0000,0.0000,2522.0000,0.0000,0.0000,0.0000,0.0000,90,0,0,0,0,384,0,0,0,0
zc,WS301,2012-06-19 09:04:57.073,2522.0000,426800,0,0.0000,0.0000,0,0,多换,B,2521.0000,0.0000,0.0000,0.0000,0.0000,2522.0000,0.0000,0.0000,0.0000,0.0000,90,0,0,0,0,404,0,0,0,0
zc,WS301,2012-06-19 09:04:57.527,2522.0000,426800,0,0.0000,2.0000,1,1,多换,B,2521.0000,0.0000,0.0000,0.0000,0.0000,2522.0000,0.0000,0.0000,0.0000,0.0000,91,0,0,0,0,402,0,0,0,0
zc,WS301,2012-06-19 09:04:58.807,2522.0000,426800,0,0.0000,0.0000,0,0,多换,B,2521.0000,0.0000,0.0000,0.0000,0.0000,2522.0000,0.0000,0.0000,0.0000,0.0000,92,0,0,0,0,407,0,0,0,0
zc,WS301,2012-06-19 09:04:59.277,2522.0000,426796,-4,0.0000,322.0000,159,163,空平,B,2521.0000,0.0000,0.0000,0.0000,0.0000,2522.0000,0.0000,0.0000,0.0000,0.0000,82,0,0,0,0,256,0,0,0,0
zc,WS301,2012-06-19 09:04:59.807,2522.0000,426796,0,0.0000,4.0000,2,2,多换,B,2521.0000,0.0000,0.0000,0.0000,0.0000,2522.0000,0.0000,0.0000,0.0000,0.0000,188,0,0,0,0,254,0,0,0,0
zc,WS301,2012-06-19 09:05:00.527,2522.0000,426796,0,0.0000,4.0000,2,2,多换,B,2521.0000,0.0000,0.0000,0.0000,0.0000,2522.0000,0.0000,0.0000,0.0000,0.0000,188,0,0,0,0,253,0,0,0,0
zc,WS301,2012-06-19 09:05:00.837,2522.0000,426796,0,0.0000,0.0000,0,0,多换,B,2521.0000,0.0000,0.0000,0.0000,0.0000,2522.0000,0.0000,0.0000,0.0000,0.0000,201,0,0,0,0,252,0,0,0,0
zc,WS301,2012-06-19 09:05:02.087,2521.0000,426934,138,0.0000,160.0000,149,11,空开,S,2521.0000,0.0000,0.0000,0.0000,0.0000,2522.0000,0.0000,0.0000,0.0000,0.0000,131,0,0,0,0,228,0,0,0,0
zc,WS301,2012-06-19 09:05:02.573,2522.0000,426932,-2,0.0000,4.0000,1,3,空平,B,2521.0000,0.0000,0.0000,0.0000,0.0000,2522.0000,0.0000,0.0000,0.0000,0.0000,146,0,0,0,0,226,0,0,0,0
zc,WS301,2012-06-19 09:05:03.353,2521.0000,426916,-16,0.0000,18.0000,1,17,多平,S,2521.0000,0.0000,0.0000,0.0000,0.0000,2522.0000,0.0000,0.0000,0.0000,0.0000,145,0,0,0,0,218,0,0,0,0
zc,WS301,2012-06-19 09:05:03.573,2522.0000,426916,0,0.0000,28.0000,14,14,多换,B,2521.0000,0.0000,0.0000,0.0000,0.0000,2522.0000,0.0000,0.0000,0.0000,0.0000,175,0,0,0,0,203,0,0,0,0
zc,WS301,2012-06-19 09:05:04.277,2522.0000,426910,-6,0.0000,22.0000,8,14,空平,B,2521.0000,0.0000,0.0000,0.0000,0.0000,2522.0000,0.0000,0.0000,0.0000,0.0000,171,0,0,0,0,202,0,0,0,0
zc,WS301,2012-06-19 09:05:04.807,2522.0000,426938,28,0.0000,402.0000,215,187,多开,B,2521.0000,0.0000,0.0000,0.0000,0.0000,2522.0000,0.0000,0.0000,0.0000,0.0000,186,0,0,0,0,2,0,0,0,0
zc,WS301,2012-06-19 09:05:05.510,2522.0000,426940,2,0.0000,2.0000,2,0,双开,B,2522.0000,0.0000,0.0000,0.0000,0.0000,2523.0000,0.0000,0.0000,0.0000,0.0000,99,0,0,0,0,71,0,0,0,0
zc,WS301,2012-06-19 09:05:05.997,2522.0000,426940,0,0.0000,0.0000,0,0,多换,B,2522.0000,0.0000,0.0000,0.0000,0.0000,2523.0000,0.0000,0.0000,0.0000,0.0000,106,0,0,0,0,71,0,0,0,0
zc,WS301,2012-06-19 09:05:06.807,2522.0000,426942,2,0.0000,6.0000,4,2,多开,B,2522.0000,0.0000,0.0000,0.0000,0.0000,2523.0000,0.0000,0.0000,0.0000,0.0000,105,0,0,0,0,69,0,0,0,0
zc,WS301,2012-06-19 09:05:07.510,2522.0000,426942,0,0.0000,0.0000,0,0,多换,B,2522.0000,0.0000,0.0000,0.0000,0.0000,2523.0000,0.0000,0.0000,0.0000,0.0000,117,0,0,0,0,69,0,0,0,0
zc,WS301,2012-06-19 09:05:08.293,2523.0000,426964,22,0.0000,22.0000,22,0,双开,B,2522.0000,0.0000,0.0000,0.0000,0.0000,2523.0000,0.0000,0.0000,0.0000,0.0000,117,0,0,0,0,70,0,0,0,0
zc,WS301,2012-06-19 09:05:08.807,2522.0000,426970,6,0.0000,6.0000,6,0,双开,S,2522.0000,0.0000,0.0000,0.0000,0.0000,2523.0000,0.0000,0.0000,0.0000,0.0000,118,0,0,0,0,69,0,0,0,0
zc,WS301,2012-06-19 09:05:09.260,2522.0000,426970,0,0.0000,0.0000,0,0,空换,S,2522.0000,0.0000,0.0000,0.0000,0.0000,2523.0000,0.0000,0.0000,0.0000,0.0000,121,0,0,0,0,68,0,0,0,0
zc,WS301,2012-06-19 09:05:10.043,2522.0000,426970,0,0.0000,0.0000,0,0,空换,S,2522.0000,0.0000,0.0000,0.0000,0.0000,2523.0000,0.0000,0.0000,0.0000,0.0000,120,0,0,0,0,68,0,0,0,0
zc,WS301,2012-06-19 09:05:11.073,2523.0000,426970,0,0.0000,2.0000,1,1,多换,B,2522.0000,0.0000,0.0000,0.0000,0.0000,2523.0000,0.0000,0.0000,0.0000,0.0000,120,0,0,0,0,67,0,0,0,0
zc,WS301,2012-06-19 09:05:11.557,2523.0000,426960,-10,0.0000,10.0000,0,10,双平,B,2522.0000,0.0000,0.0000,0.0000,0.0000,2523.0000,0.0000,0.0000,0.0000,0.0000,120,0,0,0,0,61,0,0,0,0
zc,WS301,2012-06-19 09:05:12.260,2523.0000,426964,4,0.0000,14.0000,9,5,多开,B,2522.0000,0.0000,0.0000,0.0000,0.0000,2523.0000,0.0000,0.0000,0.0000,0.0000,156,0,0,0,0,54,0,0,0,0
zc,WS301,2012-06-19 09:05:12.777,2522.0000,426964,0,0.0000,52.0000,26,26,空换,S,2522.0000,0.0000,0.0000,0.0000,0.0000,2523.0000,0.0000,0.0000,0.0000,0.0000,130,0,0,0,0,53,0,0,0,0
zc,WS301,2012-06-19 09:05:13.527,2522.0000,426964,0,0.0000,0.0000,0,0,空换,S,2522.0000,0.0000,0.0000,0.0000,0.0000,2523.0000,0.0000,0.0000,0.0000,0.0000,140,0,0,0,0,71,0,0,0,0
zc,WS301,2012-06-19 09:05:13.997,2523.0000,426976,12,0.0000,20.0000,16,4,多开,B,2522.0000,0.0000,0.0000,0.0000,0.0000,2523.0000,0.0000,0.0000,0.0000,0.0000,141,0,0,0,0,61,0,0,0,0
zc,WS301,2012-06-19 09:05:14.497,2523.0000,426978,2,0.0000,4.0000,3,1,多开,B,2522.0000,0.0000,0.0000,0.0000,0.0000,2523.0000,0.0000,0.0000,0.0000,0.0000,147,0,0,0,0,92,0,0,0,0
zc,WS301,2012-06-19 09:05:15.247,2522.0000,426996,18,0.0000,40.0000,29,11,空开,S,2522.0000,0.0000,0.0000,0.0000,0.0000,2523.0000,0.0000,0.0000,0.0000,0.0000,137,0,0,0,0,82,0,0,0,0
zc,WS301,2012-06-19 09:05:15.747,2522.0000,426996,0,0.0000,50.0000,25,25,空换,S,2522.0000,0.0000,0.0000,0.0000,0.0000,2523.0000,0.0000,0.0000,0.0000,0.0000,119,0,0,0,0,77,0,0,0,0
zc,WS301,2012-06-19 09:05:16.260,2523.0000,426970,-26,0.0000,36.0000,5,31,空平,B,2522.0000,0.0000,0.0000,0.0000,0.0000,2523.0000,0.0000,0.0000,0.0000,0.0000,125,0,0,0,0,60,0,0,0,0
zc,WS301,2012-06-19 09:05:16.760,2523.0000,426950,-20,0.0000,20.0000,0,20,双平,B,2522.0000,0.0000,0.0000,0.0000,0.0000,2523.0000,0.0000,0.0000,0.0000,0.0000,125,0,0,0,0,50,0,0,0,0
zc,WS301,2012-06-19 09:05:17.527,2522.0000,426950,0,0.0000,32.0000,16,16,空换,S,2522.0000,0.0000,0.0000,0.0000,0.0000,2523.0000,0.0000,0.0000,0.0000,0.0000,110,0,0,0,0,49,0,0,0,0
zc,WS301,2012-06-19 09:05:18.057,2523.0000,426952,2,0.0000,174.0000,88,86,多开,B,2523.0000,0.0000,0.0000,0.0000,0.0000,2524.0000,0.0000,0.0000,0.0000,0.0000,17,0,0,0,0,365,0,0,0,0
zc,WS301,2012-06-19 09:05:18.747,2523.0000,426952,0,0.0000,202.0000,101,101,多换,B,2523.0000,0.0000,0.0000,0.0000,0.0000,2524.0000,0.0000,0.0000,0.0000,0.0000,20,0,0,0,0,266,0,0,0,0
zc,WS301,2012-06-19 09:05:19.230,2523.0000,426952,0,0.0000,0.0000,0,0,多换,B,2523.0000,0.0000,0.0000,0.0000,0.0000,2524.0000,0.0000,0.0000,0.0000,0.0000,21,0,0,0,0,307,0,0,0,0
zc,WS301,2012-06-19 09:05:19.730,2523.0000,426952,0,0.0000,0.0000,0,0,多换,B,2523.0000,0.0000,0.0000,0.0000,0.0000,2524.0000,0.0000,0.0000,0.0000,0.0000,45,0,0,0,0,308,0,0,0,0
zc,WS301,2012-06-19 09:05:20.527,2524.0000,426952,0,0.0000,10.0000,5,5,多换,B,2523.0000,0.0000,0.0000,0.0000,0.0000,2524.0000,0.0000,0.0000,0.0000,0.0000,61,0,0,0,0,296,0,0,0,0
zc,WS301,2012-06-19 09:05:21.793,2524.0000,426918,-34,0.0000,60.0000,13,47,空平,B,2523.0000,0.0000,0.0000,0.0000,0.0000,2524.0000,0.0000,0.0000,0.0000,0.0000,49,0,0,0,0,275,0,0,0,0
zc,WS301,2012-06-19 09:05:22.510,2524.0000,426918,0,0.0000,2.0000,1,1,多换,B,2523.0000,0.0000,0.0000,0.0000,0.0000,2524.0000,0.0000,0.0000,0.0000,0.0000,50,0,0,0,0,274,0,0,0,0
zc,WS301,2012-06-19 09:05:23.010,2523.0000,427032,114,0.0000,120.0000,117,3,空开,S,2522.0000,0.0000,0.0000,0.0000,0.0000,2523.0000,0.0000,0.0000,0.0000,0.0000,115,0,0,0,0,4,0,0,0,0
zc,WS301,2012-06-19 09:05:23.527,2523.0000,427040,8,0.0000,8.0000,8,0,双开,S,2522.0000,0.0000,0.0000,0.0000,0.0000,2523.0000,0.0000,0.0000,0.0000,0.0000,115,0,0,0,0,47,0,0,0,0
zc,WS301,2012-06-19 09:05:24.277,2523.0000,427040,0,0.0000,0.0000,0,0,空换,S,2522.0000,0.0000,0.0000,0.0000,0.0000,2523.0000,0.0000,0.0000,0.0000,0.0000,94,0,0,0,0,79,0,0,0,0
zc,WS301,2012-06-19 09:05:24.760,2523.0000,427038,-2,0.0000,2.0000,0,2,双平,S,2522.0000,0.0000,0.0000,0.0000,0.0000,2523.0000,0.0000,0.0000,0.0000,0.0000,89,0,0,0,0,79,0,0,0,0
zc,WS301,2012-06-19 09:05:25.230,2523.0000,427038,0,0.0000,10.0000,5,5,空换,S,2522.0000,0.0000,0.0000,0.0000,0.0000,2523.0000,0.0000,0.0000,0.0000,0.0000,90,0,0,0,0,104,0,0,0,0
zc,WS301,2012-06-19 09:05:25.747,2523.0000,427032,-6,0.0000,18.0000,6,12,多平,S,2522.0000,0.0000,0.0000,0.0000,0.0000,2523.0000,0.0000,0.0000,0.0000,0.0000,75,0,0,0,0,101,0,0,0,0
zc,WS301,2012-06-19 09:05:26.480,2523.0000,427026,-6,0.0000,6.0000,0,6,双平,S,2522.0000,0.0000,0.0000,0.0000,0.0000,2523.0000,0.0000,0.0000,0.0000,0.0000,75,0,0,0,0,101,0,0,0,0
zc,WS301,2012-06-19 09:05:26.997,2523.0000,427026,0,0.0000,0.0000,0,0,空换,S,2522.0000,0.0000,0.0000,0.0000,0.0000,2523.0000,0.0000,0.0000,0.0000,0.0000,74,0,0,0,0,102,0,0,0,0
zc,WS301,2012-06-19 09:05:27.603,2523.0000,427024,-2,0.0000,22.0000,10,12,多平,S,2522.0000,0.0000,0.0000,0.0000,0.0000,2523.0000,0.0000,0.0000,0.0000,0.0000,76,0,0,0,0,100,0,0,0,0
zc,WS301,2012-06-19 09:05:28.260,2522.0000,427022,-2,0.0000,8.0000,3,5,多平,S,2522.0000,0.0000,0.0000,0.0000,0.0000,2523.0000,0.0000,0.0000,0.0000,0.0000,72,0,0,0,0,100,0,0,0,0
zc,WS301,2012-06-19 09:05:28.777,2523.0000,427022,0,0.0000,6.0000,3,3,多换,B,2522.0000,0.0000,0.0000,0.0000,0.0000,2523.0000,0.0000,0.0000,0.0000,0.0000,74,0,0,0,0,99,0,0,0,0
zc,WS301,2012-06-19 09:05:29.293,2523.0000,427012,-10,0.0000,34.0000,12,22,空平,B,2522.0000,0.0000,0.0000,0.0000,0.0000,2523.0000,0.0000,0.0000,0.0000,0.0000,74,0,0,0,0,82,0,0,0,0
zc,WS301,2012-06-19 09:05:29.793,2523.0000,427012,0,0.0000,4.0000,2,2,多换,B,2522.0000,0.0000,0.0000,0.0000,0.0000,2523.0000,0.0000,0.0000,0.0000,0.0000,84,0,0,0,0,80,0,0,0,0
zc,WS301,2012-06-19 09:05:30.527,2523.0000,427012,0,0.0000,0.0000,0,0,多换,B,2522.0000,0.0000,0.0000,0.0000,0.0000,2523.0000,0.0000,0.0000,0.0000,0.0000,85,0,0,0,0,83,0,0,0,0
zc,WS301,2012-06-19 09:05:30.980,2523.0000,427012,0,0.0000,10.0000,5,5,多换,B,2522.0000,0.0000,0.0000,0.0000,0.0000,2523.0000,0.0000,0.0000,0.0000,0.0000,86,0,0,0,0,109,0,0,0,0
zc,WS301,2012-06-19 09:05:31.510,2523.0000,427012,0,0.0000,4.0000,2,2,多换,B,2522.0000,0.0000,0.0000,0.0000,0.0000,2523.0000,0.0000,0.0000,0.0000,0.0000,86,0,0,0,0,107,0,0,0,0
zc,WS301,2012-06-19 09:05:32.323,2523.0000,427012,0,0.0000,2.0000,1,1,多换,B,2522.0000,0.0000,0.0000,0.0000,0.0000,2523.0000,0.0000,0.0000,0.0000,0.0000,86,0,0,0,0,106,0,0,0,0
zc,WS301,2012-06-19 09:05:32.747,2523.0000,427012,0,0.0000,2.0000,1,1,多换,B,2522.0000,0.0000,0.0000,0.0000,0.0000,2523.0000,0.0000,0.0000,0.0000,0.0000,86,0,0,0,0,105,0,0,0,0
zc,WS301,2012-06-19 09:05:33.573,2523.0000,427000,-12,0.0000,14.0000,1,13,空平,B,2522.0000,0.0000,0.0000,0.0000,0.0000,2523.0000,0.0000,0.0000,0.0000,0.0000,83,0,0,0,0,111,0,0,0,0
zc,WS301,2012-06-19 09:05:33.747,2523.0000,427000,0,0.0000,0.0000,0,0,多换,B,2522.0000,0.0000,0.0000,0.0000,0.0000,2523.0000,0.0000,0.0000,0.0000,0.0000,85,0,0,0,0,111,0,0,0,0
zc,WS301,2012-06-19 09:05:34.480,2523.0000,427000,0,0.0000,0.0000,0,0,多换,B,2522.0000,0.0000,0.0000,0.0000,0.0000,2523.0000,0.0000,0.0000,0.0000,0.0000,88,0,0,0,0,111,0,0,0,0
zc,WS301,2012-06-19 09:05:35.010,2523.0000,427024,24,0.0000,202.0000,113,89,多开,B,2522.0000,0.0000,0.0000,0.0000,0.0000,2523.0000,0.0000,0.0000,0.0000,0.0000,82,0,0,0,0,12,0,0,0,0
zc,WS301,2012-06-19 09:05:35.777,2522.0000,427022,-2,0.0000,2.0000,0,2,双平,S,2522.0000,0.0000,0.0000,0.0000,0.0000,2523.0000,0.0000,0.0000,0.0000,0.0000,81,0,0,0,0,11,0,0,0,0
zc,WS301,2012-06-19 09:05:36.260,2523.0000,427022,0,0.0000,4.0000,2,2,多换,B,2522.0000,0.0000,0.0000,0.0000,0.0000,2523.0000,0.0000,0.0000,0.0000,0.0000,82,0,0,0,0,10,0,0,0,0
zc,WS301,2012-06-19 09:05:37.027,2523.0000,427020,-2,0.0000,10.0000,4,6,空平,B,2522.0000,0.0000,0.0000,0.0000,0.0000,2523.0000,0.0000,0.0000,0.0000,0.0000,82,0,0,0,0,5,0,0,0,0
zc,WS301,2012-06-19 09:05:37.497,2523.0000,427024,4,0.0000,4.0000,4,0,双开,B,2522.0000,0.0000,0.0000,0.0000,0.0000,2523.0000,0.0000,0.0000,0.0000,0.0000,108,0,0,0,0,38,0,0,0,0
zc,WS301,2012-06-19 09:05:38.793,2523.0000,427028,4,0.0000,4.0000,4,0,双开,B,2522.0000,0.0000,0.0000,0.0000,0.0000,2523.0000,0.0000,0.0000,0.0000,0.0000,108,0,0,0,0,47,0,0,0,0
zc,WS301,2012-06-19 09:05:39.247,2522.0000,427026,-2,0.0000,2.0000,0,2,双平,S,2522.0000,0.0000,0.0000,0.0000,0.0000,2523.0000,0.0000,0.0000,0.0000,0.0000,107,0,0,0,0,49,0,0,0,0
zc,WS301,2012-06-19 09:05:39.760,2523.0000,427028,2,0.0000,10.0000,6,4,多开,B,2522.0000,0.0000,0.0000,0.0000,0.0000,2523.0000,0.0000,0.0000,0.0000,0.0000,109,0,0,0,0,44,0,0,0,0
zc,WS301,2012-06-19 09:05:40.247,2522.0000,427010,-18,0.0000,62.0000,22,40,多平,S,2522.0000,0.0000,0.0000,0.0000,0.0000,2523.0000,0.0000,0.0000,0.0000,0.0000,79,0,0,0,0,48,0,0,0,0
zc,WS301,2012-06-19 09:05:41.027,2523.0000,427010,0,0.0000,46.0000,23,23,多换,B,2522.0000,0.0000,0.0000,0.0000,0.0000,2523.0000,0.0000,0.0000,0.0000,0.0000,78,0,0,0,0,25,0,0,0,0
zc,WS301,2012-06-19 09:05:41.510,2523.0000,427010,0,0.0000,0.0000,0,0,多换,B,2522.0000,0.0000,0.0000,0.0000,0.0000,2523.0000,0.0000,0.0000,0.0000,0.0000,82,0,0,0,0,25,0,0,0,0
zc,WS301,2012-06-19 09:05:42.277,2523.0000,427010,0,0.0000,2.0000,1,1,多换,B,2522.0000,0.0000,0.0000,0.0000,0.0000,2523.0000,0.0000,0.0000,0.0000,0.0000,82,0,0,0,0,24,0,0,0,0
zc,WS301,2012-06-19 09:05:43.247,2523.0000,427010,0,0.0000,16.0000,8,8,多换,B,2522.0000,0.0000,0.0000,0.0000,0.0000,2523.0000,0.0000,0.0000,0.0000,0.0000,84,0,0,0,0,16,0,0,0,0
zc,WS301,2012-06-19 09:05:43.980,2523.0000,427012,2,0.0000,36.0000,19,17,多开,B,2523.0000,0.0000,0.0000,0.0000,0.0000,2524.0000,0.0000,0.0000,0.0000,0.0000,33,0,0,0,0,318,0,0,0,0
zc,WS301,2012-06-19 09:05:44.260,2523.0000,427012,0,0.0000,0.0000,0,0,多换,B,2523.0000,0.0000,0.0000,0.0000,0.0000,2524.0000,0.0000,0.0000,0.0000,0.0000,36,0,0,0,0,318,0,0,0,0
zc,WS301,2012-06-19 09:05:45.043,2523.0000,427012,0,0.0000,0.0000,0,0,多换,B,2523.0000,0.0000,0.0000,0.0000,0.0000,2524.0000,0.0000,0.0000,0.0000,0.0000,61,0,0,0,0,318,0,0,0,0
zc,WS301,2012-06-19 09:05:45.557,2523.0000,427012,0,0.0000,0.0000,0,0,多换,B,2523.0000,0.0000,0.0000,0.0000,0.0000,2524.0000,0.0000,0.0000,0.0000,0.0000,92,0,0,0,0,318,0,0,0,0
zc,WS301,2012-06-19 09:05:46.293,2523.0000,427020,8,0.0000,8.0000,8,0,双开,B,2523.0000,0.0000,0.0000,0.0000,0.0000,2524.0000,0.0000,0.0000,0.0000,0.0000,88,0,0,0,0,318,0,0,0,0
zc,WS301,2012-06-19 09:05:46.807,2523.0000,427022,2,0.0000,2.0000,2,0,双开,B,2523.0000,0.0000,0.0000,0.0000,0.0000,2524.0000,0.0000,0.0000,0.0000,0.0000,92,0,0,0,0,319,0,0,0,0
zc,WS301,2012-06-19 09:05:47.353,2523.0000,427022,0,0.0000,0.0000,0,0,多换,B,2523.0000,0.0000,0.0000,0.0000,0.0000,2524.0000,0.0000,0.0000,0.0000,0.0000,92,0,0,0,0,299,0,0,0,0
zc,WS301,2012-06-19 09:05:48.073,2523.0000,427022,0,0.0000,0.0000,0,0,多换,B,2523.0000,0.0000,0.0000,0.0000,0.0000,2524.0000,0.0000,0.0000,0.0000,0.0000,94,0,0,0,0,284,0,0,0,0
zc,WS301,2012-06-19 09:05:48.527,2524.0000,427022,0,0.0000,2.0000,1,1,多换,B,2523.0000,0.0000,0.0000,0.0000,0.0000,2524.0000,0.0000,0.0000,0.0000,0.0000,94,0,0,0,0,283,0,0,0,0
zc,WS301,2012-06-19 09:05:49.010,2524.0000,427022,0,0.0000,2.0000,1,1,多换,B,2523.0000,0.0000,0.0000,0.0000,0.0000,2524.0000,0.0000,0.0000,0.0000,0.0000,104,0,0,0,0,279,0,0,0,0
zc,WS301,2012-06-19 09:05:49.557,2523.0000,427022,0,0.0000,2.0000,1,1,空换,S,2523.0000,0.0000,0.0000,0.0000,0.0000,2524.0000,0.0000,0.0000,0.0000,0.0000,104,0,0,0,0,279,0,0,0,0
zc,WS301,2012-06-19 09:05:50.307,2523.0000,427022,0,0.0000,2.0000,1,1,空换,S,2523.0000,0.0000,0.0000,0.0000,0.0000,2524.0000,0.0000,0.0000,0.0000,0.0000,112,0,0,0,0,278,0,0,0,0
zc,WS301,2012-06-19 09:05:50.730,2524.0000,427022,0,0.0000,12.0000,6,6,多换,B,2523.0000,0.0000,0.0000,0.0000,0.0000,2524.0000,0.0000,0.0000,0.0000,0.0000,112,0,0,0,0,285,0,0,0,0
zc,WS301,2012-06-19 09:05:51.260,2523.0000,427022,0,0.0000,6.0000,3,3,空换,S,2523.0000,0.0000,0.0000,0.0000,0.0000,2524.0000,0.0000,0.0000,0.0000,0.0000,111,0,0,0,0,283,0,0,0,0
zc,WS301,2012-06-19 09:05:51.997,2523.0000,427022,0,0.0000,0.0000,0,0,空换,S,2523.0000,0.0000,0.0000,0.0000,0.0000,2524.0000,0.0000,0.0000,0.0000,0.0000,125,0,0,0,0,284,0,0,0,0
zc,WS301,2012-06-19 09:05:52.497,2524.0000,427022,0,0.0000,2.0000,1,1,多换,B,2523.0000,0.0000,0.0000,0.0000,0.0000,2524.0000,0.0000,0.0000,0.0000,0.0000,126,0,0,0,0,262,0,0,0,0
zc,WS301,2012-06-19 09:05:53.260,2524.0000,427022,0,0.0000,4.0000,2,2,多换,B,2523.0000,0.0000,0.0000,0.0000,0.0000,2524.0000,0.0000,0.0000,0.0000,0.0000,126,0,0,0,0,260,0,0,0,0
zc,WS301,2012-06-19 09:05:53.527,2524.0000,427022,0,0.0000,0.0000,0,0,多换,B,2523.0000,0.0000,0.0000,0.0000,0.0000,2524.0000,0.0000,0.0000,0.0000,0.0000,126,0,0,0,0,259,0,0,0,0
zc,WS301,2012-06-19 09:05:54.277,2524.0000,427022,0,0.0000,162.0000,81,81,多换,B,2523.0000,0.0000,0.0000,0.0000,0.0000,2524.0000,0.0000,0.0000,0.0000,0.0000,130,0,0,0,0,177,0,0,0,0
zc,WS301,2012-06-19 09:05:54.760,2524.0000,427036,14,0.0000,302.0000,158,144,多开,B,2523.0000,0.0000,0.0000,0.0000,0.0000,2524.0000,0.0000,0.0000,0.0000,0.0000,143,0,0,0,0,26,0,0,0,0
zc,WS301,2012-06-19 09:05:55.573,2524.0000,427062,26,0.0000,52.0000,39,13,多开,B,2524.0000,0.0000,0.0000,0.0000,0.0000,2525.0000,0.0000,0.0000,0.0000,0.0000,134,0,0,0,0,358,0,0,0,0
zc,WS301,2012-06-19 09:05:56.010,2525.0000,427060,-2,0.0000,2.0000,0,2,双平,B,2524.0000,0.0000,0.0000,0.0000,0.0000,2525.0000,0.0000,0.0000,0.0000,0.0000,167,0,0,0,0,370,0,0,0,0
zc,WS301,2012-06-19 09:05:56.543,2525.0000,427060,0,0.0000,0.0000,0,0,多换,B,2524.0000,0.0000,0.0000,0.0000,0.0000,2525.0000,0.0000,0.0000,0.0000,0.0000,170,0,0,0,0,365,0,0,0,0
